2956 4822
225 289 267 353 so
745 285 837 371 [ras]

224 487 333 545 κεσθαι
357 477 451 544 αολιῖι
479 477 539 562 ἤδη
566 477 716 562 χρόνον1;
740 498 833 561 quarn
857 477 989 545 eandem
1012 501 1079 544 rem
1102 480 1187 566 apud
1217 481 1357 548 Boeotos

224 583 448 670 impedimento
465 583 573 663 fuisse,
598 583 764 667 quominus
788 582 902 646 iudicia
923 584 1044 662 tierent,
1068 583 1225 669 Polybius
1248 587 1356 650 refert.

329 687 406 751 Cum
439 688 537 771 igitur
570 687 642 751 lites
665 686 867 770 pecuniariae
898 687 1062 771 prohibitis
1085 688 1302 755 iurisdictione
1326 699 1357 753 ct

226 792 460 875 compromissis
473 797 605 874 propter
617 811 671 853 eas
686 811 764 873 quas
779 790 911 874 exposui
924 812 1046 872 causas,
1059 791 1140 856 adeo
1153 795 1358 874 coercuerint,

227 903 262 960 ut
274 898 299 959 si
312 894 452 977 legitimo
465 893 575 957 ordine
589 914 698 956 omues
711 893 785 955 illae
798 914 912 956 causac
925 892 1144 976 diiudicentur,
1162 906 1193 959 et
1206 896 1359 963 dilatione

226 999 395 1064 creditores
419 1004 450 1060 st
480 998 584 1061 usuris
613 996 748 1080 amplius
777 999 1028 1061 accrescentibus
1058 999 1219 1064 debitores
1243 1024 1283 1067 ne
1307 1004 1376 1066 obss

227 1111 374 1182 mantus,
404 1123 562 1165 summum
583 1102 624 1164 sit
647 1101 838 1186 periculum,
868 1102 951 1164 uiam
987 1102 1181 1167 demonstrat
1212 1129 1269 1169 rex
1300 1129 1360 1191 qua

228 1206 453 1290 compromissa
468 1214 500 1269 et
516 1205 630 1268 iudicia
650 1204 832 1267 adiuuanda
854 1205 926 1269 sint.
959 1205 1031 1268 Hoc
1053 1214 1162 1270 autem
1185 1211 1359 1273 remedium

226 1333 264 1375 ea
281 1312 466 1375 condicione
483 1311 662 1372 continetur
678 1329 771 1392 quam
789 1309 818 1371 in
834 1317 928 1392 pacto
945 1309 1038 1373 scribi
1054 1310 1237 1393 Antigonus
1253 1315 1358 1378 iubet:

227 1424 263 1479 ut
293 1415 321 1479 ei
351 1414 512 1478 debitores
542 1414 596 1496 qui
628 1413 804 1477 secundum
841 1412 898 1475 hoc
933 1421 1061 1495 pactum
1095 1417 1358 1500 compromissum

226 1541 297 1584 cum
321 1517 528 1583 creditoribus
560 1519 680 1592 ineant,
712 1539 753 1580 ex
786 1525 1044 1601 quantocumque
1076 1528 1220 1604 tempore
1248 1544 1359 1587 usuras

226 1647 289 1690 non
312 1623 482 1695 soluerint,
510 1642 572 1684 non
597 1622 669 1705 plus
692 1641 787 1703 quam
810 1620 939 1704 duplam
963 1628 1081 1684 sortem
1105 1624 1264 1706 pendant,
1295 1628 1358 1690 scil.

226 1735 353 1814 praeter
387 1727 467 1788 hauc
501 1725 601 1806 ipsam
635 1725 695 1786 100
719 1744 748 1805 p.
771 1745 814 1790 c..
847 1725 865 1787 i.
891 1746 917 1786 e.
941 1724 1062 1788 circiter
1097 1735 1169 1789 octo
1204 1749 1358 1810 annorum

227 1851 353 1896 usuras:
377 1831 429 1914 qui
453 1828 603 1891 iudicium
627 1827 764 1911 experiri
787 1826 913 1908 malint,
940 1826 1035 1890 totius
1058 1828 1183 1894 debitae
1206 1835 1359 1915 pecuniae

227 1937 415 2001 damnentur
450 1953 552 2016 usque
583 1931 621 1993 ad
648 1932 763 2013 subp.
787 1941 964 2015 epraeter
994 1940 1122 1997 sortem.
1169 1935 1358 2002 Hocenim

226 2038 421 2124 probabilius
456 2036 584 2100 uidetur
618 2056 713 2118 quam
749 2034 833 2117 quod
859 2034 1119 2118 Waddingtouus
1150 2041 1280 2104 statuit:
1314 2041 1359 2129 μή

227 2149 326 2207 πλεῖον
348 2142 506 2205 ὁιιιλιισιόσ
529 2138 744 2201 ἀπολύσασθαι
767 2141 809 2213 εἰς
833 2136 927 2200 τόκον.
972 2138 1052 2201 Naur
1078 2147 1112 2202 ut
1136 2140 1195 2204 hoc
1218 2152 1359 2228 praetcr-

227 2251 359 2325 mittam,
382 2243 597 2309 ἀπολύσασθαι
621 2243 753 2307 uerbum
778 2242 835 2304 hac
852 2243 1083 2324 significatione
1101 2246 1262 2310 insolitum
1279 2272 1357 2331 esse,

227 2360 261 2416 A
283 2361 389 2417 autem
419 2371 475 2434 pro
500 2352 531 2411 Δ
552 2349 582 2411 in
609 2349 678 2412 loco
710 2345 820 2410 mutilo
853 2347 946 2409 facile
975 2348 1037 2430 legi
1068 2352 1210 2432 potuisse
1234 2393 1273 2402 -—
1300 2356 1358 2419 hoo

226 2455 320 2520 modo
345 2455 492 2519 omnibns
516 2451 711 2516 debitoribus
729 2452 782 2535 qui
806 2451 908 2512 minus
924 2472 1018 2535 quam
1043 2454 1181 2522 sedecim
1206 2476 1357 2521 annornm

225 2583 337 2625 usuras
361 2581 425 2622 non
447 2559 627 2634 saloissam,
651 2556 690 2618 ad
715 2556 943 2638 compromissa
967 2557 1103 2620 incunda
1126 2560 1272 2624 stimulus
1295 2583 1356 2626 non

226 2667 331 2751 potuit
353 2662 527 2731 admoueri,
551 2683 622 2724 cum
646 2660 763 2743 alioqui
787 2680 898 2722 omnes
921 2661 973 2743 qui
996 2660 1067 2744 plus
1091 2683 1183 2747 quom
1209 2674 1281 2728 octo
1305 2688 1358 2730 an·

226 2789 336 2833 norum
360 2768 472 2831 fenora
485 2765 654 2843 debebant,
678 2764 761 2826 haud
788 2763 884 2827 dubio
910 2764 990 2827 bene
1006 2783 1113 2829 secum
1131 2768 1181 2848 agi
1199 2775 1357 2853 putarent,

225 2874 251 2938 si
277 2872 373 2955 dupla
397 2879 482 2934 sorte
506 2870 612 2933 soluta
635 2868 791 2934 dimittere
816 2876 945 2953 possent
969 2869 1150 2935 creditores.
1185 2870 1227 2933 Hi
1252 2885 1356 2938 autem

227 2999 296 3041 cum
335 2975 502 3038 terminum
542 2973 601 3036 sibi
638 2973 821 3056 impositum
856 2993 924 3035 esse
963 2972 1108 3037 uiderent
1144 2975 1227 3038 ultra
1265 2998 1357 3061 quom

225 3081 300 3145 nihil
326 3079 485 3163 accepturi
510 3083 634 3155 essent,
658 3096 731 3157 spes
755 3084 822 3138 erat
845 3075 915 3140 loro
939 3082 973 3137 ut
997 3076 1114 3139 diutius
1142 3099 1269 3142 manere
1296 3102 1355 3144 non

226 3184 355 3263 uellent,
379 3184 404 3246 si
428 3181 521 3245 modo
540 3181 764 3264 conspromisso
781 3178 947 3264 probanda
964 3180 1148 3244 condicione
1164 3181 1247 3247 facto
1263 3204 1357 3267 pecu·

225 3288 309 3350 niam
332 3286 598 3349 nanciscerentur.

328 3389 399 3453 Hoc
428 3409 525 3451 unum
558 3387 654 3469 igitur
684 3408 741 3449 rex
772 3387 840 3471 ipsc
870 3388 1047 3450 constituit:
1078 3394 1184 3454 cetera
1215 3389 1355 3455 uirorum

224 3493 396 3558 electorum
422 3492 556 3575 collegio
582 3490 876 3573 (σοιθηκογράφοις)
904 3491 1129 3574 permittuntur
1153 3492 1357 3559 deliberanda

224 3604 257 3660 et
278 3595 496 3682 proponenda,
521 3595 633 3679 quibus
657 3594 782 3676 legibus
806 3596 891 3658 etin
915 3615 977 3678 quo
1001 3571 1115 3660 iudicio
1139 3616 1255 3661 causac
1278 3599 1358 3664 inter

223 3700 317 3765 Teios
341 3709 372 3765 et
395 3699 554 3764 Lebedios
577 3706 683 3762 essent
706 3697 937 3761 diiudicandae.

750 3836 821 3917 §a

326 3968 389 4032 Sed
419 3988 476 4032 eac
509 3968 597 4051 leges
629 3966 668 4030 de
692 3967 806 4050 quibus
830 3965 874 4030 ita
897 3968 1100 4047 conuenerit,
1131 3987 1202 4031 cum
1233 3969 1276 4033 ad
1306 3990 1358 4034 eas

222 4078 344 4136 tanturn
376 4092 487 4136 causas
520 4071 648 4135 ualeant
678 4091 759 4155 quae
791 4069 932 4153 pendent
962 4071 1043 4133 iuter
1073 4072 1238 4156 utriusque
1273 4075 1358 4138 urbis

224 4176 308 4241 ciues
331 4197 369 4240 eo
393 4183 537 4260 tempore
561 4197 622 4260 quo
646 4174 706 4239 hoc
737 4172 876 4238 edictum
900 4175 1020 4256 editur,
1043 4184 1174 4239 cauetur
1196 4198 1237 4241 nc
1264 4178 1358 4242 etiam

303 4317 311 4351 ¹
322 4316 362 4368 Cf.
370 4314 418 4381 §Q
429 4317 471 4380 τῆς
478 4314 776 4381 δικαιοδοσῖαςῦλιιομίνης
783 4311 842 4384 παρ’
849 4311 936 4374 αὐτοῖς
943 4314 1032 4385 σχεδόν
1040 4315 1065 4375 ἓξ
1071 4320 1147 4367 οἴκασι
1155 4321 1195 4366 καὶ
1205 4316 1354 4368 αένῐιὲτοῖν.
