2954 4822
580 311 621 322 -
667 271 753 361 [159]
800 314 840 323 -
1237 279 1278 341 ss

229 462 325 527 Nunc
342 485 399 528 eas
416 465 567 550 strophas
584 486 848 550 percenseamus,
872 467 905 529 in
922 465 1038 551 quibus
1055 472 1112 531 sut
1127 468 1281 532 liberiore

144 566 239 630 modo
262 568 360 631 ionici
384 589 498 632 versus
515 575 549 632 et
565 569 777 634 choriambici
793 571 888 633 mixti
904 576 980 633 sunt
996 577 1053 634 aut
1067 571 1163 635 alicui
1185 572 1280 635 mixti

144 692 218 735 esse
242 671 481 757 quodammodo
505 674 607 739 videri
631 676 772 761 possint;
795 675 912 760 quibus
936 696 993 740 ess
1017 675 1174 739 addemus
1197 682 1280 739 stro-

144 775 236 861 phas,
263 799 348 862 quac
373 779 414 842 ob
437 780 520 844 alias
544 778 701 864 quasdam
725 781 875 846 licentias
899 781 1045 865 insignes
1070 789 1157 845 sunt:

441 993 446 1002 .
491 915 729 1003 Thesmophor.
754 920 924 981 352—357

290 1029 365 1093 XO.
394 1020 638 1111 ξυνευχόμεσθα
660 1026 754 1094 τέλεα
776 1027 836 1112 μὲν

394 1124 500 1211 πόλει,
523 1128 617 1198 τέλεα
641 1131 677 1197 δὲ
700 1127 794 1222 δήμῳ

393 1229 467 1300 τόδ’
493 1228 630 1321 εὕμματ)
657 1233 858 1321 ἐκγενέσθαι.

392 1335 433 1404 τὰ
457 1332 488 1404 δ’
514 1333 625 1426 ἄρισθ’
652 1335 748 1419 ὅσαις
770 1336 930 1429 προσήκει

393 1448 485 1513 νικᾶν
507 1443 678 1533 λεγούσας·
702 1443 825 1514 ὁπόσαι
850 1441 881 1513 ‹i'

393 1548 605 1631 ἐξαπατῶσιν
628 1548 876 1638 παραβαίνουσί
898 1576 933 1616 τε
955 1547 1032 1629 τοὺς

392 1650 508 1741 ὅρκους
530 1651 606 1734 τούς
628 1653 874 1739 νενομισμένους
897 1655 963 1719 κτλ.

144 2302 330 2389 Sequuntur
360 2305 510 2390 glyconci
548 2305 623 2369 inde
651 2304 691 2368 ab
720 2297 835 2387 ὅρκους
867 2298 944 2381 τοὺς
970 2304 1037 2369 κτλ.
1096 2303 1146 2368 De
1177 2310 1280 2368 metro

142 2429 292 2473 versuum
317 2413 401 2474 4-6
426 2432 488 2475 non
513 2411 593 2474 satis
617 2416 760 2481 constat;
785 2431 814 2475 v.
832 2412 893 2472 355
914 2418 971 2473 aut
988 2410 1113 2474 ionicus
1130 2403 1279 2475 ἆνακλιό-
1352 2425 1356 2434 ’

140 2536 236 2595 μενος
259 2520 309 2577 est
332 2521 388 2578 aut
417 2514 556 2579 dimeter
586 2515 743 2578 iambicus
776 2515 987 2578 catalecticus
1018 2523 1196 2600 anapaesto
1220 2537 1279 2600 pro

142 2617 252 2681 iambo
276 2619 308 2682 in
332 2619 437 2705 prima
461 2618 538 2684 sede
563 2619 741 2682 substituto
764 2618 912 2702 insignis.

226 2798 485 2863 Anacreontis
509 2800 727 2882 fragmentum
753 2799 794 2860 56
818 2796 878 2860 hoc
902 2804 959 2861 est·
977 2796 1034 2880 (of.
1058 2818 1089 2882 p.
1113 2797 1184 2870 35t:

282 2921 355 2994 οὐδ’
382 2918 423 2994 αὖ
445 2922 478 3013 μ’
504 2924 613 3006 ἐάσεις
634 2920 785 3011 μεθύοντ’
813 2921 920 2992 οἴκαδ’
948 2920 1127 3004 caelicis,-

142 3137 233 3200 euius
272 3143 414 3201 metrum
453 3142 509 3201 aut
544 3144 709 3222 tamquam
743 3177 1150 3216 .-ο.,.υο-,.οο.,
1174 3194 1190 3202 -
1222 3142 1279 3199 aut

139 3248 546 3326 tamquam.-o..‚oo.-
557 3284 713 3318 ......
732 3239 892 3326 explicari
907 3244 1025 3324 potest.
1060 3237 1157 3302 Hunc
1171 3240 1278 3303 locum

138 3345 283 3410 laudavit
312 3344 488 3409 scholiasta
516 3344 557 3408 ad
587 3343 710 3408 Aesch.
738 3342 847 3408 Prom.
874 3345 933 3407 128
966 3341 1073 3407 verbis
1103 3363 1181 3405 usus
1213 3342 1278 3406 his:

138 3447 237 3538 μηδὲν
268 3448 441 3536 φοβηθῇς]
470 3441 661 3533 ὁροθμός
686 3439 1002 3529 Ἀνακρεόντειός
1032 3443 1115 3509 ἐστι
1137 3446 1277 3509 κεκλα-

139 3551 280 3636 σμένος
302 3547 407 3637 πρὸς
434 3547 477 3616 τὸ
504 3545 755 3638 θρηνητικόν.
786 3545 973 3638 ἐπεδήμησε
1001 3543 1061 3634 γὰρ
1086 3549 1126 3636 τῇ
1146 3541 1279 3636 Ἀττικῇ

138 3653 277 3741 Κριτίου
305 3654 390 3741 ,ἐρῶν
422 3653 479 3720 καὶ
513 3648 640 3743 η’ρέσθη
677 3650 751 3719 λίαν
786 3658 857 3732 τοῖς
887 3652 998 3737 μέλεσι
1035 3655 1094 3717 τοῦ
1124 3654 1279 3738 τραγικοῦ

101 3763 106 3775 “
138 3760 313 3844 (Welcker
335 3768 441 3825 recte:
464 3756 595 3842 μέλεσιν
610 3750 710 3824 uisci
726 3757 744 3822 ὁ
759 3753 935 3844 τραγικός).
960 3755 1097 3841 ἐχρῶντο
1113 3754 1150 3821 δὲ
1165 3749 1278 3834 αὐτοῖς

138 3858 196 3930 οἰκ
210 3859 243 3929 ἐν
258 3863 359 3929 παντὶ
375 3859 480 3950 τόπῳ,
504 3855 571 3927 ἀλλ’
597 3859 630 3927 ἕν
645 3865 716 3940 τοῖς
740 3865 959 3953 θρηνητικοῖς,
976 3854 1020 3938 ὡς
1034 3857 1090 3924 καὶ
1108 3860 1279 3949 Σοφοκλῆς

141 3973 242 4055 Τυροῖ
266 3964 308 4054 β’.
337 3963 405 4034 ἔστι
431 3967 467 4032 δὲ
488 3961 585 4032 ταῦθ’
613 3962 714 4051 ὅμοια
735 3968 797 4053 τῷ·
822 3959 894 4032 οὐδ’
921 3956 963 4031 αὖ
985 3966 1084 4051 aul-st)

210 4163 228 4229 ¹)
248 4160 377 4229 Aeschyli
401 4163 473 4230 trag.
496 4159 636 4229 superstit.
656 4176 689 4212 ex
715 4176 767 4212 ree.
792 4159 823 4213 (l.
842 4157 986 4212 Dindorfii.
1012 4160 1078 4211 tom.
1099 4159 1138 4211 Ill
1161 4160 1274 4227 (Oxonii

138 4252 218 4318 1851)
237 4268 262 4318 p.
283 4249 322 4302 lai.
364 4248 493 4310 Conradt,
512 4248 563 4316 lyr.
583 4247 667 4300 Verso
687 4265 713 4315 p.
733 4248 773 4300 12.

1018 4332 1070 4383 12*
