3030 4816
279 279 320 344 aa
798 273 887 366 [384]

282 473 314 537 iu
349 473 537 540 carminibus
561 475 756 540 Aeolicis:
793 473 913 556 κᾶμμε,
942 464 1075 559 χᾶτερα,
1107 470 1301 560 xuiropo'pro,
1336 476 1431 564 goin,

280 580 375 668 arjyni,
400 579 488 670 κὴμὲ,
512 580 598 668 eripui,
621 577 744 656 καῦτας,
766 578 865 663 Zeira,
897 579 949 658 ώξ,
981 575 1069 662 tripos,
1099 583 1282 672 τώραμένῳ.
1334 585 1432 648 Bal·

282 689 301 752 b
312 689 321 751 i
332 686 387 749 lla
398 707 405 749 2
428 682 596 766 κᾶντιόχος,
618 682 721 749 xdioo’.

386 789 575 872 Saepissime
600 789 739 852 omnium
764 795 918 873 poetae
949 790 1129 867 scaenici
1153 790 1292 856 Attici
1318 795 1425 857 cresin

285 903 530 979 usurpauerunt,
553 912 687 976 quorum
711 893 859 977 exempla
880 893 957 957 uide
981 915 1085 978 supra.

384 998 454 1063 Iam
486 998 513 1060 si
545 998 730 1081 scriptorum
765 997 913 1080 exempla
945 1019 1016 1061 cum
1048 999 1306 1082 inscriptionibus
1338 1022 1426 1064 com-

282 1102 511 1188 parauerimus,
533 1107 667 1185 apparet
689 1101 834 1164 omnibus
850 1101 881 1163 in
897 1102 1051 1187 exemplis
1065 1102 1309 1185 inscriptionum
1326 1124 1424 1167 uoca-

282 1206 393 1271 bulum
413 1206 501 1290 prius
525 1225 649 1268 crassos
672 1209 727 1268 aut
749 1203 881 1267 articulo
904 1211 959 1267 aut
982 1204 1032 1267 καί
1054 1205 1167 1287 copula
1188 1204 1288 1283 elfici;
1314 1217 1424 1271 cetera

283 1310 433 1393 exempla
456 1315 512 1372 aut
535 1309 651 1372 reiecta
675 1307 727 1387 (of.
742 1306 913 1394 μήπιθεΐαν
928 1308 999 1389 eto.)
1023 1314 1077 1370 eut
1100 1307 1272 1372 admodum
1297 1311 1423 1375 incerta

284 1420 358 1478 sunt
381 1412 433 1494 (ol.
457 1409 575 1497 oripo'pu
598 1410 685 1494 etc).
723 1411 830 1475 Unum
856 1411 1077 1495 excipiendum
1099 1410 1155 1491 ἅμ,
1179 1411 1219 1475 cf.
1236 1434 1290 1499 pg.
1309 1416 1349 1477 21
1373 1437 1423 1501 sq.

284 1517 400 1602 Itaque
424 1537 463 1580 ex
486 1515 649 1579 titulorum
672 1514 733 1578 fide
756 1515 891 1578 orasis
914 1514 1102 1598 legitima
1124 1537 1203 1580 non
1235 1517 1422 1583 admitti·

284 1627 366 1701 tur,
410 1619 495 1683 nisi
539 1619 788 1683 uocabulum
830 1612 1081 1684 antecedens
1125 1626 1195 1682 aut
1235 1623 1419 1687 articuli

283 1724 410 1788 forma
448 1730 518 1786 aut
556 1723 624 1785 καί
662 1723 814 1806 copula
852 1731 923 1788 est.
978 1722 1155 1788 Ceterae
1192 1746 1335 1790 crases
1373 1727 1421 1790 ad

289 1834 498 1911 poetarum
530 1848 645 1889 usum
673 1826 899 1911 pertinent.

386 1930 632 2014 inscriptionum
666 1951 727 2014 ope
762 1930 934 1995 nonnullae
967 1930 1098 2013 regulae
1137 1935 1422 2014 grammaticorum

288 2034 446 2099 emendari
470 2045 623 2120 possunt:

390 2143 416 2201 1.
434 2139 595 2202 Articulus
608 2139 790 2222 saepissime
803 2160 874 2202 cum
883 2140 1029 2223 proxime
1042 2139 1203 2223 sequentis
1214 2139 1303 2206 uocis
1316 2145 1422 2207 uocali

286 2243 395 2307 initiali
420 2243 631 2326 coniungitur,
655 2264 735 2327 quae
759 2243 877 2306 uocalis
900 2243 925 2305 si
948 2270 967 2305 α
987 2250 1044 2323 est,
1068 2242 1191 2307 articuli
1214 2246 1346 2310 uocales
1369 2249 1422 2311 uel

287 2346 476 2430 diphthongi
493 2366 563 2409 curn
580 2347 682 2409 uocali
705 2373 724 2408 a
748 2346 832 2432 apud
848 2348 973 2411 Atticos
997 2368 1121 2430 semper
1144 2348 1328 2413 coalescunt
1353 2352 1386 2414 in
1403 2378 1422 2413 a

286 2451 426 2533 longum,
445 2458 479 2512 ut
495 2447 511 2512 d
526 2448 605 2531 ἀνήρ
620 2478 658 2501 --
673 2447 759 2532 ἁνήρ.
785 2450 871 2523 Ques
883 2472 1009 2514 craseos
1026 2449 1153 2529 formas,
1165 2451 1192 2514 si
1206 2449 1424 2518 Kuehnerum

287 2554 454 2635 audimus,
487 2552 661 2616 seeundum
697 2555 852 2617 rationem
890 2553 1023 2637 logicam
1062 2552 1201 2632 effictas,
1233 2574 1298 2617 non
1334 2566 1423 2621 recte

288 2659 402 2722 Atticis
425 2659 614 2740 sriptoribus
638 2659 709 2723 solis
729 2659 774 2722 ita
798 2657 890 2720 tribui
915 2658 1041 2737 abillo,
1065 2666 1101 2722 ut
1124 2664 1247 2722 ceteras
1266 2657 1423 2724 dialectos
1489 2688 1492 2693 ·

285 2763 441 2827 rationem
463 2763 668 2846 phoneticam
692 2763 781 2846 sequi
804 2762 898 2841 dicat,
927 2783 966 2825 ex
991 2763 1035 2827 eis
1058 2782 1138 2847 quae
1161 2782 1258 2846 supra
1280 2784 1423 2849 exposu-

285 2869 367 2931 imus
391 2857 515 2931 elucet.v

389 2971 418 3033 2.
450 2969 584 3054 Spiritus
613 2990 707 3053 asper
736 2970 767 3033 in
801 2971 881 3034 crasi
914 2971 1078 3051 retinetur,
1110 2970 1177 3033 siue
1208 2970 1348 3054 pertinet
1380 2971 1422 3035 ad

288 3075 453 3139 articulum
479 3071 585 3156 (ἁνήρ)
609 3075 676 3137 siue
700 3073 740 3135 ad
764 3074 957 3137 uocabulum
980 3093 1114 3158 sequens
1138 3072 1346 3157 (ticinium),
1361 3076 1423 3139 nisi

289 3178 374 3263 quod
397 3178 427 3241 in
450 3176 565 3241 Ionicis
589 3186 621 3241 et
649 3177 784 3242 Aeolicis
807 3179 961 3263 exemplis
984 3179 1015 3240 in
1039 3180 1117 3242 crasi
1140 3199 1267 3263 quoque
1292 3179 1425 3256 ψίλωσις

291 3303 371 3367 quae
388 3282 501 3345 dicitur
517 3287 638 3362 manet-3
662 3281 751 3344 uelut
769 3278 851 3368 rdpp
865 3280 991 3363 (Chius)
1007 3302 1065 3364 pro
1082 3287 1124 3368 τῇ
1139 3279 1229 3368 Ἥρῃ.
1245 3316 1284 3327 -
1303 3279 1426 3361 τῶμισυ

288 3383 456 3470 (Hesiodi
480 3406 537 3468 pro
560 3381 595 3447 τό
620 3383 720 3467 ἥμισυ.
751 3421 788 3430 -
821 3383 916 3462 rodni:
939 3385 1037 3448 Hom.
1064 3389 1090 3447 Ε
1110 3388 1172 3448 396
1195 3405 1253 3470 pro
1276 3383 1292 3446 d
1317 3384 1423 3461 αὐτός.

289 3524 326 3538 ·-
353 3486 444 3552 κῶττι
467 3488 630 3574 (Sapph.),
655 3485 738 3570 cd‘vpp
762 3488 919 3573 (Sapph.)‚
944 3487 1035 3553 xriioo'
1059 3488 1236 3572 (Balbilla).
1269 3527 1310 3538 —
1342 3487 1425 3554 Elea

287 3590 456 3657 disiectus:
477 3591 657 3672 κώπόταροι,
681 3590 863 3655 κύπαδυκίοι.

393 3698 422 3761 3.
457 3694 659 3759 Tbierscbius
693 3693 763 3777 (Gr.
794 3695 884 3776 §38,
917 3700 936 3760 4
965 3697 1039 3762 adn.
1065 3701 1098 3776 l)
1134 3704 1242 3761 contre
1275 3698 1425 3780 regulam

290 3819 386 3881 supra
409 3803 688 3861 commemoratam
711 3795 873 3884 κᾷντιιῦθα
896 3808 954 3864 etc.
981 3827 990 3861 ι
1014 3800 1191 3883 subscripto
1214 3800 1341 3864 instruit
1363 3801 1428 3866 hnc

291 3923 367 3966 usus
391 3902 525 3964 ratione:
571 3901 665 3978 „Man
690 3901 828 3965 schreibt
845 3904 925 3985 jetzt
948 3903 1120 3986 allgemein
1142 3903 1198 3966 das
1214 3903 1289 3966 Iota
1309 3904 1344 3967 in
1369 3903 1428 3971 der

290 4004 400 4069 Kresis
422 4026 482 4069 nur
506 4013 607 4084 unter‚
643 4025 733 4069 wenn
757 4026 789 4067 es
813 4028 869 4070 vor
893 4005 947 4070 der
970 4006 1080 4071 Krasis
1112 4005 1252 4071 zweimal
1284 4006 1326 4069 da
1351 4029 1429 4085 war,

291 4110 350 4174 wie
381 4110 411 4173 in
444 4102 532 4197 κᾷτα,
567 4109 653 4173 nicht
684 4130 773 4173 wenn
805 4132 865 4173 nur
898 4111 1024 4192 einnrel,
1055 4108 1137 4193 κάγώ
1166 4117 1245 4192 ,εῐαῐΐ
1276 4112 1325 4173 καὶ
1356 4111 1430 4194 ἐγώ.

292 4209 390 4275 Diese
412 4232 476 4275 von
497 4211 613 4276 Dawes
646 4212 711 4275 und
735 4213 857 4276 Porson
890 4214 1094 4297 emplohlene
1118 4211 1331 4278 Gewobnheit
1362 4216 1430 4294 hat,

292 4313 391 4381 soviel
414 4314 463 4379 ioh
490 4316 592 4399 weiss,
616 4316 687 4380 kein
712 4316 864 4381 Ausehen
888 4319 973 4383 eines
996 4319 1081 4383 alten
1098 4316 1355 4385 Gremnratilrers
1378 4321 1433 4393 lar
