2954 4822
227 264 265 326 rs
672 301 713 310 -
762 260 827 351 [οι]
876 302 915 311 -

225 443 423 538 ἀκροκόμοις
445 444 533 541 ἀμφὶ
556 447 691 533 κλάδοις

224 550 360 638 ἑζομένα
381 551 608 643 μονομότορος
630 556 724 643 ἐμοῖς

224 651 317 740 ἀχεσι
341 656 511 748 σὀνῳδόςς]

224 756 348 828 αἴλινον
371 760 551 851 αἰάγμασιν
574 754 598 830 δί
618 765 730 831 τοῖσδε
752 761 896 854 προκλαί
916 766 921 850 Ι
941 790 967 830 ιο

222 861 339 950 μονάδ’
366 864 471 934 αἰῶνα
493 865 655 951 διάξουσα
677 865 733 937 τὸν
755 864 777 936 ἀ
797 875 802 954 Ι
823 870 852 938 εἰ
1294 903 1359 943 reno

223 965 335 1056 χρόνον
357 971 390 1037 έν
412 972 650 1058 λειβομένοισιν
673 969 837 1061 δάκροσιν.

226 1067 296 1160 [τίν’
315 1073 373 1140 ἐπὶ
397 1077 529 1162 πρῶτον
550 1070 621 1144 ἀπὸ
639 1073 757 1159 χαίτας
772 1080 984 1165 σπαραγμοῖς
998 1068 1151 1161 ἀπαρχὰς
1166 1071 1266 1160 βόλον,
1297 1109 1358 1148 rans

222 1174 348 1265 ματρὸς
370 1177 452 1263 έμᾶς
474 1176 642 1265 διδύμοισι
666 1176 828 1267 γάλακτος
850 1175 943 1266 παρὰ
965 1183 1116 1263 μαστοῖς,

223 1276 246 1369 ἢ
267 1279 353 1368 πρὸς
376 1276 527 1372 ἀδελφῶν

224 1378 367 1470 οὐλόμενἱ
393 1383 578 1472 αἰκίσματα
601 1389 739 1466 cracov,-

222 1482 337 1556 ὀτοτοῖ
358 1484 479 1572 ὀτοτοῖ,

222 1593 317 1659 λεῖπε
339 1590 418 1673 σούς
439 1591 569 1680 δόμους,

223 1691 325 1764 ἀλαὸν
347 1691 439 1784 όμμα
462 1697 577 1787 φέρων,

225 1797 331 1890 πάτερ
354 1801 470 1891 γεραιὲ,
494 1804 610 1884 δεῖξον,

223 1901 402 1987 Οἰδιπόδα,
426 1902 484 1973 σὸν
507 1904 612 1973 αἰῶνα
635 1904 757 1990 μέλεον,
782 1896 818 1985 ὃς
840 1904 897 1970 im*
922 1899 1070 1989 διόμασιν

223 2003 332 2095 ἀέριον
347 2005 465 2076 σκότον
480 2004 608 2096 όμμασι
625 2014 714 2075 σοῖσι
730 2004 840 2095 βαλὼν
851 2007 955 2087 έλκεις
968 2004 1179 2095 μακρόντνοον
1192 2005 1278 2089 ζόαν.
1295 2040 1358 2080 reos

223 2109 339 2194 κλόεις,
364 2104 391 2180 ὦ
413 2109 483 2181 κατ’
509 2108 612 2180 αάλάν
634 2107 776 2179 ἀλαίνων
797 2109 926 2200 γεραιὸν

224 2213 315 2284 πόδα
338 2213 483 2302 δεμνίοις

223 2318 381 2388 δόστανον
404 2316 535 2408 ἰαόων;]

225 2445 263 2508 In
288 2445 380 2509 initio
404 2445 501 2508 huius
524 2443 657 2530 stropha
680 2443 799 2527 legitur

225 2761 323 2840 atque
346 2755 457 2841 paullo
481 2760 556 2841 post
578 2755 838 2841 interpunctione
862 2753 1012 2839 graviore
1035 2753 1068 2816 in
1090 2752 1180 2845 initio
1198 2759 1230 2816 et
1245 2754 1277 2817 in
1297 2754 1361 2818 fine

224 2860 331 2944 posita
354 2858 491 2924 divisum
515 2882 535 2924 a
559 2860 676 2924 ceteris
700 2859 854 2946 strophae
886 2857 1035 2922 versibus
1064 2850 1225 2942 sequitur‘
1240 2858 1361 2945 hyper-

226 2968 364 3026 metrum
388 2962 640 3029 choriambicum
667 2961 916 3048 1519-15211)

227 3365 308 3429 quos
330 3364 445 3409 versus
468 3342 656 3410 Dindorfius
686 3344 817 3430 quidem
846 3344 880 3407 in
903 3315 1045 3408 editione
1069 3341 1114 3406 ita
1135 3341 1294 3429 disponit,
1325 3348 1361 3406 ut

227 3448 349 3534 primus
374 3455 407 3512 ct
430 3447 593 3513 secundus
616 3448 873 3535 hypercatalecti
897 3448 976 3512 fiant

229 3827 390 3891 secundus
414 3834 447 3892 et
470 3829 584 3892 tertius
607 3829 734 3913 syllaba
756 3829 848 3892 brevi
876 3828 1042 3914 incipiant.
1087 3827 1231 3893 Dubium
1254 3833 1364 3892 autam

229 3952 304 3994 esse
328 3952 392 3995 non
416 3936 534 4016 potest,
559 3931 635 4015 quin
658 3931 692 3994 hi
716 3951 829 3994 versus
854 3937 1008 3997 contextu
1031 3931 1190 3995 sermonis
1205 3949 1310 4014 aeque
1327 3950 1365 3992 ao

181 4088 184 4095 .
228 4035 324 4099 metri
348 4036 447 4099 artius
472 4036 613 4099 interae
637 4035 844 4111 cohaereant,
867 4038 975 4121 itaque
992 4036 1038 4099 sic
1055 4034 1227 4122 disponere
1244 4033 1365 4111 malim,

302 4245 322 4310 ¹)
342 4241 441 4297 Christ.
460 4241 583 4295 Μολιῆι2
603 4259 629 4310 p.
648 4241 707 4304 461,
726 4243 777 4296 466
796 4240 1047 4296 choriambos-esse
1066 4241 1156 4309 liutet.
