2956 4822
212 316 231 377 a
738 310 829 395 [ιιι]

213 527 285 570 cum
314 506 346 568 in
369 505 431 570 hoc
452 504 559 569 libello
587 504 804 589 quaestionem
835 505 1005 568 instituere
1028 503 1171 588 (praeter
1202 524 1346 589 eaquae

213 611 370 693 pertinent
400 610 440 675 ad
473 609 583 673 titulos
614 609 700 692 ipsos
731 630 808 693 quos
840 615 1035 693 pertractare
1064 608 1140 671 mihi
1174 610 1345 692 proposui)

213 713 301 778 locus
333 735 395 778 non
424 714 480 795 sit,
512 712 554 777 ad
577 712 743 777 Freemani
777 712 891 776 librum
922 710 1104 777 doctissime
1127 713 1340 797 conscriptum

167 848 170 853 ·
212 818 360 902 (History
383 817 420 881 ol
438 817 573 881 Federal
595 816 821 882 Government.
859 815 1034 900 LHistory
1055 816 1091 879 of
1113 816 1221 881 Greek
1244 814 1346 879 Fede·

213 920 347 1001 rations)
371 922 512 1004 legentes
535 921 657 1003 relego.

315 1024 552 1090 Discernendae
580 1031 688 1088 autem
718 1031 793 1088 sunt
823 1026 863 1088 ab
893 1024 952 1088 hoc
985 1045 1101 1108 genere
1131 1044 1189 1090 eae
1218 1045 1344 1109 sympo-

213 1129 317 1210 litiae,
342 1130 543 1214 synoecismo
573 1129 645 1213 plus
679 1128 824 1192 minusue
847 1128 1036 1208 similiores,'
1060 1129 1174 1212 quibus
1198 1129 1343 1193 ciuitates

212 1234 294 1297 duae
317 1234 348 1296 in
366 1254 461 1297 unam
473 1233 597 1299 laxiore
612 1233 707 1296 modo
724 1232 1009 1316 coniungentium,
1033 1254 1095 1319 quo
1121 1231 1213 1297 modo
1231 1231 1343 1296 Corin·

213 1337 301 1400 thum
325 1358 407 1402 anno
429 1357 457 1400 a.
482 1336 556 1402 cnr.
581 1340 643 1401 393
666 1338 698 1400 ui
733 1344 877 1401 coactam
900 1338 932 1400 in
956 1328 1152 1421 Argiuorum
1180 1336 1344 1400 ciuitatem

212 1442 406 1507 concessisse
430 1449 564 1506 constat.
611 1440 788 1505 Commune
817 1448 923 1505 autem
948 1441 1111 1525 utriusque
1133 1441 1260 1525 generis
1283 1440 1343 1506 hcc

212 1553 270 1629 est,
291 1545 374 1630 quod
397 1547 579 1631 sympolitia
602 1545 736 1611 efficitur
761 1545 899 1610 ciuitatis
922 1552 954 1609 et
976 1546 1085 1630 legum
1108 1545 1341 1611 communione.

213 1649 285 1724 Qua
306 1672 341 1714 re
363 1649 548 1734 Xenophon
565 1649 623 1729 (H.
646 1652 686 1714 G.
714 1647 745 1712 V
769 1651 829 1730 2‚1‹.›
854 1659 885 1713 et
908 1649 951 1732 ιι)
977 1649 1056 1713 haec
1086 1653 1158 1733 apte
1190 1651 1342 1734 opponit:

212 1750 314 1832 νόμοις
342 1761 405 1830 τοῖς
433 1751 535 1830 αὐτοῖς
561 1759 703 1836 χρῆσθαι
733 1755 780 1816 καὶ
811 1750 1039 1833 συμπολιτεύειν
1061 1788 1100 1797 -
1124 1760 1187 1829 τοῖς
1209 1754 1341 1833 πατρίοις

214 1855 315 1936 νόμοις
334 1860 474 1940 χρῆσθαι
490 1860 538 1920 καὶ
553 1856 748 1925 αὐτοπολῖτάι
771 1855 864 1939 alvum
888 1865 982 1943 atquo
997 1857 1149 1942 Polybius
1171 1856 1221 1933 (II
1244 1857 1339 1939 37,ιο)

211 1961 266 2025 ubi
295 1962 493 2046 sympolitiae
524 1962 727 2026 Achaeorum
758 1963 957 2026 condiciones
990 1961 1130 2026 breuiter
1161 1962 1341 2043 adumbrat,

213 2066 366 2149 imprimis
403 2066 465 2130 hoc
495 2066 673 2151 praedicat:
703 2065 748 2147 μή
780 2065 877 2147 μόνον
909 2065 1105 2149 συμμαχικὴν
1137 2068 1185 2129 καὶ
1223 2063 1345 2149 petraria

213 2168 365 2231 κοινιιινίαν
396 2168 548 2252 γεγονέναι
580 2168 769 2251 πραγμάτων
790 2173 860 2251 περὶ
891 2168 1019 2247 αὐτούς,
1048 2167 1127 2234 oillei
1157 2171 1205 2234 καὶ
1244 2167 1344 2250 νόμοις

213 2273 354 2355 χρῆσθαι
376 2280 440 2350 τοῖς
463 2271 576 2350 αὐτοῖς.

315 2376 462 2442 Ciuitatis
476 2384 584 2442 autem
606 2385 638 2442 et
660 2378 768 2462 legum
791 2380 967 2443 communio
990 2378 1112 2443 duobus
1128 2378 1228 2442 modis
1251 2376 1344 2443 condi

212 2488 333 2565 potest:
355 2488 411 2545 aut
433 2482 518 2545 enim
540 2482 717 2545 ciuitatium
739 2502 849 2545 earum
878 2502 960 2566 qnae
982 2482 1198 2566 sympolitiam
1220 2482 1343 2562 ineunt,

213 2591 346 2669 utraque
369 2585 493 2668 integra
516 2593 681 2669 permanet
716 2592 748 2650 et
769 2594 931 2670 separata,
963 2587 1007 2649 ita
1031 2593 1138 2649 tamen
1158 2592 1194 2649 ut
1217 2592 1344 2669 praeter

212 2690 375 2774 utriusque
397 2690 445 2753 ius
468 2690 605 2753 ciuitatis
628 2696 659 2753 et
681 2691 769 2773 leges
792 2710 958 2754 commune
980 2690 1029 2753 ius
1060 2690 1198 2753 ciuitatis
1220 2710 1344 2774 sympo-

213 2792 334 2856 liticum
355 2798 388 2856 et
409 2813 589 2856 communes
611 2793 699 2877 leges
721 2793 938 2877 sympolitioae
961 2793 1181 2871 instituantur3
1204 2792 1237 2856 id
1260 2792 1343 2878 quod

213 2896 245 2959 in
268 2896 399 2960 Aetolia
429 2904 460 2961 et
488 2895 611 2960 Achaia
642 2897 762 2960 factum
789 2904 853 2980 est,
886 2896 1024 2981 uhi·qui
1054 2899 1131 2961 ciuis
1162 2896 1346 2961 Corinthius

214 3004 300 3078 enat,
329 3019 394 3063 non
417 3006 485 3064 orat
515 3000 592 3063 ciuis
615 3000 796 3085 Sicyonius,
819 3000 944 3084 utrique
967 3005 1075 3063 tamen
1098 3000 1183 3064 ciues
1205 2998 1346 3076 Achaici,

215 3123 318 3187 neque
329 3103 416 3186 leges
428 3102 660 3168 Corinthiorum
672 3104 915 3188 Megalopolitas
925 3104 1075 3169 tenebant
1086 3125 1187 3189 neque
1200 3106 1345 3184 inuicem,

215 3213 363 3292 utrosque
392 3214 499 3273 tamen
528 3209 616 3293 leges
644 3209 844 3294 sympolitiae
876 3209 1051 3291 Achaicae3
1083 3246 1120 3256 -
1155 3219 1211 3274 aut
1244 3211 1346 3274 altera

213 3311 324 3375 ciuitas
348 3332 457 3376 earum
479 3332 561 3397 quae
590 3311 772 3397 sympolitia
794 3313 1042 3396 coniunguntur,
1066 3320 1133 3378 tota
1154 3314 1187 3378 in
1209 3315 1342 3378 alteram

214 3414 366 3493 concedit,
388 3414 421 3478 id
443 3415 528 3498 quod
544 3414 709 3500 Smyrnae,
732 3415 893 3496 Meliteae‚
910 3417 985 3481 Stiri
1008 3417 1127 3481 factum
1150 3425 1206 3481 est.
1237 3417 1343 3502 Atque

212 3516 289 3581 illud
313 3519 414 3601 magis
444 3518 658 3601 ethnicarum,
688 3519 750 3583 hoc
772 3540 883 3584 earum
905 3522 1157 3605 sympolitiarum
1180 3522 1342 3606 proprium

213 3619 308 3685 luisse
354 3623 479 3686 uidetur
519 3645 599 3706 quae
629 3645 647 3688 e
679 3624 800 3690 duobus
832 3627 885 3689 uel
919 3627 1027 3711 paucis
1061 3627 1243 3692 ciuitatibus
1273 3646 1344 3690 con·

213 3724 427 3790 stituerantur.

314 3827 460 3913 Denique
482 3831 506 3893 si
530 3831 598 3915 quis
613 3838 755 3915 quaerat,
778 3832 853 3916 quid
869 3833 992 3897 intorsit
1008 3834 1090 3897 inter
1114 3833 1344 3918 synoecismum

212 3938 244 3995 et
266 3932 489 4017 sympolitiam,
513 3934 551 3997 de
572 3957 610 3998 ea
633 3956 676 4013 rc,
702 3955 893 4020 quamquam
910 3938 1044 4002 multum
1070 3937 1160 4002 cbest
1182 3944 1217 4000 ut
1234 3958 1343 4001 omncs

212 4035 353 4098 eiusdem
376 4039 500 4118 generis
523 4039 756 4102 coniunctiones
771 4041 948 4104 ciuitatium
971 4041 1090 4106 eisdem
1107 4042 1344 4106 condicionibus

213 4137 315 4201 iactae
331 4139 403 4217 sint,
428 4139 486 4204 hoo
507 4141 539 4204 in
556 4143 740 4205 uniuersum
763 4142 823 4205 dici
846 4151 961 4227 potest,
984 4146 1178 4229 synoeoismo
1200 4145 1344 4209 eoiuits·

214 4241 297 4306 tibus
320 4242 373 4306 uel
394 4243 472 4308 uicis
495 4245 697 4309 constitui
720 4266 865 4310 nouam
898 4249 1120 4313 ciuitatem
1142 4250 1201 4331 ita,
1224 4256 1259 4312 ut
1282 4250 1344 4313 ism

214 4365 323 4410 omnes
345 4367 395 4410 res
417 4348 562 4432 publicae
584 4350 761 4415 communis
791 4351 868 4417 iuris
889 4353 968 4418 sint:
991 4353 1175 4438 sympolitia
1198 4353 1344 4437 coniungi
