<?xml version="1.0" encoding="UTF-8"?>
<!DOCTYPE html PUBLIC "-//W3C//DTD XHTML 1.0 Transitional//EN"
    "http://www.w3.org/TR/xhtml1/DTD/xhtml1-transitional.dtd">
<html xmlns="http://www.w3.org/1999/xhtml" xml:lang="en" lang="en">
 <head>
  <title>
</title>
<meta http-equiv="Content-Type" content="text/html;charset=utf-8" />
  <meta name='ocr-system' content='tesseract 3.04.00' />
  <meta name='ocr-capabilities' content='ocr_page ocr_carea ocr_par ocr_line ocrx_word'/>
</head>
<body>
  <div class='ocr_page' id='page_1' title='image "./dissertationesp00stragoog/dissertationesp00stragoog_0822.png"; bbox 0 0 2954 4808; ppageno 0'>
   <div class='ocr_carea' id='block_1_1' title="bbox 658 311 746 395">
    <p class='ocr_par' dir='ltr' id='par_1_1' title="bbox 658 311 746 395">
     <span class='ocr_line' id='line_1_1' title="bbox 658 311 746 395; baseline 0 -18"><span class='ocrx_word' id='word_1_1' title='bbox 658 311 746 395; x_wconf 76' lang='lat' dir='ltr'>[mar</span> 
     </span>
    </p>
   </div>
   <div class='ocr_carea' id='block_1_2' title="bbox 669 502 740 583">
    <p class='ocr_par' dir='ltr' id='par_1_2' title="bbox 669 502 740 583">
     <span class='ocr_line' id='line_1_2' title="bbox 669 502 740 583; baseline 0 -17"><span class='ocrx_word' id='word_1_2' title='bbox 669 502 740 583; x_wconf 72' lang='lat' dir='ltr'>§a</span> 
     </span>
    </p>
   </div>
   <div class='ocr_carea' id='block_1_3' title="bbox 136 623 1274 1122">
    <p class='ocr_par' dir='ltr' id='par_1_3' title="bbox 136 623 1274 1122">
     <span class='ocr_line' id='line_1_3' title="bbox 240 623 1273 711; baseline -0.004 -21"><span class='ocrx_word' id='word_1_3' title='bbox 240 627 345 711; x_wconf 85' lang='lat' dir='ltr'><strong>Prope</strong></span> <span class='ocrx_word' id='word_1_4' title='bbox 368 626 464 690; x_wconf 88' lang='lat' dir='ltr'>distat</span> <span class='ocrx_word' id='word_1_5' title='bbox 487 627 528 689; x_wconf 83' lang='lat' dir='ltr'>sb</span> <span class='ocrx_word' id='word_1_6' title='bbox 552 647 598 706; x_wconf 85' lang='lat' dir='ltr'>eo,</span> <span class='ocrx_word' id='word_1_7' title='bbox 622 645 715 707; x_wconf 87' lang='lat' dir='ltr'>quem</span> <span class='ocrx_word' id='word_1_8' title='bbox 737 645 834 707; x_wconf 88' lang='lat' dir='ltr'>supra</span> <span class='ocrx_word' id='word_1_9' title='bbox 850 623 1176 704; x_wconf 70' lang='lat' dir='ltr'>commemoravimus,</span> <span class='ocrx_word' id='word_1_10' title='bbox 1199 643 1273 686; x_wconf 88' lang='lat' dir='ltr'>eon·</span> 
     </span>
     <span class='ocr_line' id='line_1_4' title="bbox 136 726 1273 814; baseline -0.003 -22"><span class='ocrx_word' id='word_1_11' title='bbox 136 731 264 794; x_wconf 84' lang='lat' dir='ltr'>iunetivi</span> <span class='ocrx_word' id='word_1_12' title='bbox 287 751 390 814; x_wconf 87' lang='lat' dir='ltr'>praes.</span> <span class='ocrx_word' id='word_1_13' title='bbox 414 731 443 792; x_wconf 91' lang='lat' dir='ltr'>in</span> <span class='ocrx_word' id='word_1_14' title='bbox 468 728 599 814; x_wconf 82' lang='lat' dir='ltr'>protasi,</span> <span class='ocrx_word' id='word_1_15' title='bbox 622 727 685 792; x_wconf 82' lang='lat' dir='ltr'>ind.</span> <span class='ocrx_word' id='word_1_16' title='bbox 710 726 806 790; x_wconf 85' lang='lat' dir='ltr'>futuri</span> <span class='ocrx_word' id='word_1_17' title='bbox 831 727 861 789; x_wconf 94' lang='lat' dir='ltr'>in</span> <span class='ocrx_word' id='word_1_18' title='bbox 886 726 1020 811; x_wconf 89' lang='lat' dir='ltr'>apodosi</span> <span class='ocrx_word' id='word_1_19' title='bbox 1045 747 1104 788; x_wconf 88' lang='lat' dir='ltr'>usu</span> <span class='ocrx_word' id='word_1_20' title='bbox 1126 745 1163 789; x_wconf 85' lang='lat' dir='ltr'>ea</span> <span class='ocrx_word' id='word_1_21' title='bbox 1179 727 1273 810; x_wconf 84' lang='lat' dir='ltr'>signi-</span> 
     </span>
     <span class='ocr_line' id='line_1_5' title="bbox 136 829 1272 918; baseline -0.003 -20"><span class='ocrx_word' id='word_1_22' title='bbox 136 835 240 899; x_wconf 81' lang='lat' dir='ltr'>ficatio</span> <span class='ocrx_word' id='word_1_23' title='bbox 272 837 302 899; x_wconf 81' lang='lat'>2.</span> <span class='ocrx_word' id='word_1_24' title='bbox 327 856 410 918; x_wconf 86' lang='lat' dir='ltr'>pers.</span> <span class='ocrx_word' id='word_1_25' title='bbox 434 833 515 917; x_wconf 87' lang='lat' dir='ltr'>sing.</span> <span class='ocrx_word' id='word_1_26' title='bbox 540 833 621 896; x_wconf 90' lang='lat' dir='ltr'>eoni.</span> <span class='ocrx_word' id='word_1_27' title='bbox 646 852 750 915; x_wconf 88' lang='lat' dir='ltr'>praes.</span> <span class='ocrx_word' id='word_1_28' title='bbox 774 830 824 895; x_wconf 88' lang='lat' dir='ltr'>rei</span> <span class='ocrx_word' id='word_1_29' title='bbox 847 829 988 914; x_wconf 85' lang='lat' dir='ltr'>perfecti,</span> <span class='ocrx_word' id='word_1_30' title='bbox 1019 851 1114 914; x_wconf 85' lang='lat' dir='ltr'>quam</span> <span class='ocrx_word' id='word_1_31' title='bbox 1147 852 1204 895; x_wconf 88' lang='lat' dir='ltr'>nos</span> <span class='ocrx_word' id='word_1_32' title='bbox 1226 832 1272 895; x_wconf 91' lang='lat' dir='ltr'>in·</span> 
     </span>
     <span class='ocr_line' id='line_1_6' title="bbox 136 933 1274 1022; baseline -0.004 -19"><span class='ocrx_word' id='word_1_33' title='bbox 136 939 266 1003; x_wconf 85' lang='lat' dir='ltr'>definito</span> <span class='ocrx_word' id='word_1_34' title='bbox 289 938 476 1022; x_wconf 80' lang='lat' dir='ltr'>pronomine</span> <span class='ocrx_word' id='word_1_35' title='bbox 509 935 597 999; x_wconf 76' lang='lat' dir='ltr'>&#39;suaa&#39;</span> <span class='ocrx_word' id='word_1_36' title='bbox 627 935 760 998; x_wconf 87' lang='lat' dir='ltr'>reddero</span> <span class='ocrx_word' id='word_1_37' title='bbox 791 935 942 999; x_wconf 87' lang='lat' dir='ltr'>solemus.</span> <span class='ocrx_word' id='word_1_38' title='bbox 988 933 1099 1019; x_wconf 85' lang='lat' dir='ltr'>Neque</span> <span class='ocrx_word' id='word_1_39' title='bbox 1126 937 1274 1020; x_wconf 85' lang='lat' dir='ltr'>exempla</span> 
     </span>
     <span class='ocr_line' id='line_1_7' title="bbox 137 1037 1273 1122; baseline -0.004 -18"><span class='ocrx_word' id='word_1_40' title='bbox 137 1041 204 1104; x_wconf 89' lang='lat' dir='ltr'>eius</span> <span class='ocrx_word' id='word_1_41' title='bbox 228 1039 468 1103; x_wconf 81' lang='lat' dir='ltr'>consuetudinis</span> <span class='ocrx_word' id='word_1_42' title='bbox 491 1038 604 1101; x_wconf 80' lang='lat' dir='ltr'>afferre</span> <span class='ocrx_word' id='word_1_43' title='bbox 628 1058 709 1121; x_wconf 88' lang='lat' dir='ltr'>opus</span> <span class='ocrx_word' id='word_1_44' title='bbox 733 1047 782 1101; x_wconf 84' lang='lat' dir='ltr'>est</span> <span class='ocrx_word' id='word_1_45' title='bbox 805 1045 837 1101; x_wconf 87' lang='lat' dir='ltr'>et</span> <span class='ocrx_word' id='word_1_46' title='bbox 860 1037 992 1100; x_wconf 88' lang='lat' dir='ltr'>eandem</span> <span class='ocrx_word' id='word_1_47' title='bbox 1016 1039 1273 1122; x_wconf 83' lang='lat' dir='ltr'>praeseferunt</span> 
     </span>
    </p>
   </div>
   <div class='ocr_carea' id='block_1_4' title="bbox 45 1141 1273 1228">
    <p class='ocr_par' dir='ltr' id='par_1_4' title="bbox 45 1141 1273 1228">
     <span class='ocr_line' id='line_1_8' title="bbox 45 1141 1273 1228; baseline -0.002 -21"><span class='ocrx_word' id='word_1_48' title='bbox 45 1214 50 1221; x_wconf 26' lang='lat'>¹</span> <span class='ocrx_word' id='word_1_49' title='bbox 136 1144 275 1227; x_wconf 87' lang='lat' dir='ltr'>speeiem</span> <span class='ocrx_word' id='word_1_50' title='bbox 298 1144 379 1207; x_wconf 87' lang='lat' dir='ltr'>haee</span> <span class='ocrx_word' id='word_1_51' title='bbox 402 1144 558 1228; x_wconf 73' lang='lat' dir='ltr'>exempla,</span> <span class='ocrx_word' id='word_1_52' title='bbox 581 1143 612 1205; x_wconf 92' lang='lat' dir='ltr'>in</span> <span class='ocrx_word' id='word_1_53' title='bbox 638 1141 752 1224; x_wconf 88' lang='lat' dir='ltr'>quibus</span> <span class='ocrx_word' id='word_1_54' title='bbox 775 1143 803 1204; x_wconf 84' lang='lat' dir='ltr'>si</span> <span class='ocrx_word' id='word_1_55' title='bbox 826 1141 1079 1204; x_wconf 80' lang='lat' dir='ltr'>coniunctionem</span> <span class='ocrx_word' id='word_1_56' title='bbox 1096 1161 1273 1225; x_wconf 86' lang='lat' dir='ltr'>pronomen</span> 
     </span>
    </p>
   </div>
   <div class='ocr_carea' id='block_1_5' title="bbox 138 1247 1273 1742">
    <p class='ocr_par' dir='ltr' id='par_1_5' title="bbox 138 1247 1273 1742">
     <span class='ocr_line' id='line_1_9' title="bbox 138 1247 517 1330; baseline -0.005 -21"><span class='ocrx_word' id='word_1_57' title='bbox 138 1247 335 1310; x_wconf 87' lang='lat' dir='ltr'>indefinitum</span> <span class='ocrx_word' id='word_1_58' title='bbox 360 1247 517 1330; x_wconf 87' lang='lat' dir='ltr'>sequitur:</span> 
     </span>
     <span class='ocr_line' id='line_1_10' title="bbox 139 1346 1273 1434; baseline -0.003 -22"><span class='ocrx_word' id='word_1_59' title='bbox 139 1347 255 1434; x_wconf 87' lang='lat' dir='ltr'>Amph.</span> <span class='ocrx_word' id='word_1_60' title='bbox 280 1350 343 1411; x_wconf 83' lang='lat'>336</span> <span class='ocrx_word' id='word_1_61' title='bbox 395 1347 467 1411; x_wconf 86' lang='lat' dir='ltr'>Noa</span> <span class='ocrx_word' id='word_1_62' title='bbox 489 1348 595 1430; x_wconf 81' lang='lat' dir='ltr'>edepol</span> <span class='ocrx_word' id='word_1_63' title='bbox 617 1368 702 1410; x_wconf 83' lang='lat' dir='ltr'>uuae</span> <span class='ocrx_word' id='word_1_64' title='bbox 724 1346 778 1409; x_wconf 85' lang='lat' dir='ltr'>ubi</span> <span class='ocrx_word' id='word_1_65' title='bbox 799 1354 959 1410; x_wconf 85' lang='lat' dir='ltr'>terrarum</span> <span class='ocrx_word' id='word_1_66' title='bbox 982 1348 1040 1409; x_wconf 83' lang='lat' dir='ltr'>sim</span> <span class='ocrx_word' id='word_1_67' title='bbox 1059 1349 1134 1427; x_wconf 81' lang='lat' dir='ltr'>seio,</span> <span class='ocrx_word' id='word_1_68' title='bbox 1159 1349 1273 1428; x_wconf 81' lang='lat' dir='ltr'>siquis</span> 
     </span>
     <span class='ocr_line' id='line_1_11' title="bbox 1071 1457 1168 1515; baseline 0.01 -1"><span class='ocrx_word' id='word_1_69' title='bbox 1071 1472 1108 1514; x_wconf 79' lang='lat' dir='ltr'>ro</span> <span class='ocrx_word' id='word_1_70' title='bbox 1130 1457 1168 1515; x_wconf 89' lang='lat' dir='ltr'>et.</span> 
     </span>
     <span class='ocr_line' id='line_1_12' title="bbox 139 1472 1273 1637; baseline -0.002 -18"><span class='ocrx_word' id='word_1_71' title='bbox 139 1556 237 1620; x_wconf 79' lang='lat' dir='ltr'>Stich.</span> <span class='ocrx_word' id='word_1_72' title='bbox 262 1558 318 1618; x_wconf 81' lang='lat'>171</span> <span class='ocrx_word' id='word_1_73' title='bbox 399 1552 493 1618; x_wconf 81' lang='lat' dir='ltr'>Naue</span> <span class='ocrx_word' id='word_1_74' title='bbox 514 1557 543 1618; x_wconf 84' lang='lat' dir='ltr'>si</span> <span class='ocrx_word' id='word_1_75' title='bbox 564 1555 736 1619; x_wconf 80' lang='lat' dir='ltr'>ridiculum</span> <span class='ocrx_word' id='word_1_76' title='bbox 768 1560 899 1635; x_wconf 78' lang='lat' dir='ltr'>quaerat</span> <span class='ocrx_word' id='word_1_77' title='bbox 925 1554 1077 1618; x_wconf 77' lang='lat' dir='ltr'>torreinem</span> <span class='ocrx_word' id='word_1_78' title='bbox 1106 1472 1273 1637; x_wconf 58' lang='lat' dir='ltr'>gammam,</span> 
     </span>
     <span class='ocr_line' id='line_1_13' title="bbox 402 1658 709 1742; baseline 0.003 -22"><span class='ocrx_word' id='word_1_79' title='bbox 402 1658 531 1724; x_wconf 76' lang='lat' dir='ltr'>Venalis</span> <span class='ocrx_word' id='word_1_80' title='bbox 553 1680 608 1742; x_wconf 75' lang='lat' dir='ltr'>epe</span> <span class='ocrx_word' id='word_1_81' title='bbox 632 1679 709 1721; x_wconf 81' lang='lat' dir='ltr'>mem.</span> 
     </span>
    </p>
   </div>
   <div class='ocr_carea' id='block_1_6' title="bbox 671 1865 742 1945">
    <p class='ocr_par' dir='ltr' id='par_1_6' title="bbox 671 1865 742 1945">
     <span class='ocr_line' id='line_1_14' title="bbox 671 1865 742 1945; baseline 0.028 -17"><span class='ocrx_word' id='word_1_82' title='bbox 671 1865 742 1945; x_wconf 59' lang='lat' dir='ltr'>§Z</span> 
     </span>
    </p>
   </div>
   <div class='ocr_carea' id='block_1_7' title="bbox 139 1986 1274 2384">
    <p class='ocr_par' dir='ltr' id='par_1_7' title="bbox 139 1986 1274 2384">
     <span class='ocr_line' id='line_1_15' title="bbox 243 1986 1274 2071; baseline 0 -21"><span class='ocrx_word' id='word_1_83' title='bbox 243 1987 341 2050; x_wconf 87' lang='lat' dir='ltr'>Suum</span> <span class='ocrx_word' id='word_1_84' title='bbox 365 2007 495 2070; x_wconf 87' lang='lat' dir='ltr'>quoquo</span> <span class='ocrx_word' id='word_1_85' title='bbox 519 1987 623 2051; x_wconf 82' lang='lat' dir='ltr'>losum</span> <span class='ocrx_word' id='word_1_86' title='bbox 647 1988 745 2050; x_wconf 89' lang='lat' dir='ltr'>habet</span> <span class='ocrx_word' id='word_1_87' title='bbox 765 1987 957 2052; x_wconf 81' lang='lat' dir='ltr'>indicativus</span> <span class='ocrx_word' id='word_1_88' title='bbox 981 1989 1012 2051; x_wconf 92' lang='lat' dir='ltr'>in</span> <span class='ocrx_word' id='word_1_89' title='bbox 1041 1986 1174 2071; x_wconf 83' lang='lat' dir='ltr'>spodosi</span> <span class='ocrx_word' id='word_1_90' title='bbox 1198 1993 1274 2064; x_wconf 78' lang='lat' dir='ltr'>tum,</span> 
     </span>
     <span class='ocr_line' id='line_1_16' title="bbox 140 2090 1273 2175; baseline 0.003 -21"><span class='ocrx_word' id='word_1_91' title='bbox 140 2110 210 2154; x_wconf 88' lang='lat' dir='ltr'>oum</span> <span class='ocrx_word' id='word_1_92' title='bbox 234 2090 264 2153; x_wconf 92' lang='lat' dir='ltr'>in</span> <span class='ocrx_word' id='word_1_93' title='bbox 288 2091 408 2175; x_wconf 84' lang='lat' dir='ltr'>protasi</span> <span class='ocrx_word' id='word_1_94' title='bbox 431 2092 460 2154; x_wconf 82' lang='lat' dir='ltr'>ai</span> <span class='ocrx_word' id='word_1_95' title='bbox 482 2110 538 2173; x_wconf 88' lang='lat' dir='ltr'>pro</span> <span class='ocrx_word' id='word_1_96' title='bbox 566 2091 690 2154; x_wconf 84' lang='lat' dir='ltr'>etiamsi</span> <span class='ocrx_word' id='word_1_97' title='bbox 720 2090 856 2175; x_wconf 87' lang='lat' dir='ltr'>positum</span> <span class='ocrx_word' id='word_1_98' title='bbox 887 2099 945 2157; x_wconf 88' lang='lat' dir='ltr'>est.</span> <span class='ocrx_word' id='word_1_99' title='bbox 992 2090 1083 2155; x_wconf 85' lang='lat' dir='ltr'>Haeo</span> <span class='ocrx_word' id='word_1_100' title='bbox 1111 2092 1196 2155; x_wconf 88' lang='lat' dir='ltr'>enim</span> <span class='ocrx_word' id='word_1_101' title='bbox 1223 2102 1273 2157; x_wconf 87' lang='lat' dir='ltr'>est</span> 
     </span>
     <span class='ocr_line' id='line_1_17' title="bbox 139 2192 1274 2280; baseline 0.004 -24"><span class='ocrx_word' id='word_1_102' title='bbox 139 2194 170 2257; x_wconf 88' lang='lat' dir='ltr'>iu</span> <span class='ocrx_word' id='word_1_103' title='bbox 194 2194 347 2258; x_wconf 88' lang='lat' dir='ltr'>eiusmodi</span> <span class='ocrx_word' id='word_1_104' title='bbox 370 2195 541 2258; x_wconf 87' lang='lat' dir='ltr'>enuntiatis</span> <span class='ocrx_word' id='word_1_105' title='bbox 565 2195 715 2258; x_wconf 86' lang='lat' dir='ltr'>orationis</span> <span class='ocrx_word' id='word_1_106' title='bbox 733 2194 793 2256; x_wconf 91' lang='lat' dir='ltr'>ris:</span> <span class='ocrx_word' id='word_1_107' title='bbox 817 2192 979 2268; x_wconf 83' lang='lat' dir='ltr'>‘Quamvis</span> <span class='ocrx_word' id='word_1_108' title='bbox 995 2196 1121 2260; x_wconf 85' lang='lat' dir='ltr'>eveniat</span> <span class='ocrx_word' id='word_1_109' title='bbox 1144 2195 1174 2259; x_wconf 91' lang='lat' dir='ltr'>id</span> <span class='ocrx_word' id='word_1_110' title='bbox 1191 2195 1274 2280; x_wconf 92' lang='lat' dir='ltr'>quod</span> 
     </span>
     <span class='ocr_line' id='line_1_18' title="bbox 142 2297 1274 2384; baseline 0.004 -25"><span class='ocrx_word' id='word_1_111' title='bbox 142 2298 173 2360; x_wconf 91' lang='lat' dir='ltr'>in</span> <span class='ocrx_word' id='word_1_112' title='bbox 195 2299 315 2382; x_wconf 83' lang='lat' dir='ltr'>protasi</span> <span class='ocrx_word' id='word_1_113' title='bbox 340 2297 419 2379; x_wconf 87' lang='lat' dir='ltr'>dieo,</span> <span class='ocrx_word' id='word_1_114' title='bbox 445 2307 550 2361; x_wconf 88' lang='lat' dir='ltr'>tomen</span> <span class='ocrx_word' id='word_1_115' title='bbox 573 2298 749 2361; x_wconf 84' lang='lat' dir='ltr'>condicioni</span> <span class='ocrx_word' id='word_1_116' title='bbox 772 2320 836 2362; x_wconf 89' lang='lat' dir='ltr'>non</span> <span class='ocrx_word' id='word_1_117' title='bbox 859 2298 1036 2363; x_wconf 82' lang='lat' dir='ltr'>subiectum</span> <span class='ocrx_word' id='word_1_118' title='bbox 1059 2300 1160 2363; x_wconf 87' lang='lat' dir='ltr'>estid</span> <span class='ocrx_word' id='word_1_119' title='bbox 1189 2300 1274 2384; x_wconf 89' lang='lat' dir='ltr'>quod</span> 
     </span>
    </p>
   </div>
   <div class='ocr_carea' id='block_1_8' title="bbox 140 2398 1274 2589">
    <p class='ocr_par' dir='ltr' id='par_1_8' title="bbox 140 2398 1274 2589">
     <span class='ocr_line' id='line_1_19' title="bbox 141 2398 1274 2486; baseline 0.004 -24"><span class='ocrx_word' id='word_1_120' title='bbox 141 2402 172 2463; x_wconf 91' lang='lat' dir='ltr'>in</span> <span class='ocrx_word' id='word_1_121' title='bbox 196 2401 326 2486; x_wconf 85' lang='lat' dir='ltr'>epodosi</span> <span class='ocrx_word' id='word_1_122' title='bbox 349 2398 539 2486; x_wconf 87' lang='lat' dir='ltr'>pronuntio&#39;.</span> <span class='ocrx_word' id='word_1_123' title='bbox 577 2401 684 2466; x_wconf 91' lang='lat' dir='ltr'>Unum</span> <span class='ocrx_word' id='word_1_124' title='bbox 710 2401 838 2465; x_wconf 81' lang='lat' dir='ltr'>afferam</span> <span class='ocrx_word' id='word_1_125' title='bbox 863 2424 903 2465; x_wconf 86' lang='lat' dir='ltr'>ex</span> <span class='ocrx_word' id='word_1_126' title='bbox 921 2424 1035 2485; x_wconf 74' lang='lat' dir='ltr'>niagno</span> <span class='ocrx_word' id='word_1_127' title='bbox 1053 2404 1274 2486; x_wconf 86' lang='lat' dir='ltr'>exemplorum</span> 
     </span>
     <span class='ocr_line' id='line_1_20' title="bbox 140 2503 968 2589; baseline 0.001 -21"><span class='ocrx_word' id='word_1_128' title='bbox 140 2526 273 2569; x_wconf 88' lang='lat' dir='ltr'>numero</span> <span class='ocrx_word' id='word_1_129' title='bbox 297 2504 353 2587; x_wconf 84' lang='lat' dir='ltr'>(ef.</span> <span class='ocrx_word' id='word_1_130' title='bbox 378 2504 586 2569; x_wconf 87' lang='lat' dir='ltr'>Rothheimer</span> <span class='ocrx_word' id='word_1_131' title='bbox 609 2527 639 2589; x_wconf 90' lang='lat' dir='ltr'>p.</span> <span class='ocrx_word' id='word_1_132' title='bbox 664 2507 696 2584; x_wconf 83' lang='lat'>6)</span> <span class='ocrx_word' id='word_1_133' title='bbox 719 2503 795 2568; x_wconf 81' lang='lat' dir='ltr'>Cist.</span> <span class='ocrx_word' id='word_1_134' title='bbox 821 2503 833 2564; x_wconf 87' lang='grc' dir='ltr'>Ι</span> <span class='ocrx_word' id='word_1_135' title='bbox 859 2509 886 2584; x_wconf 84' lang='lat'>1,</span> <span class='ocrx_word' id='word_1_136' title='bbox 911 2508 968 2570; x_wconf 83' lang='lat'>29:</span> 
     </span>
    </p>
   </div>
   <div class='ocr_carea' id='block_1_9' title="bbox 137 2713 1276 3984">
    <p class='ocr_par' dir='ltr' id='par_1_9' title="bbox 177 2713 1019 2780">
     <span class='ocr_line' id='line_1_21' title="bbox 177 2713 1019 2780; baseline -0.001 -17"><span class='ocrx_word' id='word_1_137' title='bbox 177 2713 206 2778; x_wconf 84' lang='lat' dir='ltr'>a)</span> <span class='ocrx_word' id='word_1_138' title='bbox 230 2729 349 2780; x_wconf 80' lang='lat' dir='ltr'>possum,</span> <span class='ocrx_word' id='word_1_139' title='bbox 368 2717 473 2780; x_wconf 76' lang='lat' dir='ltr'>opiam,</span> <span class='ocrx_word' id='word_1_140' title='bbox 486 2713 597 2778; x_wconf 80' lang='lat' dir='ltr'>faeere3</span> <span class='ocrx_word' id='word_1_141' title='bbox 617 2729 656 2762; x_wconf 86' lang='lat' dir='ltr'>me</span> <span class='ocrx_word' id='word_1_142' title='bbox 675 2713 784 2763; x_wconf 69' lang='lat' dir='ltr'>elamore</span> <span class='ocrx_word' id='word_1_143' title='bbox 803 2729 857 2764; x_wconf 85' lang='lat' dir='ltr'>non</span> <span class='ocrx_word' id='word_1_144' title='bbox 873 2719 950 2778; x_wconf 79' lang='lat' dir='ltr'>potes</span> <span class='ocrx_word' id='word_1_145' title='bbox 969 2720 1019 2764; x_wconf 88' lang='lat' dir='ltr'>ete.</span> 
     </span>
    </p>

    <p class='ocr_par' dir='ltr' id='par_1_10' title="bbox 175 2790 440 2865">
     <span class='ocr_line' id='line_1_22' title="bbox 175 2790 440 2865; baseline -0.004 -15"><span class='ocrx_word' id='word_1_146' title='bbox 175 2797 203 2863; x_wconf 92' lang='lat' dir='ltr'>b)</span> <span class='ocrx_word' id='word_1_147' title='bbox 228 2790 367 2865; x_wconf 74' lang='lat' dir='ltr'>potandus</span> <span class='ocrx_word' id='word_1_148' title='bbox 382 2806 440 2860; x_wconf 88' lang='lat' dir='ltr'>est;</span> 
     </span>
    </p>

    <p class='ocr_par' dir='ltr' id='par_1_11' title="bbox 176 2884 900 2950">
     <span class='ocr_line' id='line_1_23' title="bbox 176 2884 900 2950; baseline 0 -16"><span class='ocrx_word' id='word_1_149' title='bbox 176 2884 202 2948; x_wconf 87' lang='lat' dir='ltr'>o)</span> <span class='ocrx_word' id='word_1_150' title='bbox 229 2884 283 2940; x_wconf 79' lang='lat' dir='ltr'>hau</span> <span class='ocrx_word' id='word_1_151' title='bbox 301 2891 409 2937; x_wconf 69' lang='lat' dir='ltr'>emissust</span> <span class='ocrx_word' id='word_1_152' title='bbox 427 2887 508 2950; x_wconf 68' lang='lat' dir='ltr'>quim</span> <span class='ocrx_word' id='word_1_153' title='bbox 526 2885 592 2950; x_wconf 78' lang='lat' dir='ltr'>quid</span> <span class='ocrx_word' id='word_1_154' title='bbox 609 2890 732 2933; x_wconf 83' lang='lat' dir='ltr'>eurrsaest</span> <span class='ocrx_word' id='word_1_155' title='bbox 749 2887 815 2950; x_wconf 77' lang='lat' dir='ltr'>qrein</span> <span class='ocrx_word' id='word_1_156' title='bbox 834 2890 900 2949; x_wconf 84' lang='lat' dir='ltr'>ste.;</span> 
     </span>
    </p>

    <p class='ocr_par' dir='ltr' id='par_1_12' title="bbox 177 2967 1275 3122">
     <span class='ocr_line' id='line_1_24' title="bbox 177 2967 1275 3034; baseline 0.003 -15"><span class='ocrx_word' id='word_1_157' title='bbox 177 2967 205 3034; x_wconf 91' lang='lat' dir='ltr'>d)</span> <span class='ocrx_word' id='word_1_158' title='bbox 230 2969 304 3019; x_wconf 82' lang='lat' dir='ltr'>haud</span> <span class='ocrx_word' id='word_1_159' title='bbox 322 2969 448 3020; x_wconf 78' lang='lat' dir='ltr'>dehortor</span> <span class='ocrx_word' id='word_1_160' title='bbox 467 2968 514 3030; x_wconf 85' lang='lat' dir='ltr'>(se.</span> <span class='ocrx_word' id='word_1_161' title='bbox 535 2984 568 3017; x_wconf 86' lang='lat' dir='ltr'>ne</span> <span class='ocrx_word' id='word_1_162' title='bbox 588 2967 716 3032; x_wconf 82' lang='lat' dir='ltr'>instatis),</span> <span class='ocrx_word' id='word_1_163' title='bbox 734 2969 788 3019; x_wconf 81' lang='lat' dir='ltr'>trau</span> <span class='ocrx_word' id='word_1_164' title='bbox 803 2969 971 3034; x_wconf 64' lang='lat' dir='ltr'>periclum,</span> <span class='ocrx_word' id='word_1_165' title='bbox 990 2986 1022 3020; x_wconf 86' lang='lat' dir='ltr'>ae</span> <span class='ocrx_word' id='word_1_166' title='bbox 1041 2970 1275 3034; x_wconf 71' lang='lat' dir='ltr'>effrirryuutur=</span> 
     </span>
     <span class='ocr_line' id='line_1_25' title="bbox 228 3053 916 3122; baseline 0 -16"><span class='ocrx_word' id='word_1_167' title='bbox 228 3070 282 3106; x_wconf 90' lang='lat' dir='ltr'>non</span> <span class='ocrx_word' id='word_1_168' title='bbox 301 3053 493 3122; x_wconf 78' lang='lat' dir='ltr'>effringuntur,</span> <span class='ocrx_word' id='word_1_169' title='bbox 513 3058 617 3120; x_wconf 75' lang='lat' dir='ltr'>impero</span> <span class='ocrx_word' id='word_1_170' title='bbox 635 3060 672 3115; x_wconf 82' lang='lat' dir='ltr'>ut,</span> <span class='ocrx_word' id='word_1_171' title='bbox 692 3071 751 3105; x_wconf 77' lang='lat' dir='ltr'>erem</span> <span class='ocrx_word' id='word_1_172' title='bbox 769 3061 862 3104; x_wconf 75' lang='lat' dir='ltr'>auctor</span> <span class='ocrx_word' id='word_1_173' title='bbox 881 3061 916 3106; x_wconf 87' lang='lat' dir='ltr'>ut.</span> 
     </span>
    </p>

    <p class='ocr_par' dir='ltr' id='par_1_13' title="bbox 137 3141 1276 3466">
     <span class='ocr_line' id='line_1_26' title="bbox 246 3141 1276 3210; baseline 0.002 -17"><span class='ocrx_word' id='word_1_174' title='bbox 246 3142 288 3193; x_wconf 82' lang='lat' dir='ltr'>Ad</span> <span class='ocrx_word' id='word_1_175' title='bbox 308 3142 422 3192; x_wconf 86' lang='lat' dir='ltr'>alterum</span> <span class='ocrx_word' id='word_1_176' title='bbox 442 3157 529 3206; x_wconf 82' lang='lat' dir='ltr'>genus</span> <span class='ocrx_word' id='word_1_177' title='bbox 548 3141 600 3192; x_wconf 87' lang='lat' dir='ltr'>iras</span> <span class='ocrx_word' id='word_1_178' title='bbox 614 3142 766 3193; x_wconf 84' lang='lat' dir='ltr'>locutiones</span> <span class='ocrx_word' id='word_1_179' title='bbox 778 3145 917 3208; x_wconf 82' lang='lat' dir='ltr'>spectant:</span> <span class='ocrx_word' id='word_1_180' title='bbox 937 3143 1010 3206; x_wconf 78' lang='lat' dir='ltr'>Quid</span> <span class='ocrx_word' id='word_1_181' title='bbox 1021 3146 1136 3208; x_wconf 68' lang='lat' dir='ltr'>opimus,</span> <span class='ocrx_word' id='word_1_182' title='bbox 1154 3144 1220 3210; x_wconf 79' lang='lat' dir='ltr'>quid</span> <span class='ocrx_word' id='word_1_183' title='bbox 1232 3159 1276 3195; x_wconf 87' lang='lat' dir='ltr'>re·</span> 
     </span>
     <span class='ocr_line' id='line_1_27' title="bbox 137 3225 1275 3295; baseline 0.004 -17"><span class='ocrx_word' id='word_1_184' title='bbox 137 3225 209 3292; x_wconf 84' lang='lat' dir='ltr'>fert,</span> <span class='ocrx_word' id='word_1_185' title='bbox 222 3227 398 3293; x_wconf 74' lang='lat' dir='ltr'>floyitiumst.</span> <span class='ocrx_word' id='word_1_186' title='bbox 411 3244 463 3278; x_wconf 75' lang='lat' dir='ltr'>rex</span> <span class='ocrx_word' id='word_1_187' title='bbox 475 3244 545 3294; x_wconf 75' lang='lat' dir='ltr'>secur,</span> <span class='ocrx_word' id='word_1_188' title='bbox 561 3228 651 3278; x_wconf 83' lang='lat' dir='ltr'>soleae</span> <span class='ocrx_word' id='word_1_189' title='bbox 666 3235 739 3292; x_wconf 84' lang='lat' dir='ltr'>sunt,</span> <span class='ocrx_word' id='word_1_190' title='bbox 756 3234 841 3280; x_wconf 73' lang='lat' dir='ltr'>atarto</span> <span class='ocrx_word' id='word_1_191' title='bbox 852 3228 930 3280; x_wconf 78' lang='lat' dir='ltr'>illum</span> <span class='ocrx_word' id='word_1_192' title='bbox 944 3232 1108 3295; x_wconf 76' lang='lat' dir='ltr'>infortunio,</span> <span class='ocrx_word' id='word_1_193' title='bbox 1121 3246 1174 3281; x_wconf 75' lang='lat' dir='ltr'>reon</span> <span class='ocrx_word' id='word_1_194' title='bbox 1188 3231 1275 3282; x_wconf 77' lang='lat' dir='ltr'>hercle</span> 
     </span>
     <span class='ocr_line' id='line_1_28' title="bbox 143 3313 1274 3382; baseline 0.004 -17"><span class='ocrx_word' id='word_1_195' title='bbox 143 3329 188 3377; x_wconf 70' lang='lat' dir='ltr'>eqo</span> <span class='ocrx_word' id='word_1_196' title='bbox 205 3318 232 3366; x_wconf 76' lang='lat' dir='ltr'>is</span> <span class='ocrx_word' id='word_1_197' title='bbox 250 3330 318 3377; x_wconf 77' lang='lat' dir='ltr'>suns,</span> <span class='ocrx_word' id='word_1_198' title='bbox 337 3330 482 3380; x_wconf 81' lang='lat' dir='ltr'>numquam</span> <span class='ocrx_word' id='word_1_199' title='bbox 501 3313 593 3380; x_wconf 79' lang='lat' dir='ltr'>edepol</span> <span class='ocrx_word' id='word_1_200' title='bbox 610 3317 743 3366; x_wconf 61' lang='lat' dir='ltr'>{eternium</span> <span class='ocrx_word' id='word_1_201' title='bbox 760 3317 907 3367; x_wconf 79' lang='lat' dir='ltr'>ieiunumst</span> <span class='ocrx_word' id='word_1_202' title='bbox 930 3332 1019 3382; x_wconf 83' lang='lat' dir='ltr'>oeque.</span> <span class='ocrx_word' id='word_1_203' title='bbox 1056 3318 1096 3366; x_wconf 78' lang='lat' dir='ltr'>Ao</span> <span class='ocrx_word' id='word_1_204' title='bbox 1122 3317 1214 3368; x_wconf 87' lang='lat' dir='ltr'>neseio</span> <span class='ocrx_word' id='word_1_205' title='bbox 1240 3334 1274 3369; x_wconf 83' lang='lat' dir='ltr'>an</span> 
     </span>
     <span class='ocr_line' id='line_1_29' title="bbox 143 3397 585 3466; baseline 0.005 -18"><span class='ocrx_word' id='word_1_206' title='bbox 143 3397 238 3450; x_wconf 86' lang='lat' dir='ltr'>eodem</span> <span class='ocrx_word' id='word_1_207' title='bbox 258 3400 396 3466; x_wconf 83' lang='lat' dir='ltr'>pertineat</span> <span class='ocrx_word' id='word_1_208' title='bbox 415 3399 483 3451; x_wconf 81' lang='lat' dir='ltr'>Rno.</span> <span class='ocrx_word' id='word_1_209' title='bbox 504 3400 585 3453; x_wconf 70' lang='lat'><strong>1353:</strong></span> 
     </span>
    </p>

    <p class='ocr_par' dir='ltr' id='par_1_14' title="bbox 403 3486 1211 3552">
     <span class='ocr_line' id='line_1_30' title="bbox 403 3486 1211 3552; baseline 0.004 -15"><span class='ocrx_word' id='word_1_210' title='bbox 403 3486 437 3539; x_wconf 82' lang='lat' dir='ltr'>Si</span> <span class='ocrx_word' id='word_1_211' title='bbox 449 3525 455 3537; x_wconf 95' lang='lat'>.</span> <span class='ocrx_word' id='word_1_212' title='bbox 469 3523 496 3537; x_wconf 90' lang='lat'>..</span> <span class='ocrx_word' id='word_1_213' title='bbox 516 3487 665 3538; x_wconf 77' lang='lat' dir='ltr'>reddiderit</span> <span class='ocrx_word' id='word_1_214' title='bbox 685 3487 814 3552; x_wconf 79' lang='lat' dir='ltr'>vidulum,</span> <span class='ocrx_word' id='word_1_215' title='bbox 833 3503 886 3539; x_wconf 85' lang='lat' dir='ltr'>non</span> <span class='ocrx_word' id='word_1_216' title='bbox 898 3525 905 3538; x_wconf 89' lang='lat'><strong>.</strong></span> <span class='ocrx_word' id='word_1_217' title='bbox 919 3525 944 3538; x_wconf 87' lang='lat'>..</span> <span class='ocrx_word' id='word_1_218' title='bbox 963 3487 1041 3539; x_wconf 81' lang='lat' dir='ltr'>debeo</span> <span class='ocrx_word' id='word_1_219' title='bbox 1059 3488 1211 3541; x_wconf 75' lang='lat' dir='ltr'>triobolum.</span> 
     </span>
    </p>

    <p class='ocr_par' dir='ltr' id='par_1_15' title="bbox 247 3569 1185 3639">
     <span class='ocr_line' id='line_1_31' title="bbox 247 3569 1185 3639; baseline 0.001 -16"><span class='ocrx_word' id='word_1_220' title='bbox 247 3571 349 3623; x_wconf 84' lang='lat' dir='ltr'>Mixtae</span> <span class='ocrx_word' id='word_1_221' title='bbox 369 3569 487 3639; x_wconf 87' lang='lat' dir='ltr'>denique</span> <span class='ocrx_word' id='word_1_222' title='bbox 508 3570 635 3624; x_wconf 86' lang='lat' dir='ltr'>rideatur</span> <span class='ocrx_word' id='word_1_223' title='bbox 654 3588 715 3624; x_wconf 88' lang='lat' dir='ltr'>osse</span> <span class='ocrx_word' id='word_1_224' title='bbox 734 3573 829 3625; x_wconf 81' lang='lat' dir='ltr'>varias</span> <span class='ocrx_word' id='word_1_225' title='bbox 846 3580 1001 3625; x_wconf 79' lang='lat' dir='ltr'>structurae</span> <span class='ocrx_word' id='word_1_226' title='bbox 1019 3574 1102 3626; x_wconf 84' lang='lat' dir='ltr'>Mero.</span> <span class='ocrx_word' id='word_1_227' title='bbox 1120 3573 1185 3627; x_wconf 69' lang='lat'>5⁶26:</span> 
     </span>
    </p>

    <p class='ocr_par' dir='ltr' id='par_1_16' title="bbox 400 3658 1236 3726">
     <span class='ocr_line' id='line_1_32' title="bbox 400 3658 1236 3726; baseline 0.004 -17"><span class='ocrx_word' id='word_1_228' title='bbox 400 3658 470 3709; x_wconf 86' lang='lat' dir='ltr'>Eum</span> <span class='ocrx_word' id='word_1_229' title='bbox 488 3663 529 3711; x_wconf 82' lang='lat' dir='ltr'>sei</span> <span class='ocrx_word' id='word_1_230' title='bbox 546 3661 678 3725; x_wconf 71' lang='lat' dir='ltr'>scarabeis,</span> <span class='ocrx_word' id='word_1_231' title='bbox 693 3660 855 3726; x_wconf 79' lang='lat' dir='ltr'>perbonust:</span> <span class='ocrx_word' id='word_1_232' title='bbox 872 3661 1012 3712; x_wconf 85' lang='lat' dir='ltr'>tondetur¹</span> <span class='ocrx_word' id='word_1_233' title='bbox 1032 3663 1147 3712; x_wconf 79' lang='lat' dir='ltr'>nimium</span> <span class='ocrx_word' id='word_1_234' title='bbox 1165 3664 1236 3712; x_wconf 78' lang='lat' dir='ltr'>scite.</span> 
     </span>
    </p>

    <p class='ocr_par' dir='ltr' id='par_1_17' title="bbox 143 3743 1275 3984">
     <span class='ocr_line' id='line_1_33' title="bbox 245 3743 1274 3812; baseline 0.003 -17"><span class='ocrx_word' id='word_1_235' title='bbox 245 3743 436 3809; x_wconf 80' lang='lat' dir='ltr'>Responderet</span> <span class='ocrx_word' id='word_1_236' title='bbox 454 3745 559 3808; x_wconf 84' lang='lat' dir='ltr'>protasi</span> <span class='ocrx_word' id='word_1_237' title='bbox 579 3746 707 3811; x_wconf 87' lang='lat' dir='ltr'>npodosis</span> <span class='ocrx_word' id='word_1_238' title='bbox 727 3745 893 3810; x_wconf 78' lang='lat' dir='ltr'>tondebitur3</span> <span class='ocrx_word' id='word_1_239' title='bbox 919 3761 989 3812; x_wconf 84' lang='lat' dir='ltr'>quae</span> <span class='ocrx_word' id='word_1_240' title='bbox 1013 3746 1218 3812; x_wconf 84' lang='lat' dir='ltr'>interrumpitur</span> <span class='ocrx_word' id='word_1_241' title='bbox 1242 3763 1274 3799; x_wconf 88' lang='lat' dir='ltr'>so</span> 
     </span>
     <span class='ocr_line' id='line_1_34' title="bbox 143 3829 1275 3903; baseline 0.002 -20"><span class='ocrx_word' id='word_1_242' title='bbox 143 3831 251 3891; x_wconf 73' lang='lat' dir='ltr'>inrisio,</span> <span class='ocrx_word' id='word_1_243' title='bbox 271 3829 344 3899; x_wconf 90' lang='lat' dir='ltr'>quod</span> <span class='ocrx_word' id='word_1_244' title='bbox 360 3831 508 3897; x_wconf 75' lang='lat' dir='ltr'>perbonam</span> <span class='ocrx_word' id='word_1_245' title='bbox 527 3848 593 3881; x_wconf 82' lang='lat' dir='ltr'>roae</span> <span class='ocrx_word' id='word_1_246' title='bbox 613 3833 789 3897; x_wconf 84' lang='lat' dir='ltr'>eontinstrrr;</span> <span class='ocrx_word' id='word_1_247' title='bbox 808 3839 954 3898; x_wconf 87' lang='lat' dir='ltr'>propterea</span> <span class='ocrx_word' id='word_1_248' title='bbox 973 3832 998 3882; x_wconf 92' lang='lat' dir='ltr'>in</span> <span class='ocrx_word' id='word_1_249' title='bbox 1018 3833 1148 3903; x_wconf 80' lang='lat' dir='ltr'>tendendi</span> <span class='ocrx_word' id='word_1_250' title='bbox 1165 3849 1275 3901; x_wconf 85' lang='lat' dir='ltr'>quoque</span> 
     </span>
     <span class='ocr_line' id='line_1_35' title="bbox 145 3919 542 3984; baseline -0.01 -13"><span class='ocrx_word' id='word_1_251' title='bbox 145 3920 228 3970; x_wconf 81' lang='lat' dir='ltr'>verbo</span> <span class='ocrx_word' id='word_1_252' title='bbox 247 3919 304 3970; x_wconf 86' lang='lat' dir='ltr'>iud.</span> <span class='ocrx_word' id='word_1_253' title='bbox 323 3934 412 3984; x_wconf 85' lang='lat' dir='ltr'>praes.</span> <span class='ocrx_word' id='word_1_254' title='bbox 433 3919 542 3981; x_wconf 75' lang='lat' dir='ltr'>tegitur.</span> 
     </span>
    </p>
   </div>
   <div class='ocr_carea' id='block_1_10' title="bbox 142 4091 1275 4418">
    <p class='ocr_par' dir='ltr' id='par_1_18' title="bbox 142 4091 1275 4418">
     <span class='ocr_line' id='line_1_36' title="bbox 246 4091 1275 4159; baseline 0 -15"><span class='ocrx_word' id='word_1_255' title='bbox 246 4096 254 4128; x_wconf 82' lang='lat'>¹</span> <span class='ocrx_word' id='word_1_256' title='bbox 270 4094 330 4145; x_wconf 87' lang='lat' dir='ltr'>Non</span> <span class='ocrx_word' id='word_1_257' title='bbox 344 4091 433 4144; x_wconf 85' lang='lat' dir='ltr'>audeo</span> <span class='ocrx_word' id='word_1_258' title='bbox 447 4109 561 4159; x_wconf 82' lang='lat' dir='ltr'>sumere,</span> <span class='ocrx_word' id='word_1_259' title='bbox 575 4093 677 4144; x_wconf 84' lang='lat' dir='ltr'>aeliota</span> <span class='ocrx_word' id='word_1_260' title='bbox 690 4094 792 4143; x_wconf 85' lang='lat' dir='ltr'>rrrstioa</span> <span class='ocrx_word' id='word_1_261' title='bbox 806 4092 852 4143; x_wconf 86' lang='lat' dir='ltr'>iiia</span> <span class='ocrx_word' id='word_1_262' title='bbox 867 4093 952 4143; x_wconf 85' lang='lat' dir='ltr'>torma</span> <span class='ocrx_word' id='word_1_263' title='bbox 965 4093 1082 4144; x_wconf 80' lang='lat' dir='ltr'>tundunt</span> <span class='ocrx_word' id='word_1_264' title='bbox 1094 4108 1142 4156; x_wconf 85' lang='lat' dir='ltr'>pro</span> <span class='ocrx_word' id='word_1_265' title='bbox 1158 4092 1275 4156; x_wconf 83' lang='lat' dir='ltr'>tondent,</span> 
     </span>
     <span class='ocr_line' id='line_1_37' title="bbox 143 4177 1274 4245; baseline -0.004 -14"><span class='ocrx_word' id='word_1_266' title='bbox 143 4181 267 4232; x_wconf 81' lang='lat' dir='ltr'>tendetur</span> <span class='ocrx_word' id='word_1_267' title='bbox 295 4195 354 4231; x_wconf 86' lang='lat' dir='ltr'>esse</span> <span class='ocrx_word' id='word_1_268' title='bbox 381 4180 480 4231; x_wconf 86' lang='lat' dir='ltr'>tertiae</span> <span class='ocrx_word' id='word_1_269' title='bbox 505 4180 711 4245; x_wconf 83' lang='lat' dir='ltr'>eorriugationis</span> <span class='ocrx_word' id='word_1_270' title='bbox 734 4178 865 4230; x_wconf 82' lang='lat' dir='ltr'>futurum.</span> <span class='ocrx_word' id='word_1_271' title='bbox 909 4179 985 4244; x_wconf 78' lang='lat' dir='ltr'>Apud</span> <span class='ocrx_word' id='word_1_272' title='bbox 1012 4179 1138 4229; x_wconf 85' lang='lat' dir='ltr'>Plautum</span> <span class='ocrx_word' id='word_1_273' title='bbox 1166 4177 1274 4244; x_wconf 87' lang='lat' dir='ltr'>quidem</span> 
     </span>
     <span class='ocr_line' id='line_1_38' title="bbox 144 4264 1274 4331; baseline -0.004 -12"><span class='ocrx_word' id='word_1_274' title='bbox 144 4267 185 4319; x_wconf 86' lang='lat' dir='ltr'>bis</span> <span class='ocrx_word' id='word_1_275' title='bbox 204 4270 319 4331; x_wconf 76' lang='lat' dir='ltr'>excepto</span> <span class='ocrx_word' id='word_1_276' title='bbox 337 4265 388 4316; x_wconf 90' lang='lat' dir='ltr'>hoe</span> <span class='ocrx_word' id='word_1_277' title='bbox 408 4267 469 4318; x_wconf 88' lang='lat' dir='ltr'>loeo</span> <span class='ocrx_word' id='word_1_278' title='bbox 489 4267 556 4316; x_wconf 84' lang='lat' dir='ltr'>talos</span> <span class='ocrx_word' id='word_1_279' title='bbox 572 4268 630 4316; x_wconf 83' lang='lat' dir='ltr'>sius</span> <span class='ocrx_word' id='word_1_280' title='bbox 644 4266 719 4317; x_wconf 85' lang='lat' dir='ltr'>verbi</span> <span class='ocrx_word' id='word_1_281' title='bbox 734 4264 837 4316; x_wconf 84' lang='lat' dir='ltr'>formae</span> <span class='ocrx_word' id='word_1_282' title='bbox 857 4267 1002 4329; x_wconf 77' lang='lat' dir='ltr'>leguntur:</span> <span class='ocrx_word' id='word_1_283' title='bbox 1019 4264 1162 4315; x_wconf 81' lang='lat' dir='ltr'>detondebo</span> <span class='ocrx_word' id='word_1_284' title='bbox 1176 4264 1274 4315; x_wconf 89' lang='lat' dir='ltr'>Baeoh.</span> 
     </span>
     <span class='ocr_line' id='line_1_39' title="bbox 142 4351 568 4418; baseline 0 -15"><span class='ocrx_word' id='word_1_285' title='bbox 142 4351 194 4403; x_wconf 72' lang='lat'>242</span> <span class='ocrx_word' id='word_1_286' title='bbox 212 4363 238 4401; x_wconf 84' lang='lat' dir='ltr'>et</span> <span class='ocrx_word' id='word_1_287' title='bbox 258 4352 393 4403; x_wconf 80' lang='lat' dir='ltr'>attondeat</span> <span class='ocrx_word' id='word_1_288' title='bbox 411 4351 490 4418; x_wconf 73' lang='lat' dir='ltr'>epto.</span> <span class='ocrx_word' id='word_1_289' title='bbox 509 4351 568 4404; x_wconf 74' lang='lat'><strong>312.</strong></span> 
     </span>
    </p>
   </div>
   <div class='ocr_carea' id='block_1_11' title="bbox 1165 4434 1190 4484">
    <p class='ocr_par' dir='ltr' id='par_1_19' title="bbox 1165 4434 1190 4484">
     <span class='ocr_line' id='line_1_40' title="bbox 1165 4434 1190 4484; baseline 0 0"><span class='ocrx_word' id='word_1_290' title='bbox 1165 4434 1190 4484; x_wconf 57' lang='lat' dir='ltr'>B</span> 
     </span>
    </p>
   </div>
   <div class='ocr_carea' id='block_1_12' title="bbox 0 0 1488 4808">
    <p class='ocr_par' dir='ltr' id='par_1_20' title="bbox 0 0 1488 4808">
     <span class='ocr_line' id='line_1_41' title="bbox 0 0 1488 4808; baseline 0 0"><span class='ocrx_word' id='word_1_291' title='bbox 0 0 1488 4808; x_wconf 95' lang='lat' dir='ltr'> </span> 
     </span>
    </p>
   </div>
  </div>
 </body>
</html>
