2948 4808
715 224 928 283 ..72-

255 402 458 498 Φρο[ύ]ρο[ο]
474 401 879 497 Ἀνθε[σ]ιιρρι[ιῦνος.
893 462 901 476 .
913 461 921 476 .
933 460 951 494 .,
964 401 1162 496 Aiaovdpov
1171 407 1386 499 πρυτανεύον-

253 513 332 597 lang,
356 511 452 600 κυρία
475 511 646 602 ἓκ]κλησιό
661 539 690 581 ιι.
706 539 734 580 τ.
751 515 790 596 t,
815 517 963 601 sequitur
983 515 1150 581 decretum
1172 518 1390 584 honorarium.

251 617 324 681 Non
347 617 430 704 fugit
446 618 739 705 Waddingtonium
765 619 828 684 duo
855 620 938 684 baec
962 619 1108 685 eiusdem
1132 621 1208 685 anni
1232 643 1306 687 osse
1331 621 1389 688 de-

252 728 342 785 creta
355 722 415 786 sub
430 723 846 809 eodemepimenioPhruro
859 723 1042 810 perscripta
1054 723 1190 789 diversis
1203 727 1389 803 mensibus;

252 846 447 911 quamquam
470 828 625 891 miramur
648 827 680 890 in
703 827 915 914 praescriptis
939 826 1086 892 eiusdem
1110 830 1186 892 anni
1209 850 1303 894 usum
1325 852 1389 895 nou

252 929 314 993 sibi
337 935 498 996 constare.
547 930 643 997 Adde
666 920 786 997 Wadd.
811 934 889 994 1141
912 922 991 995 Ἐπὶ
1014 926 1204 1018 ἐπιμην]ίοο
1232 933 1388 999 Καλλιπ-

252 1029 364 1099 πίδοο.

338 1137 465 1203 Eodem
491 1137 585 1203 modo
607 1137 676 1202 Ilii
699 1133 870 1232 ἕπιμήνιοι
894 1140 1046 1226 eponymi
1069 1139 1216 1204 fuerunt:
1248 1138 1284 1205 0.
1300 1139 1327 1206 Ι.
1346 1138 1387 1205 G.

252 1240 286 1304 ΙΙ
303 1244 386 1306 3595
415 1233 700 1328 Ἐπιμηνιεύοντος
731 1238 889 1328 Νομφίοο
915 1242 975 1307 τοῦ
1004 1240 1220 1329 Διοτρέφους,
1248 1243 1388 1308 ἐπιστα-

252 1347 385 1425 τοῦντος
412 1343 449 1411 δὲ
482 1341 660 1411 Διονυσίου
687 1345 747 1410 τοῦ
769 1338 1042 1428 Ἱππομέδοντος,
1075 1341 1264 1434 Δημήτριος
1287 1347 1389 1425 Arosis·

252 1441 354 1515 εἶπεν.
390 1450 457 1515 Ubi
472 1450 659 1516 Boeokhius
677 1450 826 1515 adnotat:
845 1471 946 1531 „cave
962 1445 1137 1539 ἐπιμήνιον
1152 1459 1246 1538 putes
1265 1473 1387 1539 epony-

252 1576 341 1618 mum
370 1576 444 1620 esse
467 1555 570 1619 anni“
599 1560 748 1640 respecto
778 1554 873 1618 titulo
902 1553 978 1618 ibid.
1004 1556 1104 1634 3597,
1134 1554 1189 1618 ubi
1214 1550 1315 1640 ἱερεύς
1338 1562 1389 1620 eat

254 1681 442 1746 eponymus,
466 1681 562 1745 quem
585 1658 749 1744 intellegit
773 1654 861 1744 ἱερέα
876 1659 941 1723 τῶν
956 1652 1090 1722 πάντων
1105 1659 1193 1723 θεῶν
1209 1659 1286 1723 ibid.
1303 1662 1388 1723 3599

256 1769 332 1830 val
364 1764 510 1830 allatum.
561 1763 684 1829 Verum
708 1761 1033 1827 animadvertendum
1063 1768 1114 1826 est
1143 1763 1274 1827 titulum
1304 1765 1388 1827 3597

254 1889 307 1933 res
332 1889 443 1933 sacras
466 1869 641 1950 continere,
666 1889 762 1953 quem
785 1868 818 1931 in
842 1888 934 1932 sacro
958 1867 1010 1930 cui
1032 1860 1134 1951 ἱερεύς
1161 1866 1216 1931 ille
1237 1871 1390 1953 praeerat

254 1971 481 2036 collocandum
514 1971 616 2036 fuisse
653 1992 712 2058 par
745 1978 816 2035 erat
840 1969 862 2056 ).
920 1969 1152 2035 conceduntur
1186 1969 1273 2035 enim
1308 1969 1387 2034 Sca-

254 2076 503 2142 mandrensibus
526 2076 559 2140 in
582 2075 643 2140 hac
666 2076 880 2140 conventione
897 2069 1120 2160 (ὁμολογία)
1133 2066 1253 2140 Ἰλιέων
1270 2075 1333 2161 (vs.
1357 2072 1388 2159 1)

255 2182 325 2246 iura
354 2188 445 2246 certa
467 2202 551 2267 quae
577 2181 719 2245 maxima
742 2203 786 2245 ex
809 2188 901 2267 parte
925 2180 967 2244 ad
989 2179 1160 2244 Iliensium
1184 2180 1306 2244 cultum
1330 2178 1389 2244 de·

256 2308 346 2350 orum
371 2287 537 2374 pertinent
559 2286 616 2372 (of.
638 2286 784 2372 inprimis
807 2285 909 2371 partis
930 2284 1048 2350 bvsl
1073 2280 1257 2372 αἱρεῖσθαμ
1279 2281 1387 2348 δὲκαὶ

255 2385 422 2477 ἱερονόμον
452 2391 516 2455 τῶν
545 2383 721 2455 οἰκούντων
749 2386 795 2476 ε’[ν
817 2383 1068 2474 Σκαμάνδροις.)
1119 2388 1235 2473 Itaque
1260 2390 1314 2452 vix
1339 2395 1390 2453 est

254 2516 312 2560 cur
338 2496 492 2560 miremur
519 2495 576 2558 tali
607 2493 737 2559 decreto
769 2492 973 2558 sacerdotem
1004 2499 1039 2555 ut
1069 2514 1265 2578 eponymum
1294 2513 1390 2579 prae·

255 2600 354 2664 scribi
372 2598 426 2683 (cl.
441 2621 473 2686 p.
491 2602 532 2662 34
549 2601 621 2684 νο).
652 2598 775 2663 Contra
791 2599 873 2662 alter
894 2598 1008 2661 titulus
1025 2599 1108 2660 3595
1129 2603 1261 2661 senatus
1284 2617 1390 2683 popu-

255 2704 344 2787 lique
372 2702 578 2766 decretum
607 2701 669 2788 (vs.
696 2701 749 2787 19)
780 2701 915 2766 exhibet
944 2701 976 2762 in
1008 2699 1164 2763 honorem
1195 2699 1390 2764 Antiocbil

256 2806 383 2872 Soteris
406 2805 535 2885 datum,
560 2827 621 2891 quo
646 2806 871 2886 constituitur,
895 2810 931 2868 ut
953 2807 1088 2889 propter
1111 2803 1232 2868 eximia
1256 2804 1390 2868 eiusde

255 2910 317 2975 Ilio
342 2910 421 2974 urbe
445 2910 562 2975 merita
583 2911 616 2974 iu
633 2911 781 2975 omnibus
797 2911 927 2996 templis
946 2932 998 2975 res
1015 2909 1144 2974 divinae
1161 2908 1232 2975 deis
1248 2911 1388 2974 offeran-

256 3019 324 3094 tur,
355 3014 388 3078 in
411 3013 580 3079 Minervae
608 3014 722 3079 Iliadis
753 3014 875 3101 templo
898 3014 1005 3098 imago
1030 3014 1117 3098 regis
1140 3020 1279 3099 ponatur
1302 3020 1335 3078 et
1357 3013 1390 3076 id

256 3137 360 3201 genus
384 3117 456 3179 alia.
501 3117 592 3181 Nihil
616 3117 715 3202 igitur
737 3115 874 3202 impedit
897 3116 1070 3200 quominus
1095 3116 1171 3179 anni
1193 3136 1390 3201 eponymum

256 3213 431 3306 ἐπιμήνιον
452 3219 691 3304 intellegamus,
716 3219 845 3304 qualem
863 3218 913 3282 (tii
935 3218 1037 3282 fuisso
1060 3218 1124 3282 duo
1141 3219 1226 3282 tituli
1243 3219 1391 3283 eiusdem

257 3324 334 3387 anni
367 3323 464 3387 modo
505 3324 594 3387 citati
627 3323 863 3387 demonstrant.
912 3321 976 3407 (ef.
1012 3323 1043 3386 in
1072 3322 1121 3389 tit.
1158 3322 1389 3409 Istropolitano

257 3449 355 3513 quem
379 3427 487 3492 statim
511 3429 686 3493 afferemus
705 3419 928 3513 Ἴεριομένοο
949 3419 1182 3512 Ἀρισταγόρου
1204 3428 1263 3492 τοῦ
1282 3420 1390 3492 Ἀπο-

256 3526 388 3618 τουρίοο
409 3527 447 3597 τὸ
470 3528 624 3615 τέταρτον
646 3580 753 3597 .....
778 3524 1114 3617 ἑπιμηνιεύοντος
1137 3530 1196 3618 τῆς
1219 3526 1392 3617 ἐκκλησίας

254 3629 441 3723 Ἀθηνάδοο
463 3637 523 3701 τοῦ
542 3629 820 3722 Ἀπολλοδώρου).

343 3741 500 3805 Attamen
524 3739 609 3825 quod
632 3742 696 3804 iam
720 3763 819 3827 supra
841 3741 951 3804 notavi
968 3741 1065 3804 latius
1080 3744 1194 3824 patere
1210 3734 1392 3826 ἐπιμηνίων

258 3843 434 3924 notionem,
450 3844 482 3907 in
501 3865 540 3908 eo
558 3864 717 3907 summum
735 3843 909 3909 discrimen
928 3850 979 3907 est
994 3843 1152 3929 positum:
1175 3864 1257 3906 cum
1275 3845 1390 3907 etiam

258 3947 394 4011 civilia
410 3946 608 4011 nonnullis
624 3947 661 4011 in
679 3947 776 4011 locis
792 3947 930 4012 officia
947 3969 1072 4011 eorum
1089 3969 1176 4016 esse
1193 3955 1389 4033 appareat.

330 4174 350 4242 ¹)
370 4172 409 4225 bl.
429 4168 627 4224 Kirchhoffinm
647 4167 676 4221 in
695 4170 797 4224 Henna
816 4170 840 4223 ll
861 4189 887 4239 p.
902 4170 960 4223 l'll.
