2956 4822
217 281 259 347 34
737 274 828 364 [aia]

219 497 312 561 quem
335 476 415 538 alter
439 496 549 539 eorum
567 473 815 537 immortalitatis
833 493 948 557 expers
964 463 1065 538 lactus
1081 476 1159 547 erat,
1184 468 1349 558 significat,

216 583 249 644 in
272 601 299 643 v.
323 581 451 643 49-50
480 579 593 642 iratres
622 579 688 641 suis
718 577 899 641 nominibus
934 575 1070 659 Κάστωρ
1097 584 1130 642 et
1156 579 1351 663 Πολυδεύκης

219 692 383 748 vocantur.
430 681 495 746 Sed
518 681 624 745 statim
649 682 679 744 in
695 700 725 744 v.
744 683 785 745 54
801 680 958 743 Pindarus
974 684 1102 744 nomina
1118 702 1228 746 eorum
1244 683 1350 748 denuo

217 809 274 873 per
297 787 462 851 circuitum
485 786 531 850 ita
545 784 692 866 reddidit,
717 792 753 847 ut
777 784 847 849 illos
871 790 959 847 θεῶν
981 783 1064 865 γένος
1081 784 1210 851 diceret.
1247 785 1351 853 Verus

219 893 303 956 enim
333 891 561 955 Dioscurorum
595 897 688 971 pater
726 894 793 951 erat
823 888 968 972 luppiter
1000 888 1080 972 ipse.
1125 889 1231 973 Adde,
1264 892 1349 975 quod

216 1002 384 1080 postquam
414 1000 511 1079 poeta
538 993 570 1055 in
594 1012 623 1056 v.
647 994 704 1071 59,
737 1012 810 1055 cum
832 1013 850 1054 a
874 1012 957 1055 novo
988 1001 1160 1076 systemate
1189 994 1351 1078 inceperit,

216 1099 415 1182 singulorum
447 1096 582 1159 fratrum
612 1096 741 1160 nomina
763 1095 930 1179 repetivit,
960 1096 1045 1161 inv.
1070 1099 1111 1160 66
1134 1099 1349 1181 appellatione

218 1213 360 1267 amatre
382 1201 533 1264 arcessita
555 1200 672 1264 Pollux
705 1197 808 1263 dictus
841 1205 888 1263 est
918 1196 1028 1286 Λήδας
1056 1207 1134 1276 παῖς.
1180 1201 1277 1266 Cuius
1309 1203 1349 1267 ad

135 1310 138 1318 '
220 1328 336 1372 nomen
369 1304 530 1391 proprium
564 1324 754 1388 quemquam
787 1302 945 1367 Pindarus
979 1304 1010 1366 in
1041 1324 1070 1365 v.
1099 1307 1140 1368 68
1173 1306 1351 1388 revertitur,

217 1421 253 1475 ut
276 1410 421 1494 repetitio
451 1408 533 1472 intra
561 1428 660 1471 unum
687 1407 831 1491 idemque
862 1413 1001 1492 systema
1030 1407 1103 1488 fiat,
1137 1415 1243 1472 tamen
1279 1432 1349 1475 cum

218 1513 453 1579 circumlocutio
487 1511 540 1574 illa
575 1509 706 1592 ηΛήδας
736 1510 825 1587 aoid
859 1510 1042 1595 interposita
1070 1513 1125 1593 sit,
1166 1512 1226 1577 hoc
1260 1536 1349 1579 suain

217 1619 314 1682 habet
337 1617 585 1682 excusationem.
618 1613 805 1678 Evidentius
827 1634 918 1694 vero,
941 1624 1095 1699 quantum
1118 1615 1212 1681 fuerit
1233 1627 1350 1703 poetae

218 1722 355 1786 studium
380 1741 535 1784 novorum
560 1717 782 1803 epithetorum,
806 1741 848 1783 ex
871 1739 900 1783 v.
919 1720 958 1782 73
982 1719 1095 1784 elucet.
1127 1720 1253 1785 Etenim
1277 1744 1350 1787 oum

216 1825 380 1890 Pollucem
410 1823 449 1886 ad
482 1822 667 1903 Castorem,
701 1823 754 1906 qui
789 1843 888 1905 grave
923 1822 1039 1886 vulnus
1073 1824 1113 1886 ab
1144 1825 1350 1909 Aphas-otidis

218 1945 395 2012 acceperat,
418 1927 573 2012 supplicio
598 1925 637 1989 de
659 1926 901 2009 percussoribus
923 1933 1051 2008 sumpto
1074 1927 1206 1991 rediisse
1220 1949 1349 1995 narrare

217 2034 303 2116 velit,
319 2032 380 2096 hoo
395 2032 439 2095 ita
454 2030 618 2114 exprimit:
640 2028 753 2113 ταχέως
769 2027 846 2092 δ’ἐα’
861 2027 1009 2114 ἀδελφεοῦ
1023 2031 1092 2110 βίαν
1108 2030 1196 2095 πάλιν
1208 2032 1351 2118 χώρησαν

219 2134 234 2200 ὁ
266 2135 460 2217 Τυνδαρίδας.
506 2139 595 2206 Quae
625 2142 709 2198 tecta
740 2141 772 2197 et
802 2140 961 2216 tamquam
995 2134 1120 2198 occulta
1151 2135 1247 2200 dictio
1282 2153 1349 2204 tum

219 2239 347 2305 demum
370 2239 401 2303 in
423 2239 512 2324 poesi
535 2238 633 2323 lyrica
656 2238 803 2322 usurpari
832 2239 952 2321 potuit,
983 2246 1151 2323 postquam
1182 2250 1348 2325 poetarum

218 2347 377 2431 epicorum
401 2365 462 2429 ope
486 2344 617 2408 deorum
641 2341 829 2407 ethereum
853 2340 981 2404 fabulae
1005 2343 1243 2425 diligentissime
1259 2357 1350 2412 erant

220 2471 391 2533 expressae
414 2455 510 2533 atquc
535 2446 691 2511 excultae.
738 2445 822 2509 Sane
843 2467 937 2509 nemo
959 2466 1051 2530 quam
1070 2449 1258 2513 seutentiam
1274 2450 1350 2516 Pin-

218 2555 314 2618 darus
337 2553 397 2617 illis
413 2552 517 2616 verbis
531 2551 739 2636 pronuntiare
755 2549 860 2631 vellet,
881 2549 1098 2632 intellexisset,
1123 2552 1182 2615 nisi
1197 2556 1251 2637 qui
1269 2556 1349 2623 hane

217 2659 445 2723 Dioscurorum
469 2656 609 2720 fabulam
634 2654 760 2737 penitus
781 2655 940 2737 cognitam
957 2653 1098 2719 haberet.
1133 2655 1301 2722 Postremo
1317 2663 1350 2725 in

220 2782 248 2828 v.
267 2766 317 2838 85,
342 2761 397 2825 ubi
412 2758 555 2844 luppiter
572 2758 714 2823 Pollucis
730 2758 770 2821 de
787 2757 891 2820 fratris
907 2778 982 2821 casu
998 2758 1227 2840 aegritudinem
1246 2764 1350 2828 eleva·

218 2875 308 2930 turus
325 2866 484 2949 optionem
503 2864 531 2927 ei
548 2862 612 2943 dat,
629 2867 736 2924 utrum
750 2860 881 2925 Castore
895 2869 1020 2924 mortuo
1034 2863 1103 2946 ipse
1115 2865 1264 2929 continuo
1277 2887 1349 2931 curn

220 2969 268 3033 dis
291 2966 523 3032 immortalibus
539 2965 710 3049 Olympum
727 2965 881 3044 habitare,
905 2985 944 3027 an
960 2986 1030 3029 cum
1047 2965 1146 3030 fratre
1163 2970 1350 3036 coniunctus

220 3073 349 3136 alternis
371 3073 404 3135 in
422 3071 559 3154 Olympo
584 3076 615 3131 et
631 3070 690 3132 sub
707 3075 792 3132 terra
808 3071 915 3132 vivere
931 3068 1049 3151 mallet,
1073 3077 1169 3153 poeta
1185 3070 1351 3138 Castorem

220 3175 435 3260 appellatione
465 3172 648 3255 κασιγνήτου
678 3174 800 3237 notavit
830 3178 862 3236 et
890 3174 924 3236 in'
945 3173 1056 3237 ultimo
1085 3176 1231 3239 carminis
1257 3197 1351 3243 versu

220 3281 394 3357 Castorem,
417 3300 489 3342 cum
513 3277 640 3356 Pollux,
665 3284 700 3340 ut
723 3277 829 3340 omnia
850 3277 912 3340 sibi
934 3298 1004 3340 cum
1029 3276 1124 3341 fratre
1145 3287 1253 3342 essent
1276 3301 1349 3346 oon-

219 3385 349 3462 sociata,
374 3389 525 3467 optasset,
550 3404 569 3445 a
592 3389 692 3446 morte
717 3383 757 3445 ad
782 3382 879 3445 vitam
903 3388 1087 3445 revocatum
1104 3404 1174 3445 esse
1199 3405 1351 3451 enarrans

219 3488 354 3553 eundem
395 3488 521 3551 nomine
560 3488 687 3570 proprio
729 3486 865 3550 vocavit.
928 3487 1102 3552 Praeterea
1140 3488 1171 3549 iu
1212 3490 1351 3554 carmine

219 3591 387 3677 Olympico
411 3591 505 3654 tertio
529 3590 687 3653 Pindarus
715 3599 881 3674 postquam
904 3590 935 3653 in
959 3611 987 3655 v.
1014 3595 1027 3654 l
1054 3591 1177 3653 initium
1202 3593 1286 3675 cepit
1308 3594 1349 3657 ab

217 3695 432 3781 appellatione
467 3695 665 3775 Τυνδαρίδαι,
696 3693 727 3756 iu
759 3714 788 3758 r.
820 3696 860 3756 35
893 3693 1122 3757 Dioscurorum
1153 3696 1281 3759 nomina
1311 3718 1350 3761 eo

217 3799 349 3862 artifieio
373 3797 526 3872 reddidit,
558 3806 671 3861 uicos
699 3795 883 3876 βαθυζώνου
915 3796 1075 3877 διδδμναυς
1105 3802 1216 3873 παῖδας
1238 3799 1352 3883 Λήδας

218 3902 346 3982 diceret,
370 3900 426 3965 sed
450 3901 480 3964 in
504 3921 533 3965 r.
559 3901 600 3963 39
623 3900 800 3965 adnomen
828 3902 1014 3982 Τυνδαρίδαι
1037 3923 1199 3986 regressus
1222 3913 1278 3968 est.

321 4005 370 4069 De
400 4004 531 4069 deorum
562 4004 688 4091 quidem
721 4005 805 4088 apud
837 4004 1012 4070 Pindarum
1041 4007 1194 4071 memoria
1224 4008 1350 4073 abunde

217 4110 335 4174 dictum
352 4115 414 4192 est3
439 4109 609 4173 videamus
624 4110 729 4194 igitur,
752 4131 846 4194 quam
865 4112 958 4174 variis
974 4110 1241 4196 appellationibus
1256 4118 1351 4198 poeta

217 4213 333 4277 DEAS
364 4215 534 4278 ornaverit.
588 4214 731 4288 Quarum
765 4234 955 4299 quamquam
991 4215 1094 4278 minus
1125 4235 1220 4299 saepe
1255 4236 1350 4300 quam

218 4316 351 4383 deorum
374 4317 495 4382 mentio
520 4317 565 4398 fit,
589 4324 624 4380 ut
648 4337 706 4402 par
729 4325 778 4382 est
796 4320 826 4382 in
842 4316 1062 4403 praedicandis
1078 4318 1219 4384 victoriis
1235 4319 1351 4384 robore
