2956 4822
483 685 860 797 APPENDIX

645 871 691 943 ad

407 1016 425 1097 ξ
447 1019 466 1079 8
489 1016 638 1100 [supro
657 1039 746 1103 pap.
770 1019 926 1099 23-29).

204 1153 255 1218 Ad
283 1177 338 1237 ea,
373 1176 455 1239 quae
486 1178 582 1241 supra
616 1158 656 1220 dc
691 1158 945 1222 coniunctionum
981 1179 1040 1221 usu
1076 1161 1232 1243 congessi,

100 1257 344 1325 IOANNES
365 1258 680 1342 attentatae,
711 1263 763 1347 qui
795 1261 868 1324 Sex.
892 1261 1059 1346 Pomponii
1091 1264 1233 1327 iurecon-

99 1364 175 1429 sulti
203 1384 296 1427 usum
326 1363 475 1447 loquendi
503 1372 652 1430 accurate
683 1372 900 1449 perscrutatus
925 1372 991 1446 est,
1024 1364 1103 1429 haec
1134 1365 1233 1429 adno-

100 1469 180 1532 tavit
203 1474 234 1531 et
258 1475 292 1529 ut
315 1466 432 1551 publici
455 1468 532 1530 iuris
555 1466 690 1531 iacerem
712 1469 871 1554 permisit:

252 1586 380 1668 „SEX-
404 1587 725 1655 POMPONIUS
746 1591 937 1672 scripsit:

202 1707 258 1792 (ad
281 1709 298 1791 ξ
321 1711 351 1790 8,
375 1712 410 1776 tt
442 1709 537 1773 donee
565 1712 691 1792 sexies?
716 1720 810 1795 atque
841 1711 1008 1796 quinquies
1038 1711 1166 1794 quidem
1189 1737 1229 1767 -τ

141 1811 249 1900 ‘usque
279 1813 318 1877 ad
342 1814 371 1876 id
396 1821 520 1898 tempus
544 1811 615 1898 quo'
643 1815 706 1894 (bis
729 1816 773 1878 ita
797 1821 831 1879 ut
853 1834 948 1899 esque
970 1836 1003 1879 co
1034 1815 1230 1898 praecedat),
1305 1828 1308 1835 ‘

142 1919 239 1983 semel
263 1939 336 1983 vero
365 1945 406 1969 =
435 1915 553 1999 ‘perid
584 1904 708 2005 tempus
736 1920 819 2004 qu0'3
851 1919 969 2002 ubique
993 1920 1135 2004 sequitur
1157 1921 1231 1982 sub·

142 2023 299 2086 iunctivus
324 2021 445 2086 modus.

201 2126 256 2204 (ad
280 2126 297 2208 ξ
321 2128 350 2207 8,
373 2123 409 2208 3)
431 2126 459 2188 ci
480 2125 571 2189 inodo
600 2126 655 2207 bis,
683 2128 712 2190 si
733 2134 836 2191 tomen
860 2127 1034 2213 quinquies,
1064 2127 1228 2191 decantado

140 2232 247 2304 semel,
271 2231 346 2293 dum
369 2237 472 2294 tamen
495 2231 603 2294 semel.

200 2333 253 2415 (ad
276 2334 294 2414 ἓ
317 2335 347 2414 8,
371 2332 407 2414 4)
429 2334 492 2395 nisi
514 2332 585 2412 (ubi
608 2333 739 2395 verbum
762 2333 883 2396 finitum
908 2335 948 2396 ab
971 2354 1009 2396 eo
1026 2332 1159 2418 pendet)
1185 2334 1228 2396 vi-

140 2440 203 2504 cies
226 2447 284 2519 ter,
307 2441 370 2503 nisi
392 2440 420 2501 si
441 2438 567 2521 septies,
589 2444 809 2521 praeterquam
832 2440 860 2502 si
882 2440 991 2502 semet.

198 2542 254 2627 (ad
279 2544 296 2626 ξ
319 2545 348 2626 8,
380 2546 414 2621 6)
438 2549 536 2626 prout
560 2548 692 2626 quater3
725 2562 784 2605 neo
813 2542 963 2627 quomodo
994 2564 1052 2606 neo
1082 2543 1226 2627 quemod-

139 2650 262 2713 enodem
287 2650 370 2711 vices
394 2645 539 2710 vocabuli
561 2653 658 2728 prout
680 2650 788 2727 agunt.

198 2751 253 2834 (ad
278 2751 295 2833 ξ
319 2754 348 2827 8,
374 2748 408 2826 ii
429 2751 509 2812 sicut
527 2800 533 2813 .
552 2800 559 2813 .
577 2797 584 2810 .
600 2749 649 2810 tto
671 2755 794 2830 qnater,
817 2751 898 2812 sieut
915 2799 921 2813 .
940 2800 947 2813 .
966 2799 972 2814 .
991 2750 1035 2812 sic
1059 2769 1225 2832 nusquam,

137 2856 185 2920 ito
288 2862 379 2940 atque
400 2856 428 2917 si
451 2853 559 2931 semei,
591 2853 635 2915 sic
661 2899 717 2915 ...
741 2853 881 2936 aequest
903 2873 942 2915 ne
968 2853 1068 2918 semol
1091 2853 1227 2937 quidem,

137 2960 396 3044 quemadmodum
414 3008 421 3021 .
439 3009 446 3022 .
465 3008 472 3021 .
489 2959 532 3020 ito
556 2964 676 3040 quater,
700 2957 956 3040 quemadmodum
976 3008 982 3022 .
1002 3008 1008 3021 .
1028 2959 1096 3021 ‚sic
1118 2955 1225 3020 semel.

198 3064 252 3144 (ad
277 3063 294 3145 ξ
318 3066 347 3143 8,
371 3061 406 3145 9)
429 3082 491 3124 eon
513 3062 613 3124 sotum
630 3109 637 3123 .
655 3110 662 3124 .
681 3109 688 3122 .
704 3060 758 3122 sed
781 3061 872 3123 etiam
895 3061 1070 3144 quinquies,
1092 3080 1155 3123 non
1176 3079 1224 3122 so·

137 3171 200 3233 tum
225 3167 359 3233 ...sed
381 3172 409 3230 et
439 3164 620 3250 quinquiea,
651 3165 912 3228 nouaclum...
936 3164 991 3228 sed
1014 3212 1021 3228 .
1045 3214 1052 3228 .
1078 3216 1085 3229 .
1109 3184 1225 3249 quoque

136 3273 245 3352 semel,
267 3292 329 3336 eon
353 3271 451 3334 aotam
470 3320 476 3334 .
495 3321 502 3334 .
521 3321 528 3334 .
549 3268 603 3332 sed
626 3268 732 3349 semel,
755 3290 818 3332 eon
840 3275 963 3332 tontum
981 3319 988 3333 .
1007 3320 1013 3334 .
1032 3320 1039 3333 .
1055 3270 1109 3333 aed
1131 3271 1224 3331 etiam

136 3376 192 3458 bis,
215 3397 278 3441 ace
300 3383 421 3439 tontum
439 3426 446 3439 .
465 3426 471 3440 .
491 3424 497 3438 .
514 3373 567 3436 sed
590 3380 617 3435 ct
640 3372 746 3437 semel.
769 3393 832 3436 aon
855 3374 954 3436 cotum
973 3421 979 3434 .
996 3422 1003 3436 .
1022 3424 1029 3437 .
1045 3393 1152 3437 oerum
1169 3423 1175 3437 .
1194 3418 1224 3434 ..

135 3500 251 3566 quoquc
273 3480 379 3559 semel,
402 3499 466 3541 aon
487 3478 589 3541 sotum
606 3527 612 3542 .
632 3527 639 3541 .
658 3526 664 3538 .
680 3478 893 3539 equinotium
917 3497 957 3539 ne
973 3477 1070 3540 semel
1086 3477 1224 3561 quidem.

193 3582 247 3663 (ad
272 3582 289 3664 ξ
312 3585 342 3664 8,
367 3581 421 3662 lt)
444 3601 576 3665 neceque
600 3588 657 3642 ter.

193 3685 247 3765 (ad
271 3684 288 3765 ἕ
312 3686 341 3764 8,
369 3681 422 3766 12)
453 3690 558 3767 utpote
590 3684 757 3767 quinquies
786 3690 842 3747 aut
871 3704 942 3746 cum
972 3683 1138 3767 participio
1170 3688 1225 3745 aut

134 3809 205 3851 cum
229 3788 451 3851 coniunctione
475 3807 544 3849 cum
567 3788 797 3851 consociatum.

192 3890 246 3972 (ad
269 3891 287 3972 ξ
309 3892 339 3972 8,
366 3894 420 3961 14)
443 3911 481 3953 ne
504 3941 511 3955 .
537 3939 544 3953 .
566 3937 575 3954 .
598 3890 721 3975 quidem
744 3888 807 3970 bis,
836 3909 875 3953 ne
903 3889 1026 3973 quidem
1056 3909 1222 3972 nusquam,

132 4015 187 4057 ece
210 4044 269 4060 ...
292 3995 414 4080 quidem
438 4000 559 4079 quater,
583 4013 621 4057 cc
643 4013 681 4056 ne
706 4044 764 4059 ...
788 3994 911 4078 quietem
932 3992 1060 4058 somel.“
