2956 4822
625 284 717 372 [205]
1201 295 1260 359 ree

127 482 182 547 ubi
206 487 238 545 et
261 480 397 561 titulum,
422 480 474 564 qui
499 479 650 544 Meliteae
673 481 797 564 pesitus
820 486 890 544 erat
913 487 955 554 (v.
979 482 1047 565 31),
1078 485 1200 551 inuenit
1231 495 1264 551 ct
1349 493 1359 514 ⁰

127 588 234 650 ruinas
259 587 345 649 urbis
369 585 518 668 antiquae
544 584 628 647 lraud
653 586 787 668 exiguas
805 584 895 665 uidit,
918 587 1039 651 scilieet
1055 589 1139 673 apud
1158 593 1261 654 uicum

127 689 180 774 qui
204 688 299 753 hodie
315 695 363 752 est
382 686 541 766 Avaritza,
565 695 629 751 tres
653 687 747 753 heras
771 690 854 752 inter
870 690 1033 753 meridiem
1058 699 1090 755 et
1105 694 1260 761 orientem

126 793 202 858 selis
232 792 273 857 ab
303 792 381 856 urbe
409 791 598 855 Thaumacis
623 791 843 875 (Demekhd),
875 793 1005 877 paulum
1036 795 1075 858 ad
1107 799 1261 863 orientem

127 919 239 963 uersus
262 919 281 961 a
304 896 450 960 faucibus
474 897 589 961 mentis
613 895 743 982 Othryia
767 918 824 982 per
848 917 927 981 quas
951 901 1004 962 uia
1026 900 1086 965 lert
1109 923 1128 963 a
1150 903 1261 967 Lamia

127 1001 205 1065 urbe
228 998 385 1082 (Zeituni)
409 999 598 1063 Pharsalum
613 1000 632 1064 ¹.

230 1105 301 1168 Situ
323 1102 471 1167 Meliteae
495 1103 582 1166 urbis
605 1105 745 1187 cognite,
770 1106 823 1168 ubi
844 1107 1021 1171 Percenses
1039 1108 1262 1189 habitauerint,

126 1209 271 1274 dubitare
296 1207 432 1290 amplius
456 1208 626 1272 nonlicet.
673 1207 814 1273 Finitimi
839 1212 919 1274 enirn
945 1211 1027 1275 illius
1052 1219 1152 1292 erant,
1187 1215 1261 1277 urbs

127 1321 234 1379 autem
250 1313 458 1378 Percensium
482 1333 546 1375 nou
563 1319 642 1391 erat,
665 1311 720 1375 sed
738 1313 826 1376 uicus
844 1313 971 1398 (κώμη),
995 1321 1030 1379 ut
1053 1325 1138 1380 recte
1155 1324 1262 1381 nronet

126 1419 302 1504 Ussingius.
349 1416 430 1480 Nam
455 1414 585 1479 Malitea
615 1416 800 1501 simpliciter
831 1415 850 1481 ei
881 1416 965 1495 πόλις
995 1420 1109 1485 dicitur
1141 1422 1184 1500 (v.
1211 1425 1259 1487 lli.

125 1522 191 1603 24).
237 1521 327 1594 Quod
353 1510 461 1583 autem
486 1517 570 1604 apud
594 1519 792 1603 Hesychium
816 1520 951 1603 legimus
979 1523 1083 1604 lla-ela
1114 1522 1198 1600 πόλις
1229 1527 1262 1588 ἐν

125 1628 290 1713 Θεσσαλίᾳ,
314 1630 437 1688 tantum
454 1643 472 1685 a
489 1623 624 1686 ueritate
640 1623 742 1700 abest,
761 1635 794 1687 ut
812 1646 851 1687 ne
868 1646 983 1689 nomeu
1001 1625 1127 1709 quidem
1148 1628 1261 1691 Pcriae

126 1731 210 1796 tituli
233 1729 326 1792 liuius
347 1734 453 1790 aetate
469 1725 568 1789 fuisse
584 1726 802 1792 inueniamus:
828 1729 923 1792 immo
940 1730 977 1808 ἐμ
999 1728 1121 1810 Περι-’σας
1138 1730 1260 1795 dicitur.

125 1834 263 1919 Propius
283 1834 323 1897 ad
352 1853 464 1896 uerum
489 1831 622 1894 accessit
641 1831 823 1914 Stephanus
848 1836 899 1917 qui
924 1833 1013 1897 dicit:
1040 1834 1159 1916 Ηήρεια
1182 1837 1260 1898 Θεσ-

124 1941 229 2014 σαλίας
247 1935 370 2021 χωρίον.
396 1935 430 1996 τό
453 1931 575 1997 terenda
601 1933 733 2017 linearia.

229 2040 326 2104 Hunc
349 2039 455 2102 uicum
477 2039 518 2101 ab
542 2037 685 2101 Homero
709 2040 845 2124 primum
876 2050 1158 2105 commemoratum
1191 2063 1259 2106 esse

125 2144 219 2228 (ltu
238 2143 314 2224 766)
330 2142 498 2224 Ussingius
515 2149 546 2205 et
562 2142 779 2225 Rangabaens
798 2145 1008 2209 consentiunt.
1042 2145 1135 2219 Quod
1154 2153 1258 2210 tamen

125 2270 212 2314 mero
229 2248 327 2311 errori
342 2245 587 2310 adtribuendum
607 2267 755 2310 essenon
774 2246 931 2309 uiderunt.
960 2248 1157 2333 Quamquam
1176 2251 1258 2311 enim
1291 2241 1295 2252 '
1341 2237 1343 2250 ¹

125 2352 222 2437 uulgo
254 2352 400 2416 scribitur
431 2351 484 2414 illo
515 2351 602 2414 loco:
638 2349 690 2425 τάς
722 2353 754 2414 ἐν
783 2353 904 2438 Πηρείῃ
937 2349 1031 2432 tier-'us
1062 2351 1260 2433 ἀργυρότοξος

124 2456 298 2532 Ἀπόλλων,
314 2454 374 2519 hec
391 2475 494 2538 neque
510 2455 541 2516 in
560 2454 720 2518 codicibus
737 2455 861 2537 legitur,
879 2475 981 2538 neque
993 2464 1079 2518 recte
1094 2478 1128 2518 sc
1141 2456 1259 2521 lrabere

124 2567 241 2646 potest.
266 2560 394 2623 Minime
410 2559 476 2622 ueri
493 2558 592 2621 simile
611 2580 691 2639 esse,
713 2559 853 2654 Qienlum
871 2558 956 2622 illum
980 2563 1107 2624 uouisse
1131 2569 1257 2644 poetam

124 2665 354 2749 praetermitte.
400 2661 462 2727 Sed
487 2663 517 2725 iu
542 2663 684 2747 plurimis
700 2663 786 2726 lilrris
803 2671 851 2725 est
872 2663 979 2750 πιερίῃ,
1003 2663 1031 2726 in
1050 2664 1118 2727 aliis
1137 2665 1257 2752 πηερίῃ.

125 2768 233 2853 Atque
257 2769 418 2852 antiquam
442 2788 511 2830 esse
535 2765 681 2829 mendam
699 2765 886 2830 Eustatlrius
910 2766 1013 2846 decet,
1037 2769 1091 2851 qni
1112 2776 1144 2831 et
1160 2770 1259 2856 πυρίῃ

125 2880 157 2937 et
180 2870 297 2958 aare]
313 2869 505 2934 circumferri
530 2875 682 2950 testatum
708 2869 791 2955 quod
817 2880 923 2933 autem
947 2869 986 2933 ad
1011 2891 1122 2935 uocem
1146 2873 1258 2960 ”defit

124 2977 204 3039 haee
227 2975 332 3039 addit:
356 2979 403 3037 καὶ
426 2972 548 3055 εὕρηται
572 2971 652 3037 οὕτω
676 2976 723 3036 xci
749 2976 779 3036 ἓν
803 2980 842 3061 τῇ
857 2976 932 3036 κατὰ
955 2982 1107 3056 στοιχεῖον
1124 2980 1258 3064 συλλογῇ

124 3085 186 3143 rasin
208 3080 351 3155 ἐθνικῶν,
375 3076 453 3141 ἔνθα
476 3086 569 3141 ariter
599 3074 645 3139 tiu
674 3076 789 3161 llrjeem
816 3079 932 3159 χωρίον
954 3076 1139 3141 Θετταλικόν
1169 3080 1258 3143 luido

123 3187 252 3266 supra),
280 3179 354 3261 ὅπερ
378 3180 469 3264 τυχόν
499 3179 648 3263 (fortasse
659 3181 681 3261 l)
711 3183 818 3258 ἑλῶδες
845 3175 882 3264 ἦν
911 3186 959 3243 καὶ
991 3179 1116 3263 α’γαθὸν
1142 3182 1258 3267 ros'qerv

121 3287 244 3363 ἵππους,
267 3287 485 3370 unusquisque
503 3285 589 3348 uidet
607 3285 666 3348 lrec
684 3307 788 3349 morae
806 3287 1004 3349 coniecturae
1021 3284 1138 3366 deberi,
1156 3307 1257 3369 neque

124 3389 209 3453 aliud
248 3391 415 3474 quicquam
450 3396 545 3472 atque
586 3410 644 3453 nes
682 3390 712 3452 in
754 3390 917 3472 Stephano
956 3412 1013 3453 sne
1053 3389 1256 3453 Eustatlrium

121 3495 248 3578 legisse.
294 3491 413 3557 Verum
437 3492 510 3575 quid
533 3501 624 3568 essct,
655 3492 889 3557 Valckenarius
917 3493 997 3556 uidit
1028 3493 1081 3570 (ad
1109 3493 1255 3558 Ammon.

122 3620 154 3683 p.
173 3598 260 3678 206).
297 3597 335 3658 In
353 3595 506 3659 Macrobii
531 3597 614 3659 enim
639 3596 735 3676 libris,
760 3597 812 3680 qui
833 3596 920 3660 illum
937 3597 1042 3660 locum
1067 3598 1142 3660 citat
1159 3597 1190 3669 il
1208 3599 1258 3678 17,

123 3698 181 3782 44)
197 3717 254 3784 pro
279 3701 389 3787 πηρείῃ
408 3700 522 3783 legitur
548 3702 651 3779 (linem
670 3707 701 3762 el.
727 3703 842 3782 ‘qurqu
868 3708 900 3764 et
924 3702 1044 3786 llquqq,
1067 3709 1259 3784 quapropter

124 3806 247 3891 (qurlq
278 3802 512 3868 Valckenarius
535 3806 711 3867 rectissime
741 3805 889 3867 restituit.
936 3803 984 3866 De
1016 3802 1141 3865 Eumcli
1174 3805 1257 3867 enim

124 3909 213 3993 equis
237 3907 333 3971 uerba
358 3908 446 3987 fiunt,
472 3908 598 3971 Admeti
624 3908 686 3987 lilii,
715 3909 766 3993 qui
793 3909 905 3971 l'lrrris
929 3908 1093 3990 regnabat.
1140 3909 1258 3996 ψπσείῃ

123 4018 228 4075 autem
253 4011 364 4075 eadem
387 4013 510 4075 ratione
534 4033 590 4096 pro
610 4013 726 4099 Φσρεί)1
751 4011 831 4074 dixit
854 4016 950 4095 poete
974 4032 1035 4094 qua
1060 4011 1167 4095 paneis
1187 4033 1257 4074 uer-

123 4117 210 4181 sibus
232 4124 308 4180 ante
332 4116 531 4199 lllqoqrr‘ed'qg
554 4117 598 4196 (v.
621 4116 695 4194 763)
720 4137 777 4202 pro
803 4114 1010 4198 Φερητιάδηςτ
1035 4121 1065 4178 et
1089 4121 1123 4177 ut
1149 4112 1257 4199 Θήρης

229 4347 234 4378 ¹
256 4343 414 4409 Ussingium
434 4345 543 4394 secutus
562 4347 604 4393 est
623 4343 773 4394 Bursiauus
793 4342 906 4410 (Geogr.
928 4343 973 4394 ur.
994 4343 1004 4394 l
1027 4360 1049 4408 μ.
1069 4343 1124 4408 ue).
