2970 4814
213 246 253 315 50
648 283 688 297 -
736 238 823 340 [τευ]
870 281 913 298 -

214 433 443 525 περιεχόμενον
479 432 575 527 ὑγρὸν
612 432 803 524 ἀποκρίνειν
840 432 887 516 είς
920 425 1136 523 άπαλοπέραν
1171 435 1230 502 τοῦ
1262 429 1349 501 κατὰ

213 537 351 629 γαστρὸς
368 534 588 630 άπάτεξινῐί).
625 544 644 629 ι)
668 541 704 608 δὲ
725 536 831 630 τροφὴ
853 542 912 608 τοῦ
934 538 1075 628 βρέφους
1095 538 1166 606 ἐστὶ
1188 534 1226 605 τὸ
1249 533 1351 605 καλὸν

214 642 261 725 είς
283 639 471 735 ἀνατροφὴν
493 642 603 734 μάλα,
636 636 707 712 οἷον
727 640 827 726 κάλα,
855 642 911 710 καὶ
934 642 1113 728 μεταθέσει
1136 645 1195 710 τοῦ
1217 645 1238 707 i
1258 639 1308 724 είς
1329 651 1350 729 β

213 744 297 835 μάλα
308 748 361 836 ¹³).
391 748 545 834 μαστοὶ
566 749 603 816 δὲ
621 745 741 836 κυρίως
755 746 814 815 έπί
830 749 895 814 τῶν
911 749 1077 834 γυναικῶν,
1101 738 1172 814 οἷον
1188 745 1349 837 μασητοί·

213 846 236 941 ἢ
262 845 332 918 ἀπὸ
360 855 419 919 τοῦ
444 850 504 943 τὴν
525 849 690 937 μάστακα,
719 850 868 919 τουτέστι
897 846 957 941 τὴν
983 847 1115 940 τροφήν,
1142 856 1214 930 τοῖς
1235 877 1351 939 γεννω-

213 953 323 1042 μένοις
337 954 501 1044 παρέχειν,
525 950 587 1046 ἀφ’
606 945 645 1046 ἧς
667 955 724 1022 καὶ
741 951 779 1023 τὸ
794 951 948 1043 μάσημα·
970 950 994 1045 ἢ
1015 949 1085 1022 άπὸ
1100 957 1160 1022 τοῦ
1174 950 1350 1042 προσμάτ-

216 1066 336 1126 τεσθαι
361 1059 418 1126 καί
441 1056 678 1149 προσφύεσθαι
700 1055 830 1140 τούτοις
852 1055 997 1147 πρώτοις
1018 1054 1060 1125 τὰ
1082 1057 1201 1147 βρέφη·
1235 1053 1258 1148 ἢ
1280 1050 1352 1125 οἷον

214 1161 350 1246 παστοί,
374 1158 444 1233 άπὸ
465 1167 525 1231 τοῦ
547 1161 744 1232 πάσασθαι·
766 1159 790 1254 ἢ
812 1160 960 1231 σπαστοί
979 1187 1063 1243 τινες
1085 1156 1182 1245 ὄντες,
1206 1156 1352 1231 ἀπὸτοῦ

215 1270 305 1334 σπᾶν
332 1261 451 1347 αὐτοὺς
479 1264 521 1334 τὰ
543 1267 662 1358 βρέφη·
695 1263 717 1357 ἢ
743 1261 814 1335 άπὸ
843 1269 903 1334 τοῦ
931 1261 999 1334 ὑπὸ
1027 1268 1091 1332 τῶν
1119 1264 1353 1354 θηλαζομένιον

217 1369 445 1437 ἐπισπᾶσθαι.
475 1366 498 1461 ἢ
520 1367 613 1459 παρὰ
634 1367 672 1438 τὸ
694 1373 757 1456 μυῖ,
779 1366 817 1438 τὸ
841 1370 935 1460 ζητῶ,
960 1365 1157 1457 παράμονον
1177 1371 1273 1455 μαζῶ
1294 1368 1352 1436 καί

214 1470 355 1557 μαστός,
396 1465 432 1541 ὃν
454 1472 665 1563 ἐπιζητοῦσιν
686 1472 719 1541 οἳ
742 1476 862 1554 παῖδες
873 1476 924 1559 ¹⁴).
961 1470 1095 1541 δύναται
1121 1471 1235 1540 δὲκαὶ
1259 1468 1353 1560 παρὰ

214 1573 252 1643 τὸ
274 1578 369 1661 μαζῶ
383 1578 501 1661 μᾶζα,
524 1577 734 1666 ἠζητουμένη
756 1575 873 1668 τροφή.
901 1577 937 1644 έν
960 1577 995 1646 δὲ
1017 1580 1076 1646 τοῦ
1097 1580 1151 1663 μῶ
1173 1574 1227 1665 (τὸ
1250 1577 1353 1666 ζητῶ)

215 1681 271 1747 καί
294 1677 433 1770 μήτηρ,
456 1684 475 1769 ν)
498 1681 674 1771 ζητουμένη
697 1678 790 1767 παρὰ
811 1684 877 1748 τῶν
892 1680 1039 1749 παίδων·
1062 1677 1085 1772 ἢ
1106 1678 1352 1770 ἠμαστεύουσα
1455 1707 1460 1714 ’

216 1780 258 1850 τὰ
282 1780 367 1872 πρὸς
384 1781 508 1874 τροφίην
521 1790 593 1866 τοῖς
608 1790 796 1874 νοηθεῖσιν·
820 1781 842 1875 ἢ
864 1782 915 1854 ὅτι
932 1788 1078 1874 φυσικῶς
1100 1780 1184 1853 αὐτὰ
1197 1782 1353 1871 μαστεύει

216 1888 272 1955 καί
302 1889 391 1977 ζητεῖ
417 1887 459 1956 τὰ
486 1890 740 1980 μεννηθένταῑί).
794 1887 845 1959 ὅτι
877 1890 934 1957 καί
964 1888 1056 1976 μαίω
1089 1892 1128 1958 τὸ
1158 1891 1244 1979 ζητῶ
1273 1889 1353 1972 ἐστι,

216 1992 316 2081 φησί·
332 1989 477 2082 Ὅμηρος

338 2115 340 2118 ’
441 2096 622 2186 ,μαιομένη
643 2085 882 2186 κευθμῶνα“*)
905 2097 983 2186 (06.
1006 2124 1023 2163 ν
1046 2097 1134 2185 367).

216 2216 252 2283 έν
273 2213 390 2284 τούτου
412 2217 468 2285 καί
490 2223 609 2303 μαῖα,
635 2221 655 2307 ν)
676 2215 762 2286 κατὰ
784 2215 924 2307 γαστρὸς
944 2221 1009 2286 τοῖν
1031 2220 1189 2306 γυναικοῖν
1211 2219 1354 2307 ζητοῦσα

217 2317 259 2387 τὰ
280 2321 443 2411 βρέφηῑθ).
476 2321 621 2410 βρέφος
644 2323 680 2390 δέ
701 2319 827 2411 εἴρηται
850 2319 943 2409 παρὰ
962 2318 1000 2389 τὸ
1016 2321 1154 2389 δέεσθαι
1169 2324 1354 2412 φορβῆςῑί),

218 2420 239 2491 ὅ
261 2423 332 2492 ἐστι
353 2431 488 2515 τροφῆς.

303 2530 381 2598 Mel.
414 2534 601 2614 7,17-16,
624 2535 653 2598 7.
719 2537 751 2619 1)
785 2533 840 2600 Or.
857 2537 909 2616 56,
922 2537 951 2598 6.
1010 2535 1044 2618 2)
1076 2535 1197 2615 99,27;
1232 2531 1286 2597 Et.
1310 2530 1356 2596 M.

220 2636 363 2717 584,52;
396 2636 510 2704 θοντο.
537 2663 574 2703 π.
598 2660 627 2724 y.
650 2665 687 2703 π.
714 2638 779 2723 (ed.
800 2637 904 2724 Erm.)
936 2660 967 2724 p.
990 2639 1020 2705 8.
1066 2637 1098 2722 3)
1131 2635 1186 2701 Or.
1212 2638 1283 2718 107,
1305 2637 1356 2700 32.

220 2737 254 2822 4)
279 2742 393 2819 45,17.
439 2742 472 2827 5)
499 2746 569 2822 154,
584 2745 635 2808 34.
681 2741 715 2826 6)
740 2742 854 2810 Soran.
878 2766 915 2806 π.
938 2765 966 2827 y.
990 2767 1027 2806 π.
1051 2761 1081 2826 p.
1098 2742 1128 2806 8.
1175 2741 1208 2826 7)
1231 2739 1284 2805 Et.
1310 2739 1355 2804 M.

220 2845 357 2923 625‚45.
403 2843 436 2929 8)
460 2843 666 2927 Οτ.115,16.
708 2846 741 2930 9)
766 2845 971 2926 Οε.116,24.
1018 2844 1071 2928 16)
1090 2843 1204 2908 Soran.
1221 2869 1258 2908 π.
1274 2866 1302 2929 y.
1318 2868 1356 2907 π.

220 2967 251 3031 p.
268 2949 320 3013 93.
367 2948 421 3033 11)
444 2948 498 3015 Or.
519 2952 653 3032 163,31.
707 2949 761 3037 12)
785 2950 899 3015 Soran.
916 2975 954 3014 π.
970 2971 998 3034 y.
1015 2973 1052 3014 π.
1071 2971 1101 3035 p.
1119 2951 1170 3013 93.
1224 2947 1276 3033 13)
1302 2947 1356 3012 Or.

222 3053 330 3132 39,17
362 3051 418 3136 (of.
443 3076 539 3140 supra
562 3078 594 3142 p.
614 3056 678 3141 16).
726 3054 779 3139 14)
810 3052 864 3121 Or.
890 3058 960 3136 101,
981 3056 1010 3118 3.
1057 3051 1111 3139 15)
1138 3053 1192 3117 Or.
1216 3054 1356 3133 161,11.

224 3156 278 3241 16)
299 3155 351 3222 Et.
374 3155 458 3224 Gud.
479 3161 551 3242 378,
566 3162 617 3225 33.
667 3158 718 3246 17)
742 3159 798 3226 Or.
815 3163 866 3242 35,
879 3161 909 3224 8.

311 3269 359 3338 60
381 3265 529 3337 mara:
564 3294 594 3340 v.
616 3268 736 3358 ἔντερα.

310 3382 355 3450 61
380 3379 528 3468 έντεραε
566 3381 693 3469 λέγεται
733 3376 803 3448 ἀπὸ
839 3383 898 3447 τοῦ
934 3376 1024 3461 ἐντὸς
1063 3376 1243 3460 είλεῖσθαι,
1288 3370 1359 3445 οἷον

224 3478 343 3566 έντελα,
375 3480 417 3550 τά
446 3483 536 3566 ἐντὸς
564 3481 749 3570 εἱλούμενοι·
781 3480 805 3575 ἢ
831 3477 901 3551 άπὸ
931 3487 990 3552 τοῦ
1021 3478 1066 3551 δι’
1092 3478 1199 3551 αὐτῶν
1228 3488 1295 3572 ῥεῖν
1316 3479 1358 3549 τά

225 3583 294 3654 άπὸ
318 3589 379 3677 τῆς
399 3591 524 3678 τροφῆς
545 3585 821 3676 περιττώματαῑ).
857 3587 983 3676 λέγεται
1006 3588 1043 3654 δέ
1064 3587 1120 3654 καί
1139 3585 1206 3655 ένδ
1212 3613 1292 3668 ινα,
1316 3580 1361 3666 ὡς

220 3686 365 3778 Ὄμερος

483 3779 691 3866 ,,ψαύσαι**)
714 3777 865 3846 ε’νάίνιον“
891 3780 942 3865 (Il.
967 3784 1001 3845 Ψ
1012 3781 1101 3866 806).

227 3900 244 3965 ὁ
272 3899 308 3966 δέ
332 3893 545 3986 Ἀρίσταρχος
571 3899 760 3989 ἒτυμολογεῖ
787 3898 874 3968 ένινά
900 3928 973 3968 τινα
997 3895 1090 3981 ὄντα,
1121 3895 1163 3966 τὰ
1186 3896 1275 3979 ἐντὸς
1296 3903 1361 3966 τοῖν
1392 3907 1402 3924 “
1447 3956 1450 3961 ,

307 4109 332 4175 *)
352 4108 515 4176 κευθμῶνας
533 4108 677 4163 Homerus.

292 4196 331 4263 **)
351 4194 443 4265 ψυιῖση
463 4197 606 4251 Homerus.
