3030 4816
233 280 274 346 sa
753 281 844 366 [eoo]

234 472 391 558 scripturo
406 472 477 539 levi'
491 475 533 539 ab
548 473 737 540 adversariis
753 481 865 540 notate
877 477 1053 560 comparari
1065 483 1200 562 possunt
1217 476 1313 562 (pag.
1328 482 1385 562 34,

235 579 255 642 8
278 576 408 662 Reiff.):

364 706 413 772 Tu
436 730 562 794 qnoque,
586 711 677 774 tuin
699 711 838 790 mininis,
862 730 879 773 a
901 710 1065 774 dimidiata
1086 709 1279 796 Menander,

363 812 509 895 Paneris,
532 820 561 877 et
583 816 704 895 merito,
722 817 804 898 pari
824 817 976 878 sermonis
999 821 1134 881 amator.

360 916 496 982 Lenibus
520 923 612 1004 atque
633 920 753 982 atinam
777 921 906 1002 scriptis
929 920 1083 983 adiuncta
1103 919 1189 1000 foret
1211 921 1263 983 ‘ais

364 1018 491 1085 Ooneica
513 1029 549 1086 nt
572 1029 703 1108 aequata
725 1024 831 1086 nirtne
852 1023 983 1106 polleret
1004 1022 1120 1088 honore

364 1124 441 1190 Gnm
465 1124 596 1189 Graecis
618 1147 694 1190 nene
715 1125 776 1190 hac
799 1126 958 1209 despectus
976 1133 1072 1210 parte
1093 1129 1221 1191 iaceres.

367 1227 470 1292 Unam
491 1228 548 1292 noo
571 1249 712 1293 maceror
735 1251 773 1295 ao
795 1230 881 1294 doleo
904 1229 960 1294 tibi
982 1230 1076 1311 desse,
1101 1229 1237 1296 Terenti.

233 1357 404 1423 Nitebatur
427 1366 533 1423 autem
556 1360 724 1425 Terentius
755 1362 928 1425 amicorum
957 1360 1112 1425 nobilium
1143 1360 1379 1448 fautorumque

234 1463 382 1548 exemplo
406 1472 437 1527 et
461 1464 659 1544 auctoritate,
684 1465 738 1548 qui
757 1464 926 1549 puritatem
943 1465 1089 1530 dictionis
1104 1472 1173 1529 tum
1194 1466 1288 1530 unice
1305 1488 1379 1531 sec-

237 1566 397 1632 tabuntur.
442 1566 492 1632 De
516 1569 628 1651 quibus
651 1568 714 1632 iam
736 1568 833 1632 verba
855 1568 1017 1634 faciamus.

335 1671 461 1735 Etenim
485 1673 567 1735 inter
589 1671 719 1736 crimina
741 1671 782 1736 ab
805 1672 993 1737 adversariis
1017 1672 1057 1736 ud
1074 1671 1215 1737 Terentii
1239 1671 1373 1737 laudem

233 1773 480 1839 imminuendam
502 1796 613 1859 sparsa
636 1777 730 1840 etiam
754 1775 832 1840 illud
862 1785 946 1856 erat,
976 1777 1061 1861 quod
1092 1778 1124 1840 in
1155 1776 1329 1843 scribendo
1354 1800 1376 1842 a

232 1876 409 1944 fautoribus
432 1879 629 1945 adiutaretur
651 1881 827 1946 nobilibus:
850 1881 988 1964 Adelph.
1013 1882 1091 1966 prol.
1115 1901 1143 1946 v.
1170 1884 1208 1945 15
1232 1903 1299 1966 sq.:

363 2009 448 2077 Nara
471 2012 554 2096 qaod
575 2013 630 2075 isti
651 2011 759 2075 dicaret
781 2013 934 2094 maliuoli,
957 2011 1094 2076 tornines
1116 2011 1228 2077 nolitia

366 2114 465 2178 Hunc
488 2116 638 2179 adiutare
661 2116 851 2202 adsidueque
872 2137 938 2179 area
960 2114 1114 2180 seribere:

364 2219 454 2299 Qnad
475 2219 524 2283 illi
545 2218 746 2282 maledictam
769 2219 929 2284 uehemens
951 2239 1014 2283 esse
1036 2222 1236 2301 eaiotnrnant,

364 2322 449 2386 Eam
471 2322 594 2386 laadan
617 2322 667 2385 ln'c
690 2323 777 2387 deecit
800 2343 989 2405 mammeam,
1012 2344 1103 2408 anone
1125 2325 1189 2388 illis
1209 2324 1328 2406 placet,

361 2427 424 2507 Qni
445 2426 531 2490 nobee
552 2427 715 2490 nninarsis
738 2433 765 2490 et
784 2428 903 2511 papatu
924 2428 1061 2511 placent,

365 2530 505 2610 Quonam
529 2549 625 2614 opera
647 2531 682 2593 in
705 2528 790 2610 bella,
813 2532 847 2594 in
869 2532 941 2613 otio,
964 2533 999 2595 in
1019 2533 1141 2615 neqotio

365 2633 430 2698 Sao
453 2635 580 2718 qreisqne
602 2640 737 2716 tempore
758 2641 848 2698 annot
869 2636 935 2698 cine
956 2634 1111 2717 capacia.

236 2762 357 2827 Similia
377 2763 441 2827 iam
463 2764 495 2827 in
519 2763 625 2829 Hecu.
650 2763 727 2848 prol.
751 2784 778 2827 v.
803 2766 844 2828 22
867 2785 934 2849 sqq.
959 2765 1193 2848 pronuntiavit:

368 2899 448 2965 Tnne
469 2901 551 2987 qnod
572 2902 741 2965 malinalns
764 2908 852 2965 netas
870 2909 963 2986 poeta
986 2902 1120 2982 dictitat,

365 3005 500 3091 Repente
521 3005 565 3069 ad
587 3004 727 3068 stodiam
750 3004 832 3091 toene
855 3026 886 3069 ee
909 3005 1087 3089 adplicasse
1109 3006 1272 3085 musicam,

365 3111 511 3173 Amicam
532 3108 659 3191 incenia
677 3107 809 3190 fretam,
833 3107 921 3173 hand
942 3115 1063 3173 natura
1086 3129 1164 3173 cna:

366 3211 544 3276 Arbitrium
566 3218 717 3294 nostram,
741 3220 852 3276 nostra
875 3214 1072 3277 eaistnenatio

370 3316 500 3386 Ualebit.
523 3337 586 3402 qna
608 3337 643 3380 re
666 3318 765 3380 aronis
787 3337 845 3381 nos
867 3324 973 3381 oratos
996 3319 1077 3401 nota,

366 3418 507 3503 Neptno
528 3422 787 3504 iniquompossit
810 3442 904 3506 qnam
927 3443 1055 3507 aequam
1078 3425 1188 3488 oratio.

238 3560 299 3625 His
323 3582 363 3625 ex
386 3559 538 3643 versibus,
562 3559 677 3644 quibus
699 3566 797 3643 poeta
819 3560 904 3645 quod
928 3561 1101 3625 adversarii
1132 3560 1274 3625 obiciunt
1306 3582 1374 3625 non

238 3669 302 3728 tam
325 3664 464 3728 relatore
486 3684 580 3747 quom
597 3664 772 3728 concedere
789 3672 822 3728 et
839 3685 993 3728 excusare
1009 3665 1144 3749 videtur,
1167 3664 1229 3727 iem
1245 3671 1375 3730 veteres

238 3769 369 3833 litterati
392 3766 516 3831 diversa
541 3788 642 3852 eoque
664 3768 773 3852 inepta
796 3769 1007 3833 coniecerunt.
1053 3766 1134 3832 Nam
1166 3776 1201 3832 ut
1231 3773 1373 3852 praeter·

239 3873 402 3936 mittemus
418 3853 629 3957 susp‘ioionem
647 3873 742 3955 illum,
760 3894 854 3957 quum
871 3872 911 3938 de
927 3871 1153 3938 consuetudine
1169 3877 1285 3956 poetae
1300 3892 1375 3936 oum

240 3974 496 4040 adulescentibus
527 3976 685 4040 nobilibus
717 3975 830 4040 fecisse
859 3977 993 4041 Porcius
1015 3975 1143 4041 Licinus
1171 3995 1191 4036 e
1217 3973 1374 4039 Suetonio

240 4080 284 4165 (p.
308 4083 360 4162 27,
377 4080 409 4160 9)
433 4079 568 4145 truditur
590 4081 623 4144 in
645 4081 711 4146 vita
726 4080 901 4162 Terentii¹‚
924 4079 1116 4145 exstiterunt
1132 4078 1186 4163 qui
1202 4077 1376 4144 contende·

241 4206 445 4213 m.—,...-..

343 4257 351 4290 ¹
372 4256 446 4308 Dum
464 4257 608 4310 lasciniam
626 4256 756 4309 nobilium
774 4261 798 4306 et
816 4255 910 4307 landes
922 4256 1038 4321 fucosae
1052 4257 1132 4321 petit,

370 4343 444 4395 Dnm
462 4345 594 4410 Africani
611 4357 699 4398 nocem
717 4343 842 4396 diuinam
860 4343 950 4397 inhiat
968 4340 1060 4394 onidis
1079 4338 1202 4404 auribus,
