2954 4822
668 290 710 298 -
758 246 845 337 [rou]
893 289 933 297 -

537 433 767 521 σκοπούμενοι
790 430 821 502 δ’
848 435 882 502 ἐν
903 441 978 517 ταῖς
996 432 1093 518 ’ὁδοῖς

535 537 744 629 θαλλοφόροι
767 535 963 626 καλούμεθ’,
987 535 1045 607 ἇν-

537 651 712 730 τωμοσιιῦν
734 640 865 733 κελύφη.

316 2021 352 2085 In
378 2044 475 2088 versu
501 2026 539 2086 12
561 2024 658 2088 huius
683 2024 836 2110 strophae
860 2045 918 2111 pro
941 2025 1084 2111 μνημεῖα
1112 2015 1285 2107 γράψομαι
1309 2012 1370 2104 ’γιῦ

136 2173 139 2179 ·
229 2125 303 2190 libri
324 2122 515 2213 μνημόσυνα
544 2122 717 2214 γράψομαι
741 2121 801 2214 ’yoi
827 2129 880 2193 val
908 2121 1098 2214 μνημόσυνα
1128 2115 1274 2211 γράψομ’
1307 2117 1370 2209 ἐγώ

230 2231 401 2315 praebent,
425 2240 541 2298 neutra
557 2240 666 2297 tamen
689 2234 788 2298 lectio
811 2238 914 2297 metro
939 2237 1100 2318 spissat,
1123 2250 1230 2314 nequo
1253 2249 1312 2314 por
1333 2250 1369 2292 so

228 2335 405 2401 verisimile
423 2343 474 2400 ost
487 2336 710 2401 choriambum
725 2337 824 2402 inseri
841 2336 990 2400 iambicis
1012 2336 1097 2399 inter
1118 2333 1255 2398 dimetro
1270 2331 1367 2396 huius

229 2440 384 2525 strophae
399 2442 648 2506 occurrentibus
663 2443 871 2521 tetrametris‚
885 2442 939 2527 qui
950 2461 1058 2526 nequo
1070 2440 1103 2503 in
1115 2438 1248 2524 stropha
1260 2459 1367 2523 neque

229 2544 259 2607 in
281 2545 487 2630 antistropha
503 2546 568 2610 ullo
584 2546 648 2611 alio
665 2547 735 2610 loco
757 2546 981 2611 choriambum
1003 2544 1205 2610 admiserint.
1239 2541 1366 2606 Proba·

229 2647 326 2712 bilius
350 2648 449 2733 igitur
472 2649 551 2713 mihi
575 2649 679 2713 visum
704 2656 754 2713 est
777 2669 835 2736 pro
859 2642 1049 2735 μνημόσυνα
1072 2647 1105 2711 in
1129 2651 1255 2711 textum
1279 2645 1366 2709 reui-

229 2772 308 2836 pero
336 2755 493 2839 μνημεῖα,
524 2773 598 2817 cum
631 2750 778 2818 eiusdem
812 2753 944 2819 fabulas
973 2775 1001 2817 v.
1027 2754 1089 2816 560
1118 2773 1176 2838 pro
1209 2753 1368 2836 μνημεῖον

228 2857 357 2941 legatur
378 2853 591 2945 μνημόσυνον.
637 2859 689 2923 lta
712 2880 784 2923 oum
808 2859 1033 2945 antistrophao
1057 2878 1154 2923 versu
1177 2863 1290 2921 nostor
1306 2877 1366 2941 op·

228 2960 305 3025 time
330 2962 494 3046 oongruit:

227 3111 273 3151 om
331 3075 375 3161 ὡς
397 3069 492 3162 οὗτος
514 3075 575 3172 ἤδη
598 3083 810 3170 σκορδινᾶται
833 3075 948 3149 κᾶστιν
970 3074 1029 3148 οὐκ
1051 3079 1084 3147 ἒν
1106 3074 1208 3147 αὑτοῦ

315 3375 440 3440 Versus
469 3380 505 3440 14
534 3376 689 3463 strophae
719 3383 752 3441 et
779 3375 1003 3463 antistrophae
1035 3377 1199 3442 insolitam
1227 3377 1365 3440 formam

228 3477 356 3544 dimetri
380 3479 510 3544 iambici
527 3480 679 3562 offerunt,
703 3479 926 3545 choriambum
947 3488 1122 3568 exceptum
1147 3479 1289 3546 diiambo
1314 3503 1365 3546 ro-

229 3583 356 3647 tardata
378 3584 482 3669 prima
505 3581 638 3647 diiambi
663 3582 741 3649 seda
765 3583 903 3648 variato:

445 3736 491 3776 ιω
540 3696 647 3769 οὐκέτι
671 3706 862 3791 πρεσβυτῶν
885 3698 980 3787 ὄχλος

538 3833 788 3873 -υν.,-.υ-

444 3925 492 3963 su
538 3893 589 3960 δεῖ
610 3891 647 3959 δέ
669 3916 706 3960 σε
728 3890 892 3974 παντοίας
914 3891 1053 3960 πλέκειν.

317 4100 387 4164 Ναο
411 4123 505 4166 secus
529 4101 570 4168 do
593 4124 691 4167 versu
717 4105 754 4166 16
784 4103 937 4190 strophas
969 4111 1003 4169 at
1029 4105 1251 4190 antistrophas
1279 4103 1364 4168 iudi-

230 4204 369 4270 candum
400 4212 459 4273 ost.
511 4208 616 4272 Minor
643 4214 694 4273 ost
721 4208 776 4272 illa
804 4208 950 4289 licentia,
981 4208 1037 4273 ubi
1064 4251 1171 4275 μυ.
1198 4207 1365 4294 praecedit
