2956 4822
189 313 231 378 ao
710 311 801 396 [uo]

189 505 245 570 illo
267 505 335 569 loco
358 505 553 589 repetiuerit,
576 505 661 570 unde
685 506 902 570 aestimatores
917 515 1150 574 arcesserentur
1172 512 1320 594 omiserit,

190 608 288 674 uerba
311 606 346 672 ἐκ
371 612 429 670 Κῶ
449 609 489 672 ad
513 616 679 694 utromque
702 612 877 674 sententias
906 620 1028 695 partem
1060 614 1227 681 referenda
1256 639 1321 685 esso

191 734 345 777 censeam.

293 816 382 900 Ager
394 816 554 882 Lebedius
565 824 601 881 ut
613 817 707 881 Teius
720 824 801 880 essct
814 825 882 881 erat
894 819 1106 901 statuendum,
1120 822 1164 886 ita
1175 825 1322 890 nimirum

190 929 226 986 ut
255 922 375 985 ciuitati
406 921 503 985 Teios
532 921 627 1005 plena
657 920 740 983 illius
769 922 837 1003 agri
870 929 1008 1005 potestas
1034 926 1133 988 fieret.
1180 927 1322 1001 Quocum

192 1027 335 1089 conferas
352 1025 445 1088 uelim
472 1045 553 1109 quae
575 1024 732 1106 significat
748 1023 925 1109 Xenophon
943 1025 982 1089 de
998 1026 1230 1094 Corinthiorum
1253 1054 1323 1097 oum

191 1127 384 1211 Argiuorum
418 1128 546 1190 ciuitate
575 1127 792 1191 coniunctione
827 1128 970 1191 instituta
999 1127 1058 1211 (H.
1089 1131 1128 1195 G.
1161 1132 1210 1195 lV
1233 1137 1263 1213 4,
1288 1136 1322 1218 6)

192 1231 240 1295 hle
262 1230 384 1295 uerbis:
408 1227 626 1309 αἰσθανόμενοι
650 1227 682 1292 di
706 1229 931 1314 ἀφανιζομένην
954 1229 1009 1313 τήν
1040 1230 1126 1297 πόλιν
1147 1235 1196 1298 drd
1220 1236 1255 1300 sd
1277 1242 1324 1302 καὶ

194 1333 308 1415 ὅρους
338 1331 594 1397 drauscio-‘lor
618 1336 665 1396 καὶ
688 1331 801 1413 ’Ἄργος
831 1333 896 1397 ἀντὶ
925 1336 1082 1416 Κορίνθου
1112 1334 1169 1421 τὴν
1197 1343 1324 1420 πατρίδα

195 1437 301 1514 αὐτοῖς
338 1435 555 1517 ὀνομάζεσθαι.
623 1436 728 1520 Atque
759 1438 872 1520 quibus
903 1438 1138 1504 condicionibus
1160 1442 1326 1510 Pereensis

195 1563 272 1625 ager
294 1542 517 1616 Melitoeensis,
541 1533 780 1604 Medeoniorum
797 1541 909 1605 Stirius
933 1543 1034 1607 factus
1057 1546 1105 1622 sit,
1129 1546 1212 1610 infra
1235 1550 1326 1613 nobis

195 1645 416 1730 exponendum
441 1647 509 1708 erit.
555 1644 736 1707 Memineris
759 1651 865 1707 autem
889 1644 1037 1709 Lebediis
1061 1648 1195 1712 inuicem
1220 1653 1327 1716 omnia

195 1749 263 1812 iura
291 1750 323 1811 in
353 1769 430 1831 agro
460 1748 536 1810 Teio
568 1747 701 1827 (scilieet
731 1748 900 1831 praecipue
925 1746 1065 1830 ε”γκτηονν
1088 1773 1182 1835 quam
1213 1754 1326 1819 Graeci

195 1850 413 1935 appellabant)
437 1853 506 1936 ipso
531 1850 668 1913 ciuitatis
692 1851 759 1913 iure
783 1849 945 1913 adtributa
968 1872 1044 1915 esse.

298 1953 422 2018 Deinde
445 1954 483 2016 de
506 1954 602 2017 sacris
624 1954 787 2037 utriusque
809 1955 946 2018 ciuitatis
969 1955 1137 2020 dicendum
1152 1966 1230 2036 erat,
1253 1982 1325 2024 oum

196 2058 263 2121 sine
299 2079 458 2122 sacrorum
495 2057 713 2120 communione
751 2059 929 2121 communio
967 2059 1013 2122 rei
1050 2060 1196 2143 publicae
1239 2066 1323 2149 apud

198 2162 335 2226 Graecos
357 2163 445 2226 nulla
467 2164 599 2245 cogitari
628 2163 736 2246 possit.
780 2160 888 2246 Atque
917 2184 1000 2227 noua
1030 2185 1118 2228 soora
1147 2170 1327 2233 communia

198 2287 261 2330 uns
283 2288 354 2331 oum
370 2267 571 2351 synoeoismis
584 2267 760 2329 ciuitatium
777 2265 937 2329 interdum
952 2267 1096 2331 instituto
1112 2289 1179 2333 esse
1194 2279 1325 2353 constat,

199 2370 310 2454 quibus
332 2392 371 2434 ea
401 2391 481 2454 quae
512 2371 593 2434 inter
630 2369 708 2433 duas
747 2390 796 2432 ros
841 2370 982 2453 publicas
1019 2370 1114 2434 fiebat
1151 2377 1326 2439 communio

198 2474 445 2557 significaretur:
473 2483 507 2538 ut
530 2474 664 2537 Athonis
686 2473 813 2547 ξυνοίκια
836 2480 907 2537 acto
929 2495 997 2537 esse
1020 2474 1060 2538 ad
1084 2477 1177 2540 totius
1200 2476 1327 2543 Atticae

200 2578 385 2661 synoecismi
408 2578 591 2640 memoriam
614 2576 701 2638 testis
735 2583 782 2638 est
805 2575 1034 2659 Thucydides¹.
1080 2576 1196 2642 Exstat
1219 2581 1328 2645 titulus

201 2679 380 2765 Myconius,
411 2680 528 2765 publici
563 2680 637 2742 iuris
667 2678 769 2742 factus
799 2678 1054 2759 aOnmanudess‘,
1084 2701 1176 2764 quem
1200 2691 1328 2766 propter

201 2785 376 2849 litterarum
400 2785 515 2849 formas
538 2784 630 2847 alteri
654 2782 720 2848 iore
744 2806 772 2848 a.
795 2782 829 2847 C.
853 2785 979 2848 saeculo
1004 2785 1113 2850 tribuit
1136 2787 1251 2868 editor,
1274 2791 1328 2874 qui

202 2889 312 2954 titulus
334 2889 374 2951 ab
397 2888 445 2951 his
467 2888 572 2952 uerbis
594 2889 720 2972 incipit:
810 2930 813 2935 «

600 3047 672 3108 (deci
695 3042 787 3127 τύχηι
810 3042 939 3127 ἀγαθῆν.

205 3168 258 3235 En’
284 3165 440 3252 ἀρχόντων
465 3166 629 3247 Κρατίνου,
652 3163 842 3249 Πολυζήλου,
867 3165 1066 3250 Φιλόφρονος,
1088 3166 1149 3230 ὅτε

204 3274 506 3355 ουνοανίσθησον
530 3271 564 3334 αἱ
587 3269 723 3346 πόλεις,
747 3268 819 3332 τάδε
842 3268 941 3350 ἔδοξεν
969 3270 1135 3348 Μυκονίονς

205 3377 294 3442 θύειν
308 3375 383 3457 πρὸς
400 3383 462 3452 τοῖς
478 3373 534 3454 πρό
539 3399 622 3453 τερον
638 3376 686 3437 καί
702 3371 922 3454 νὀηναρθώθη
939 3376 1004 3454 περὶ
1018 3379 1078 3436 ταῖν
1091 3372 1254 3455 προτέραν,
1270 3382 1331 3439 κτλ.

306 3499 453 3582 Sequitur
475 3496 636 3579 catalogus
659 3495 882 3558 sacrificiorum
905 3515 986 3579 quae
1017 3495 1048 3557 in
1071 3501 1173 3558 certos
1197 3495 1264 3559 dies
1287 3497 1332 3560 in·

206 3604 315 3666 stituta
337 3602 389 3665 uel
412 3599 545 3684 publicis
567 3599 663 3662 saeris
678 3597 837 3681 adscripta
860 3604 932 3660 sunt
956 3619 992 3661 eo
1016 3599 1082 3682 ipso
1106 3604 1248 3683 temporo
1272 3620 1332 3683 quo

206 3704 331 3791 Myconi
354 3698 498 3768 ciuitates
520 3702 625 3769 duae³
647 3703 678 3766 in
702 3723 798 3765 unam
822 3703 1006 3765 coniunctae
1028 3710 1111 3766 sunt.

309 3808 432 3872 Similia
447 3808 504 3871 Tei
527 3807 698 3871 constituta
720 3826 788 3870 esse
811 3806 955 3883 conicias,
968 3827 1170 3890 quamquam
1194 3805 1332 3869 dubitari

207 3911 289 3990 licet,
300 3934 357 3976 rex
369 3920 474 3976 utrum
483 3910 560 3973 haec
570 3910 636 3974 fieri
647 3911 771 3973 iusserit
781 3909 912 3972 anTsiis
921 3910 1097 3992 permiserit
1105 3909 1335 3973 constituenda.

208 4014 300 4079 Certe
316 4014 483 4079 dicendum
499 4020 567 4078 erat
589 4013 628 4077 de
643 4014 824 4077 sacerdotiis
844 4012 978 4096 publicis
1000 4032 1071 4074 cum
1088 4011 1236 4076 Lebediis
1252 4032 1338 4075 oom-

311 4142 366 4222 in
381 4130 425 4222 lb.
445 4170 479 4249 ol.
499 4169 579 4220 otiam
594 4166 678 4233 ,Κοὴο
698 4168 715 4219 l.
735 4183 758 4219 o.
777 4184 802 4233 p.
821 4166 853 4220 21
874 4182 932 4218 cum
952 4172 1017 4218 uota
1037 4164 1077 4219 13.

311 4254 480 4322 ’Ἀθηναίου
497 4255 552 4307 nol.
571 4253 598 4306 11
618 4269 642 4320 p.
660 4252 718 4306 ⁸237.
747 4253 954 4319 Dittonbsrgsri
981 4251 1046 4319 Syll.
1072 4251 1132 4306 813.

312 4339 439 4409 'Scylax
456 4337 497 4392 bd.
