2954 4808
689 277 782 364 [193]
1286 288 1304 350 r

168 455 272 540 codex
295 471 350 537 iol.
374 475 528 537 44¹-46'
543 477 575 538 ct
593 474 718 538 70-71
744 481 776 537 01
802 472 995 536 187“-·204’
1011 471 1304 561 Pseudo-Hephae·

168 576 278 644 ationis
300 577 520 662 paragraphus
546 577 661 659 1-33,
685 578 737 655 37,
759 578 905 659 44-45;
929 576 965 658 §5
979 579 1107 643 84-36
1124 585 1156 646 01
1176 582 1304 647 38-43

168 690 275 747 utrum
297 681 432 748 omissae
454 681 517 745 sint
538 701 578 745 an
600 681 683 746 inter
706 679 822 746 diversi
845 682 1026 765 argumenti
1043 682 1169 748 libellos
1186 683 1305 771 disper·

168 804 222 850 sae
244 785 321 849 item
351 791 448 870 atque
475 784 618 870 reliquae
639 782 1038 868 Pseudo-Hephaestionis
1060 789 1263 874 paragraphi,
1287 813 1305 857 0

168 889 258 955 Curii
275 888 496 974 descriptione,
513 909 608 974 quam
624 896 753 954 secutus
771 896 820 954 est
836 887 1036 953 Studemnnd
1054 890 1074 955 l.
1088 912 1125 971 c.,
1149 894 1306 959 nonsatis

167 998 319 1078 apparot,
343 1015 416 1057 curn
438 989 513 1077 §35
537 992 749 1059 conferendus
771 993 910 1059 fortasse
934 1002 983 1059 est
998 994 1034 1077 is,
1057 996 1113 1079 qui
1132 996 1165 1059 in
1180 996 1237 1062 iol.
1255 999 1307 1061 72²

167 1096 291 1180 legitur,
315 1102 469 1163 tractatus
491 1097 532 1164 de
556 1099 733 1163 carminum
755 1098 927 1183 generibus
950 1097 1054 1164 variis.

269 1203 300 1267 2.
333 1201 485 1272 Fortasse
508 1200 570 1267 buc
592 1202 731 1288 pertinet
753 1201 849 1266 etiam
871 1199 974 1267 codex

271 1304 299 1378 Q
332 1333 373 1359 =
407 1305 685 1370 Matritensis
720 1306 765 1369 40
803 1304 849 1368 sio
882 1302 1059 1389 descriptus
1101 1306 1133 1369 in
1177 1306 1306 1373 Ioannis

166 1407 280 1474 Iriartc
307 1409 468 1494 catalogo,
496 1409 547 1489 oui
571 1408 752 1474 inscribitur
783 1406 916 1493 ‘Regiae
950 1408 1166 1475 bibliothecae
1196 1409 1306 1474 Matri·

167 1512 266 1576 tensis
293 1510 384 1578 codd.
408 1532 457 1595 gr.
480 1508 572 1589 mss.’,
602 1532 687 1577 anno
721 1510 840 1576 Matriti
877 1513 958 1576 1769
990 1513 1093 1579 vol.I
1123 1532 1196 1598 pag.
1228 1516 1305 1580 145:

166 1611 401 1682 ‘Membraneus
424 1616 550 1702 partim,
582 1615 698 1702 partim
722 1615 920 1700 chartaceus,
947 1615 1016 1681 folii
1038 1617 1168 1680 minoris
1193 1615 1305 1698 forma,
1363 1603 1366 1610 ¹

167 1717 252 1783 foliis
268 1721 330 1783 128
346 1719 464 1804 duplici
481 1740 589 1800 manu,
611 1719 710 1784 altera
727 1718 856 1803 quidem
871 1719 1059 1804 antiquiore,
1081 1720 1202 1784 saeculi
1216 1719 1307 1784 nimi·

168 1843 236 1887 rum
260 1821 344 1888 XIV
366 1823 398 1887 in
423 1823 613 1888 membranis
636 1821 837 1888 densioribus
855 1843 932 1907 prae
950 1829 1110 1889 vetustate
1124 1822 1232 1907 fuscis,
1255 1824 1306 1888 hio

168 1924 290 1991 detritis
313 1925 377 1990 illic
398 1925 521 2007 laceris,
544 1945 656 1990 erasae
677 1926 793 2010 prioris
815 1926 994 2012 scripturae
1021 1926 1156 2010 vestigia
1187 1928 1305 2013 passim

167 2028 410 2112 exhibentibus3
438 2028 540 2094 altera
563 2048 638 2093 vcro
669 2029 701 2092 in
731 2029 938 2095 crassioribus
968 2029 1086 2095 chartis
1117 2031 1306 2108 recentiore,

167 2132 286 2196 saeculi
302 2132 377 2199 XV.
422 2133 689 2219 Fragmentorum
713 2136 1003 2220 opusculorumque
1026 2135 1305 2218 grammaticorum

165 2236 356 2322 farraginem
388 2235 620 2323 complectens'.
666 2236 758 2303 Ocni.
779 2244 946 2324 practerea
971 2237 1166 2304 Guilelmum
1190 2236 1306 2303 Stude·

167 2339 265 2405 mund
288 2341 320 2406 in
343 2341 448 2407 annal.
472 2340 584 2427 philol.
607 2361 637 2408 a.
654 2343 737 2407 1867
761 2362 835 2428 pag.
853 2344 926 2408 612.
966 2341 1116 2408 Continet
1132 2341 1183 2407 hic
1202 2341 1306 2408 codex

165 2442 220 2510 fo'l.
253 2447 408 2511 56—67:
449 2443 742 2531 Ἡφαιστίονος
774 2452 990 2530 γραμματικοῦ
1023 2447 1201 2530 ἐγχειρίδιον
1235 2447 1306 2531 περὶ

166 2545 299 2632 μέτρων,
321 2550 399 2613 inu:
429 2549 466 2611 Et
487 2548 652 2630 μέλλοιμεν
674 2547 830 2630 ἐμμελῶς,
861 2549 944 2614 dea:
974 2550 1023 2613 καὶ
1052 2555 1117 2612 τῶν
1144 2549 1222 2613 aurci
1251 2549 1306 2627 τοὶς

166 2648 453 2732 conterraneum
479 2651 607 2736 εἴρηται.
653 2652 846 2737 (Perparam
871 2651 912 2716 60
934 2652 1030 2717 huius
1053 2651 1160 2736 operis
1183 2652 1247 2718 fine
1270 2673 1305 2718 se

168 2754 328 2820 rettulisse
356 2754 525 2820 confitetur
547 2755 663 2821 Iriartc
686 2757 719 2820 in
742 2757 892 2841 catalogo
915 2775 989 2841 pag.
1014 2756 1094 2839 3813
1117 2754 1200 2820 conf.
1223 2777 1306 2843 quae

167 2856 243 2924 inde
274 2857 433 2945 descripta
460 2858 501 2924 ad
532 2860 673 2925 codicem
708 2859 927 2927 Matritensem
960 2862 1001 2924 85
1035 2858 1118 2924 infra
1153 2858 1307 2924 adnotavi

167 2983 242 3048 pag.
271 2962 338 3043 13).
386 2962 480 3038 Quod
509 2961 599 3028 addit
628 2963 743 3030 Iriartc
771 2963 806 3044 (l.
834 2983 861 3029 c.
889 2983 963 3048 pag.
993 2960 1072 3046 147)
1100 2962 1304 3048 'Opuscnlum
1399 3033 1404 3042 ,

168 3066 253 3153 typis
282 3086 347 3131 non
380 3066 480 3132 semel
507 3066 648 3151 editum',
674 3067 706 3132 id
733 3087 791 3152 per
818 3088 958 3133 errorem
985 3067 1054 3132 sina
1086 3066 1184 3131 dubio
1216 3066 1308 3148 dixit,

169 3170 322 3256 deceptus
345 3169 467 3237 scilicet
489 3170 750 3256 Hephaestionis,
775 3171 830 3256 qui
845 3170 878 3236 in
892 3170 1098 3256 inscriptione
1115 3191 1307 3236 commemo·

168 3283 266 3358 ratur,
290 3275 428 3341 nomine.

270 3378 328 3459 Ea,
351 3399 434 3464 quae
455 3379 540 3445 foliis
563 3381 717 3444 61'-63‘
732 3385 815 3446 extr.
832 3379 1048 3460 continentur,
1067 3396 1089 3442 0
1106 3378 1175 3444 viro
1192 3377 1307 3444 doctis·

168 3482 249 3547 simo
274 3480 412 3547 Oarolo
435 3481 599 3548 Galland
621 3481 744 3547 Matriti
763 3503 848 3548 anno
866 3483 948 3546 1883
965 3480 1124 3568 descripta
1141 3481 1306 3567 perlegere

168 3583 245 3648 mihi
260 3570 356 3664 licuit,
379 3605 441 3651 nec
462 3591 570 3652 tamen
593 3585 708 3664 inveni,
731 3606 814 3672 quae
830 3584 870 3650 06
886 3583 1306 3669 Pseudo-Hephaestionem

167 3689 373 3773 pertinerent,
397 3696 524 3775 praeter
547 3710 586 3755 ca
608 3709 689 3775 qnae
712 3694 839 3754 exstant
861 3690 892 3754 iu
922 3688 977 3753 iol.
1002 3689 1059 3752 61*
1074 3694 1107 3754 01
1130 3689 1183 3752 62Ι
1203 3689 1308 3775 capita

168 3793 238 3877 napi
265 3790 434 3875 σχημάτων
462 3797 495 3857 01
520 3794 591 3877 περὶ
617 3797 733 3856 παθῶν
760 3812 832 3855 cum
858 3788 1045 3875 Ps-Heph.
1073 3789 1110 3872 ἓξ
1139 3791 1178 3854 16
1207 3797 1238 3855 01
1269 3793 1305 3856 17

168 3895 394 3981 congruentia,
421 3896 479 3962 sed
503 3895 723 3962 desiderantur
746 3916 784 3960 ca
806 3894 917 3977 verba,
943 3914 1025 3979 quaa
1052 3894 1137 3979 apud
1161 3893 1306 3978 Pseudo·

168 4000 444 4085 Hephaestionem
469 4007 502 4067 et
517 3999 873 4066 Pseudo-Plutarchum
894 4000 1048 4085 leguntur
1070 3999 1103 4063 in
1125 3999 1189 4064 fine
1210 3996 1306 4063 huius

167 4105 298 4192 capitis:
330 4105 416 4190 Περὶ
443 4104 502 4185 μὲν
532 4100 587 4170 οὖν
618 4105 724 4186 τομῶν
757 4127 783 4171 0.
807 4126 836 4189 q.
859 4125 885 4170 s.
917 4102 1067 4188 Sequitur
1099 4107 1195 4188 caput
1225 4101 1307 4184 Περὶ

167 4215 272 4291 τομῶν
294 4207 406 4297 ἑτέρως
429 4208 468 4273 06
492 4208 626 4274 verbum
651 4228 828 4294 congruens
857 4229 929 4273 cunr
959 4209 1007 4290 iis,
1034 4227 1116 4293 quac
1147 4206 1180 4270 in
1201 4206 1307 4270 Ancc·
