2954 4822
204 637 327 721 ταχέως
349 662 379 706 v.
401 642 464 704 812
486 660 546 726 per
569 640 733 724 syniacsin
756 640 1031 726 pronuntiandum
1054 650 1121 724 est,
1145 648 1182 706 ut
1205 643 1347 708 evitetur

205 750 405 831 anapaestus
439 745 540 809 iambi
574 744 646 809 loco
674 745 812 832 positus.
859 744 1021 820 Quoniam
1052 745 1084 810 hi
1119 746 1345 833 antistropbae

205 870 320 914 versus
343 849 474 914 iambici
498 854 587 929 sunt,
617 849 735 934 quibus
762 849 942 914 choriambi
964 855 1042 917 sunt
1065 849 1216 932 admixti,
1246 857 1346 936 atquc

205 956 329 1040 primus
352 961 526 1041 praeterea
548 962 581 1019 et
604 955 738 1019 ultimus
762 955 916 1042 strophae
934 974 1047 1020 versus
1063 956 1247 1022 tetrametri
1261 955 1344 1020 iam·

205 1059 269 1124 bici
292 1060 477 1124 catalectici
501 1064 535 1123 ct
563 1059 736 1124 acataleeti
758 1060 828 1124 vice
851 1059 1042 1144 fungantur,
1071 1060 1346 1124 verisimillimum

206 1170 256 1228 est
279 1164 379 1228 etiam
402 1170 469 1228 tres
493 1163 548 1248 qui
572 1163 603 1225 in
623 1162 731 1227 medio
748 1163 847 1249 positi
863 1168 937 1227 sunt
953 1184 1068 1228 versus
1085 1163 1242 1228 iambicos
1260 1184 1346 1230 esso.

206 1267 323 1353 Itaque
344 1289 375 1333 v.
392 1270 410 1329 2
428 1273 462 1332 ct
478 1269 496 1330 3
520 1266 566 1330 ita
591 1267 676 1330 inter
697 1287 732 1330 se
748 1266 993 1352 coniungendcs
1010 1289 1084 1332 esse
1099 1289 1220 1333 censeo
1236 1309 1345 1343 ..-aa

206 1414 320 1449 hm,
345 1376 380 1435 ut
401 1391 429 1435 v.
455 1372 473 1434 3
498 1375 531 1435 et
553 1375 572 1433 4
596 1369 681 1435 hanc
704 1371 874 1435 metricam
898 1371 1043 1457 speciem
1065 1372 1262 1458 praebcant:

207 1616 304 1682 quem
327 1615 459 1660 versum
481 1593 706 1678 logaoedicum
730 1601 825 1681 putes
849 1600 992 1682 oportet,
1023 1615 1097 1659 cum
1120 1594 1160 1660 de
1185 1593 1299 1658 ionicis
1322 1615 1343 1658 a

209 1701 333 1764 minore
363 1699 458 1762 huius
487 1697 613 1762 famiae
636 1740 736 1765 osa
762 1706 938 1786 propterea
970 1699 1108 1784 eogitari
1141 1720 1204 1764 non
1233 1699 1347 1785 possit,

207 1806 283 1890 quia
305 1805 430 1869 nullum
453 1810 578 1869 certum
604 1809 696 1869 extat
720 1804 909 1889 exemplum
924 1846 944 1870 o
956 1848 976 1870 o
989 1847 1023 1868 Η
1038 1804 1137 1890 positi
1153 1803 1185 1868 in
1202 1803 1347 1889 stropha,

206 1930 289 1993 quae
320 1929 361 1972 ne
385 1929 485 1972 unum
509 1907 639 1995 quidem
664 1909 829 1972 contineat
861 1909 1024 1994 integrum
1054 1909 1194 1973 ionicum
1224 1950 1346 1984 Νη,

207 2019 347 2100 excepto
363 2013 427 2077 fine
444 2012 661 2097 stropharum.
701 2011 1028 2077 commemorandum
1044 2018 1227 2093 esttamen,
1252 2019 1346 2077 tones

207 2117 343 2181 artificio
361 2137 426 2180 non
443 2115 585 2180 admisso
598 2115 682 2180 hane
699 2116 866 2201 stropham
883 2116 929 2180 ita
943 2116 1099 2203 explicari
1114 2138 1222 2202 posse,
1239 2123 1275 2180 ut
1287 2118 1347 2179 v.2

207 2227 240 2284 et
255 2225 275 2284 4
291 2219 550 2306 penthemimere
562 2219 702 2284 iambica
714 2224 872 2305 putentur
883 2263 1024 2288 .....
1031 2268 1039 2301 ,
1057 2220 1153 2305 quale
1171 2221 1345 2285 statuimus

207 2325 312 2411 suppl.
327 2327 367 2388 97
381 2355 421 2378 =
437 2326 496 2388 105
509 2324 533 2406 ¹)
557 2345 617 2410 per
630 2322 754 2408 hippo
778 2332 929 2411 quattuor
952 2331 1135 2411 temporum
1158 2325 1200 2389 ad
1215 2323 1344 2388 dimetri

208 2429 338 2493 iambici
360 2433 559 2514 potestatem
576 2428 783 2515 productum,
805 2429 904 2515 idque
923 2430 1007 2494 binis
1024 2430 1196 2494 versiculis
1214 2427 1347 2515 paribus

208 2533 270 2597 hcc
284 2531 379 2597 modo
393 2537 427 2598 ct
440 2532 593 2617 strophae
608 2538 641 2596 et
653 2532 876 2619 antistrophae
893 2534 1025 2598 insertis
1038 2532 1243 2619 comprobari
1256 2531 1347 2595 vide-

207 2642 269 2717 tur,
293 2656 489 2722 quamquam
507 2639 568 2699 v.3
594 2637 655 2701 hac
679 2658 807 2725 quoque
829 2636 1016 2724 explicandi
1038 2637 1164 2701 ratione
1188 2635 1347 2715 adhibita,

208 2741 270 2804 nisi
293 2741 470 2827 logaoedcs
492 2741 633 2807 insertos
658 2744 826 2825 statueris,
851 2743 1009 2830 explicari
1031 2744 1155 2828 nequit.

207 2873 209 2880 “
295 2867 388 2932 Inter
415 2886 591 2931 souroonuu
614 2886 794 2932 rasennam
822 2868 884 2932 tria
913 2871 1046 2948 extant,
1075 2887 1160 2951 quac
1185 2866 1248 2929 huc
1271 2887 1347 2952 pcr-

210 2971 329 3037 tinent:

554 3073 684 3141 Onaruu
707 3076 746 3142 fr.
771 3077 833 3140 324
850 3097 878 3141 a.
892 3075 923 3141 b.
937 3095 964 3138 c.
976 3072 1005 3160 2)

333 3186 399 3260 e’o'ce
420 3187 601 3276 mccoxoir'
627 3188 711 3275 ἶίναξ
731 3188 828 3281 χαῖρ’,
852 3187 966 3283 ἔφασκ’
990 3187 1215 3282 Ἐκφαντίδης.

332 3293 443 3364 πάντα
466 3295 605 3387 φορητὰ,
629 3294 739 3365 πάντα
761 3295 908 3387 actum&
929 3298 1014 3384 τῷδε
1036 3300 1084 3384 τῷ
1105 3299 1201 3384 χορῷ.

334 3398 420 3491 πλὴν
442 3399 557 3474 Ξενίου
580 3399 710 3487 νόμοισι
733 3402 789 3470 καὶ
815 3399 1017 3486 Σχοινίωνος,
1041 3390 1068 3467 ὦ
1094 3397 1223 3488 Χάρων.

211 3749 454 3837 Hephaestion,
489 3751 544 3836 qui
575 3751 635 3815 hos
666 3771 781 3815 versus
812 3750 845 3814 in
878 3751 985 3835 capite
1015 3747 1091 3835 περὶ
1118 3741 1349 3836 ἂσυναρτήτων

212 3855 393 3940 servavit‚³)
413 3861 550 3920 metrum
575 3849 725 3940 καθαρὸν
740 3849 933 3939 Κρατίνειον
956 3858 1060 3918 vocat.
1099 3851 1225 3916 Eodem
1250 3852 1348 3915 modo

284 4080 305 4146 ¹)
323 4078 358 4134 ci.
376 4095 461 4149 supra
478 4097 506 4150 p.
523 4078 566 4133 40.

283 4167 304 4232 ¹)
324 4164 357 4219 ci.
375 4165 549 4220 Eoruaurmrs
567 4164 629 4221 fr.3
647 4182 674 4234 p.
687 4164 728 4217 20.

284 4253 305 4319 ⁸)
326 4251 475 4321 Hephaesb.
495 4253 581 4323 1³·55·
