<?xml version="1.0" encoding="UTF-8"?>
<!DOCTYPE html PUBLIC "-//W3C//DTD XHTML 1.0 Transitional//EN"
    "http://www.w3.org/TR/xhtml1/DTD/xhtml1-transitional.dtd">
<html xmlns="http://www.w3.org/1999/xhtml" xml:lang="en" lang="en">
 <head>
  <title>
</title>
<meta http-equiv="Content-Type" content="text/html;charset=utf-8" />
  <meta name='ocr-system' content='tesseract 3.04.00' />
  <meta name='ocr-capabilities' content='ocr_page ocr_carea ocr_par ocr_line ocrx_word'/>
</head>
<body>
  <div class='ocr_page' id='page_1' title='image "./dissertationesp00stragoog/dissertationesp00stragoog_0652.png"; bbox 0 0 3030 4816; ppageno 0'>
   <div class='ocr_carea' id='block_1_1' title="bbox 674 309 763 402">
    <p class='ocr_par' dir='ltr' id='par_1_1' title="bbox 674 309 763 402">
     <span class='ocr_line' id='line_1_1' title="bbox 674 309 763 402; baseline 0.011 -19"><span class='ocrx_word' id='word_1_1' title='bbox 674 309 763 402; x_wconf 77' lang='lat' dir='ltr'>[aaa]</span> 
     </span>
    </p>
   </div>
   <div class='ocr_carea' id='block_1_2' title="bbox 282 505 1109 803">
    <p class='ocr_par' dir='ltr' id='par_1_2' title="bbox 282 505 1109 803">
     <span class='ocr_line' id='line_1_2' title="bbox 286 505 972 596; baseline 0.003 -23"><span class='ocrx_word' id='word_1_2' title='bbox 286 505 406 574; x_wconf 84' lang='lat' dir='ltr'><strong><em>Orator</em></strong></span> <span class='ocrx_word' id='word_1_3' title='bbox 430 506 551 574; x_wconf 77' lang='lat' dir='ltr'>odoros</span> <span class='ocrx_word' id='word_1_4' title='bbox 574 512 665 574; x_wconf 83' lang='lat' dir='ltr'>aerio</span> <span class='ocrx_word' id='word_1_5' title='bbox 688 519 805 575; x_wconf 80' lang='lat' dir='ltr'>ornatu</span> <span class='ocrx_word' id='word_1_6' title='bbox 827 508 972 596; x_wconf 72' lang='lat' dir='ltr'>prologi:</span> 
     </span>
     <span class='ocr_line' id='line_1_3' title="bbox 282 613 1109 694; baseline 0.004 -16"><span class='ocrx_word' id='word_1_7' title='bbox 282 613 383 678; x_wconf 78' lang='lat' dir='ltr'>Sinite</span> <span class='ocrx_word' id='word_1_8' title='bbox 405 621 552 678; x_wconf 78' lang='lat' dir='ltr'>exorator</span> <span class='ocrx_word' id='word_1_9' title='bbox 574 615 643 694; x_wconf 84' lang='lat' dir='ltr'>sim,</span> <span class='ocrx_word' id='word_1_10' title='bbox 666 614 768 678; x_wconf 85' lang='lat' dir='ltr'>eodem</span> <span class='ocrx_word' id='word_1_11' title='bbox 792 621 827 679; x_wconf 86' lang='lat' dir='ltr'>ut</span> <span class='ocrx_word' id='word_1_12' title='bbox 848 618 917 679; x_wconf 85' lang='lat' dir='ltr'>lure</span> <span class='ocrx_word' id='word_1_13' title='bbox 940 618 987 680; x_wconf 84' lang='lat' dir='ltr'>ati</span> <span class='ocrx_word' id='word_1_14' title='bbox 1009 635 1109 681; x_wconf 84' lang='lat' dir='ltr'>serrem</span> 
     </span>
     <span class='ocr_line' id='line_1_4' title="bbox 282 716 1022 803; baseline 0.004 -22"><span class='ocrx_word' id='word_1_15' title='bbox 282 716 403 799; x_wconf 77' lang='lat' dir='ltr'>Isioeot,</span> <span class='ocrx_word' id='word_1_16' title='bbox 428 738 487 803; x_wconf 79' lang='lat' dir='ltr'>qao</span> <span class='ocrx_word' id='word_1_17' title='bbox 509 720 579 783; x_wconf 86' lang='lat' dir='ltr'>iure</span> <span class='ocrx_word' id='word_1_18' title='bbox 601 739 670 783; x_wconf 85' lang='lat' dir='ltr'>sum</span> <span class='ocrx_word' id='word_1_19' title='bbox 692 739 768 783; x_wconf 82' lang='lat' dir='ltr'>usus</span> <span class='ocrx_word' id='word_1_20' title='bbox 792 720 1022 785; x_wconf 76' lang='lat' dir='ltr'>oelrrleseerrtlor</span> 
     </span>
    </p>
   </div>
   <div class='ocr_carea' id='block_1_3' title="bbox 151 848 1286 1765">
    <p class='ocr_par' dir='ltr' id='par_1_3' title="bbox 151 848 1286 1765">
     <span class='ocr_line' id='line_1_5' title="bbox 154 848 1286 938; baseline 0.003 -26"><span class='ocrx_word' id='word_1_21' title='bbox 154 848 270 914; x_wconf 81' lang='lat' dir='ltr'>diserte</span> <span class='ocrx_word' id='word_1_22' title='bbox 292 855 449 913; x_wconf 89' lang='lat' dir='ltr'>oratorem</span> <span class='ocrx_word' id='word_1_23' title='bbox 471 869 538 913; x_wconf 90' lang='lat' dir='ltr'>sese</span> <span class='ocrx_word' id='word_1_24' title='bbox 561 850 581 912; x_wconf 93' lang='lat' dir='ltr'>i.</span> <span class='ocrx_word' id='word_1_25' title='bbox 605 871 631 914; x_wconf 86' lang='lat' dir='ltr'>e.</span> <span class='ocrx_word' id='word_1_26' title='bbox 654 855 816 934; x_wconf 81' lang='lat' dir='ltr'><strong>tamquam</strong></span> <span class='ocrx_word' id='word_1_27' title='bbox 836 851 976 933; x_wconf 86' lang='lat' dir='ltr'>legatum</span> <span class='ocrx_word' id='word_1_28' title='bbox 993 850 1033 915; x_wconf 91' lang='lat' dir='ltr'>ad</span> <span class='ocrx_word' id='word_1_29' title='bbox 1049 851 1200 938; x_wconf 90' lang='lat' dir='ltr'>populum</span> <span class='ocrx_word' id='word_1_30' title='bbox 1216 872 1286 936; x_wconf 91' lang='lat' dir='ltr'>pro·</span> 
     </span>
     <span class='ocr_line' id='line_1_6' title="bbox 152 950 1286 1038; baseline 0.004 -22"><span class='ocrx_word' id='word_1_31' title='bbox 152 952 219 1016; x_wconf 88' lang='lat' dir='ltr'>dire</span> <span class='ocrx_word' id='word_1_32' title='bbox 241 951 417 1036; x_wconf 87' lang='lat' dir='ltr'>profitetur,</span> <span class='ocrx_word' id='word_1_33' title='bbox 448 953 485 1016; x_wconf 87' lang='lat' dir='ltr'>cf.</span> <span class='ocrx_word' id='word_1_34' title='bbox 509 950 687 1016; x_wconf 78' lang='lat' dir='ltr'><strong>Donatum:</strong></span> <span class='ocrx_word' id='word_1_35' title='bbox 723 960 879 1018; x_wconf 83' lang='lat' dir='ltr'>oratorem</span> <span class='ocrx_word' id='word_1_36' title='bbox 910 956 1023 1019; x_wconf 83' lang='lat' dir='ltr'>audire</span> <span class='ocrx_word' id='word_1_37' title='bbox 1056 962 1205 1038; x_wconf 79' lang='lat' dir='ltr'><em>oportere,</em></span> <span class='ocrx_word' id='word_1_38' title='bbox 1234 957 1286 1020; x_wconf 83' lang='lat' dir='ltr'>ias</span> 
     </span>
     <span class='ocr_line' id='line_1_7' title="bbox 152 1057 1285 1143; baseline 0.002 -23"><span class='ocrx_word' id='word_1_39' title='bbox 152 1060 290 1140; x_wconf 74' lang='lat' dir='ltr'>peritiam</span> <span class='ocrx_word' id='word_1_40' title='bbox 313 1063 375 1121; x_wconf 86' lang='lat' dir='ltr'>est:</span> <span class='ocrx_word' id='word_1_41' title='bbox 396 1076 435 1120; x_wconf 82' lang='lat' dir='ltr'>ne</span> <span class='ocrx_word' id='word_1_42' title='bbox 456 1058 557 1139; x_wconf 80' lang='lat' dir='ltr'>lpitrrr</span> <span class='ocrx_word' id='word_1_43' title='bbox 580 1057 765 1140; x_wconf 72' lang='lat' dir='ltr'><em>expellatur,</em></span> <span class='ocrx_word' id='word_1_44' title='bbox 793 1079 855 1122; x_wconf 78' lang='lat' dir='ltr'>aori</span> <span class='ocrx_word' id='word_1_45' title='bbox 878 1078 910 1122; x_wconf 86' lang='lat' dir='ltr'>se</span> <span class='ocrx_word' id='word_1_46' title='bbox 927 1060 1097 1143; x_wconf 72' lang='lat' dir='ltr'>prologum</span> <span class='ocrx_word' id='word_1_47' title='bbox 1127 1059 1182 1123; x_wconf 83' lang='lat' dir='ltr'>secl</span> <span class='ocrx_word' id='word_1_48' title='bbox 1213 1079 1285 1122; x_wconf 87' lang='lat' dir='ltr'>ora·</span> 
     </span>
     <span class='ocr_line' id='line_1_8' title="bbox 151 1159 1282 1238; baseline 0.001 -13"><span class='ocrx_word' id='word_1_49' title='bbox 151 1168 247 1225; x_wconf 86' lang='lat' dir='ltr'>torem</span> <span class='ocrx_word' id='word_1_50' title='bbox 270 1162 421 1224; x_wconf 82' lang='lat' dir='ltr'>nominat.</span> <span class='ocrx_word' id='word_1_51' title='bbox 438 1197 478 1205; x_wconf 96' lang='lat'><strong>—</strong></span> <span class='ocrx_word' id='word_1_52' title='bbox 495 1159 546 1223; x_wconf 85' lang='lat' dir='ltr'>Ex</span> <span class='ocrx_word' id='word_1_53' title='bbox 569 1160 679 1238; x_wconf 81' lang='lat' dir='ltr'>eodem</span> <span class='ocrx_word' id='word_1_54' title='bbox 695 1161 784 1224; x_wconf 92' lang='lat' dir='ltr'>initio</span> <span class='ocrx_word' id='word_1_55' title='bbox 801 1159 961 1225; x_wconf 75' lang='lat' dir='ltr'>Deiotelro</span> <span class='ocrx_word' id='word_1_56' title='bbox 976 1162 1008 1225; x_wconf 96' lang='lat' dir='ltr'>in</span> <span class='ocrx_word' id='word_1_57' title='bbox 1025 1162 1159 1236; x_wconf 84' lang='lat' dir='ltr'>&#39;Quaest</span> <span class='ocrx_word' id='word_1_58' title='bbox 1176 1162 1282 1227; x_wconf 80' lang='lat' dir='ltr'>select.</span> 
     </span>
     <span class='ocr_line' id='line_1_9' title="bbox 153 1260 1284 1350; baseline 0.001 -22"><span class='ocrx_word' id='word_1_59' title='bbox 153 1265 192 1330; x_wconf 93' lang='lat' dir='ltr'>de</span> <span class='ocrx_word' id='word_1_60' title='bbox 222 1265 360 1350; x_wconf 89' lang='lat' dir='ltr'>prologis</span> <span class='ocrx_word' id='word_1_61' title='bbox 383 1263 488 1327; x_wconf 86' lang='lat' dir='ltr'>Plaut.</span> <span class='ocrx_word' id='word_1_62' title='bbox 519 1269 559 1327; x_wconf 90' lang='lat' dir='ltr'>et.</span> <span class='ocrx_word' id='word_1_63' title='bbox 583 1260 717 1327; x_wconf 60' lang='lat' dir='ltr'>Terent?</span> <span class='ocrx_word' id='word_1_64' title='bbox 744 1285 776 1348; x_wconf 86' lang='lat' dir='ltr'>p.</span> <span class='ocrx_word' id='word_1_65' title='bbox 801 1266 819 1328; x_wconf 91' lang='grc'><strong>6</strong></span> <span class='ocrx_word' id='word_1_66' title='bbox 844 1264 949 1346; x_wconf 86' lang='lat' dir='ltr'>efficit,</span> <span class='ocrx_word' id='word_1_67' title='bbox 980 1286 1053 1329; x_wconf 92' lang='lat' dir='ltr'>eum</span> <span class='ocrx_word' id='word_1_68' title='bbox 1077 1266 1130 1348; x_wconf 91' lang='lat' dir='ltr'>qui</span> <span class='ocrx_word' id='word_1_69' title='bbox 1159 1265 1284 1349; x_wconf 85' lang='lat' dir='ltr'>prologi</span> 
     </span>
     <span class='ocr_line' id='line_1_10' title="bbox 152 1366 1283 1453; baseline 0.001 -22"><span class='ocrx_word' id='word_1_70' title='bbox 152 1389 282 1432; x_wconf 90' lang='lat' dir='ltr'>munere</span> <span class='ocrx_word' id='word_1_71' title='bbox 302 1368 334 1431; x_wconf 93' lang='lat' dir='ltr'>in</span> <span class='ocrx_word' id='word_1_72' title='bbox 351 1367 512 1431; x_wconf 78' lang='lat' dir='ltr'>comoedia</span> <span class='ocrx_word' id='word_1_73' title='bbox 528 1366 712 1450; x_wconf 81' lang='lat' dir='ltr'>perfunctus</span> <span class='ocrx_word' id='word_1_74' title='bbox 727 1369 776 1446; x_wconf 85' lang='lat' dir='ltr'>sit,</span> <span class='ocrx_word' id='word_1_75' title='bbox 798 1368 951 1453; x_wconf 80' lang='lat' dir='ltr'>singulari</span> <span class='ocrx_word' id='word_1_76' title='bbox 967 1370 1082 1432; x_wconf 86' lang='lat' dir='ltr'>vestitu</span> <span class='ocrx_word' id='word_1_77' title='bbox 1097 1390 1187 1432; x_wconf 93' lang='lat' dir='ltr'>usum</span> <span class='ocrx_word' id='word_1_78' title='bbox 1204 1389 1283 1450; x_wconf 88' lang='lat' dir='ltr'>esse,</span> 
     </span>
     <span class='ocr_line' id='line_1_11' title="bbox 152 1471 1284 1558; baseline -0.001 -22"><span class='ocrx_word' id='word_1_79' title='bbox 152 1473 285 1558; x_wconf 89' lang='lat' dir='ltr'>probata</span> <span class='ocrx_word' id='word_1_80' title='bbox 317 1471 452 1535; x_wconf 77' lang='lat' dir='ltr'>Bentleii</span> <span class='ocrx_word' id='word_1_81' title='bbox 482 1472 640 1535; x_wconf 89' lang='lat' dir='ltr'>sententia</span> <span class='ocrx_word' id='word_1_82' title='bbox 671 1472 826 1535; x_wconf 84' lang='lat' dir='ltr'>censentis</span> <span class='ocrx_word' id='word_1_83' title='bbox 864 1473 997 1557; x_wconf 87' lang='lat' dir='ltr'>prologo</span> <span class='ocrx_word' id='word_1_84' title='bbox 1030 1474 1161 1536; x_wconf 89' lang='lat' dir='ltr'>recitato</span> <span class='ocrx_word' id='word_1_85' title='bbox 1195 1472 1284 1536; x_wconf 91' lang='lat' dir='ltr'>illum</span> 
     </span>
     <span class='ocr_line' id='line_1_12' title="bbox 152 1560 1282 1641; baseline -0.001 -1"><span class='ocrx_word' id='word_1_86' title='bbox 152 1578 259 1641; x_wconf 89' lang='lat' dir='ltr'>statim</span> <span class='ocrx_word' id='word_1_87' title='bbox 282 1575 321 1639; x_wconf 92' lang='lat' dir='ltr'>de</span> <span class='ocrx_word' id='word_1_88' title='bbox 344 1597 458 1639; x_wconf 88' lang='lat' dir='ltr'>scaena</span> <span class='ocrx_word' id='word_1_89' title='bbox 488 1560 672 1640; x_wconf 81' lang='lat' dir='ltr'>discessisse</span> <span class='ocrx_word' id='word_1_90' title='bbox 717 1575 820 1639; x_wconf 91' lang='lat' dir='ltr'>Immo</span> <span class='ocrx_word' id='word_1_91' title='bbox 848 1576 899 1639; x_wconf 87' lang='lat' dir='ltr'>vel</span> <span class='ocrx_word' id='word_1_92' title='bbox 930 1576 984 1639; x_wconf 90' lang='lat' dir='ltr'>ubi</span> <span class='ocrx_word' id='word_1_93' title='bbox 1016 1575 1101 1640; x_wconf 91' lang='lat' dir='ltr'>idem</span> <span class='ocrx_word' id='word_1_94' title='bbox 1132 1583 1220 1640; x_wconf 87' lang='lat' dir='ltr'>actor</span> <span class='ocrx_word' id='word_1_95' title='bbox 1250 1576 1282 1639; x_wconf 95' lang='lat' dir='ltr'>in</span> 
     </span>
     <span class='ocr_line' id='line_1_13' title="bbox 153 1678 1283 1765; baseline -0.003 -20"><span class='ocrx_word' id='word_1_96' title='bbox 153 1684 219 1765; x_wconf 90' lang='lat' dir='ltr'>ipso</span> <span class='ocrx_word' id='word_1_97' title='bbox 243 1680 423 1745; x_wconf 86' lang='lat' dir='ltr'>comoediae</span> <span class='ocrx_word' id='word_1_98' title='bbox 446 1679 534 1743; x_wconf 89' lang='lat' dir='ltr'>initio</span> <span class='ocrx_word' id='word_1_99' title='bbox 558 1687 663 1763; x_wconf 88' lang='lat' dir='ltr'>partes</span> <span class='ocrx_word' id='word_1_100' title='bbox 679 1701 752 1743; x_wconf 88' lang='lat' dir='ltr'>suas</span> <span class='ocrx_word' id='word_1_101' title='bbox 767 1679 874 1758; x_wconf 91' lang='lat' dir='ltr'>habet,</span> <span class='ocrx_word' id='word_1_102' title='bbox 897 1700 970 1743; x_wconf 90' lang='lat' dir='ltr'>eum</span> <span class='ocrx_word' id='word_1_103' title='bbox 986 1682 1116 1744; x_wconf 88' lang='lat' dir='ltr'>vestitus</span> <span class='ocrx_word' id='word_1_104' title='bbox 1139 1678 1283 1743; x_wconf 92' lang='lat' dir='ltr'>mutandi</span> 
     </span>
    </p>
   </div>
   <div class='ocr_carea' id='block_1_4' title="bbox 150 1775 1390 1867">
    <p class='ocr_par' dir='ltr' id='par_1_4' title="bbox 150 1775 1390 1867">
     <span class='ocr_line' id='line_1_14' title="bbox 150 1775 1390 1867; baseline -0.003 -17"><span class='ocrx_word' id='word_1_105' title='bbox 150 1808 244 1850; x_wconf 90' lang='lat' dir='ltr'>causa</span> <span class='ocrx_word' id='word_1_106' title='bbox 267 1785 443 1848; x_wconf 86' lang='lat' dir='ltr'>discessisse</span> <span class='ocrx_word' id='word_1_107' title='bbox 466 1788 556 1867; x_wconf 89' lang='lat' dir='ltr'>putat</span> <span class='ocrx_word' id='word_1_108' title='bbox 580 1783 674 1866; x_wconf 93' lang='lat' dir='ltr'>idque</span> <span class='ocrx_word' id='word_1_109' title='bbox 697 1783 799 1866; x_wconf 92' lang='lat' dir='ltr'>ipsum</span> <span class='ocrx_word' id='word_1_110' title='bbox 822 1803 992 1865; x_wconf 84' lang='lat' dir='ltr'>agnoscere</span> <span class='ocrx_word' id='word_1_111' title='bbox 1014 1783 1074 1847; x_wconf 91' lang='lat' dir='ltr'>sibi</span> <span class='ocrx_word' id='word_1_112' title='bbox 1095 1783 1220 1847; x_wconf 86' lang='lat' dir='ltr'>videtur</span> <span class='ocrx_word' id='word_1_113' title='bbox 1240 1805 1281 1848; x_wconf 80' lang='lat' dir='ltr'>ex</span> <span class='ocrx_word' id='word_1_114' title='bbox 1384 1775 1390 1781; x_wconf 76' lang='grc'><strong><em>’</em></strong></span> 
     </span>
    </p>
   </div>
   <div class='ocr_carea' id='block_1_5' title="bbox 149 1885 1282 2078">
    <p class='ocr_par' dir='ltr' id='par_1_5' title="bbox 149 1885 1282 2078">
     <span class='ocr_line' id='line_1_15' title="bbox 149 1885 1281 1973; baseline -0.003 -20"><span class='ocrx_word' id='word_1_115' title='bbox 149 1889 253 1954; x_wconf 87' lang='lat' dir='ltr'>Heau.</span> <span class='ocrx_word' id='word_1_116' title='bbox 276 1888 366 1973; x_wconf 72' lang='lat' dir='ltr'>prol,</span> <span class='ocrx_word' id='word_1_117' title='bbox 399 1909 471 1950; x_wconf 91' lang='lat' dir='ltr'>cum</span> <span class='ocrx_word' id='word_1_118' title='bbox 494 1885 661 1950; x_wconf 86' lang='lat' dir='ltr'>Ambivius</span> <span class='ocrx_word' id='word_1_119' title='bbox 691 1893 883 1970; x_wconf 84' lang='lat' dir='ltr'>spectatores</span> <span class='ocrx_word' id='word_1_120' title='bbox 906 1887 1013 1949; x_wconf 87' lang='lat' dir='ltr'>mirari</span> <span class='ocrx_word' id='word_1_121' title='bbox 1041 1887 1195 1971; x_wconf 81' lang='lat' dir='ltr'>opinetur,</span> <span class='ocrx_word' id='word_1_122' title='bbox 1227 1907 1281 1950; x_wconf 90' lang='lat' dir='ltr'>cur</span> 
     </span>
     <span class='ocr_line' id='line_1_16' title="bbox 149 1990 1282 2078; baseline -0.004 -20"><span class='ocrx_word' id='word_1_123' title='bbox 149 1995 216 2078; x_wconf 89' lang='lat' dir='ltr'>ipse</span> <span class='ocrx_word' id='word_1_124' title='bbox 239 1992 367 2077; x_wconf 84' lang='lat' dir='ltr'>prologi</span> <span class='ocrx_word' id='word_1_125' title='bbox 389 1998 496 2075; x_wconf 88' lang='lat' dir='ltr'>partes</span> <span class='ocrx_word' id='word_1_126' title='bbox 523 1991 710 2073; x_wconf 89' lang='lat' dir='ltr'>susceperit:</span> <span class='ocrx_word' id='word_1_127' title='bbox 743 1990 813 2054; x_wconf 91' lang='lat' dir='ltr'>illos</span> <span class='ocrx_word' id='word_1_128' title='bbox 843 2011 915 2053; x_wconf 89' lang='lat' dir='ltr'>oum</span> <span class='ocrx_word' id='word_1_129' title='bbox 944 1990 1111 2074; x_wconf 90' lang='lat' dir='ltr'>prologum</span> <span class='ocrx_word' id='word_1_130' title='bbox 1141 2011 1208 2054; x_wconf 88' lang='lat' dir='ltr'>esse</span> <span class='ocrx_word' id='word_1_131' title='bbox 1232 2010 1282 2054; x_wconf 90' lang='lat' dir='ltr'>co·</span> 
     </span>
    </p>
   </div>
   <div class='ocr_carea' id='block_1_6' title="bbox 55 2095 471 2182">
    <p class='ocr_par' dir='ltr' id='par_1_6' title="bbox 55 2095 471 2182">
     <span class='ocr_line' id='line_1_17' title="bbox 55 2095 471 2182; baseline -0.017 -20"><span class='ocrx_word' id='word_1_132' title='bbox 55 2112 56 2116; x_wconf 77' lang='grc'>’</span> <span class='ocrx_word' id='word_1_133' title='bbox 150 2117 301 2182; x_wconf 86' lang='lat' dir='ltr'>gnoscere</span> <span class='ocrx_word' id='word_1_134' title='bbox 324 2095 471 2179; x_wconf 88' lang='lat' dir='ltr'>potuisse.</span> 
     </span>
    </p>
   </div>
   <div class='ocr_carea' id='block_1_7' title="bbox 151 2195 1282 2595">
    <p class='ocr_par' dir='ltr' id='par_1_7' title="bbox 151 2195 1282 2595">
     <span class='ocr_line' id='line_1_18' title="bbox 252 2195 1281 2263; baseline -0.002 0"><span class='ocrx_word' id='word_1_135' title='bbox 252 2199 342 2263; x_wconf 91' lang='lat' dir='ltr'>Haec</span> <span class='ocrx_word' id='word_1_136' title='bbox 375 2197 508 2260; x_wconf 84' lang='lat' dir='ltr'><em>Bentleii</em></span> <span class='ocrx_word' id='word_1_137' title='bbox 538 2204 570 2260; x_wconf 89' lang='lat' dir='ltr'>et</span> <span class='ocrx_word' id='word_1_138' title='bbox 604 2195 813 2261; x_wconf 79' lang='lat' dir='ltr'>Deiotzlrorris</span> <span class='ocrx_word' id='word_1_139' title='bbox 842 2198 999 2262; x_wconf 89' lang='lat' dir='ltr'>sententia</span> <span class='ocrx_word' id='word_1_140' title='bbox 1032 2199 1064 2261; x_wconf 91' lang='lat' dir='ltr'>in</span> <span class='ocrx_word' id='word_1_141' title='bbox 1100 2198 1281 2262; x_wconf 81' lang='lat' dir='ltr'>universum</span> 
     </span>
     <span class='ocr_line' id='line_1_19' title="bbox 151 2300 1282 2387; baseline -0.003 -20"><span class='ocrx_word' id='word_1_142' title='bbox 151 2303 279 2387; x_wconf 90' lang='lat' dir='ltr'>quidem</span> <span class='ocrx_word' id='word_1_143' title='bbox 312 2301 469 2364; x_wconf 90' lang='lat' dir='ltr'>Plautinis</span> <span class='ocrx_word' id='word_1_144' title='bbox 503 2300 557 2383; x_wconf 92' lang='lat' dir='ltr'>qui</span> <span class='ocrx_word' id='word_1_145' title='bbox 591 2301 734 2364; x_wconf 84' lang='lat' dir='ltr'>feruntur</span> <span class='ocrx_word' id='word_1_146' title='bbox 767 2301 909 2385; x_wconf 90' lang='lat' dir='ltr'>prologis</span> <span class='ocrx_word' id='word_1_147' title='bbox 939 2301 1126 2386; x_wconf 90' lang='lat' dir='ltr'>quibusdam</span> <span class='ocrx_word' id='word_1_148' title='bbox 1154 2301 1282 2386; x_wconf 81' lang='lat' dir='ltr'>probari</span> 
     </span>
     <span class='ocr_line' id='line_1_20' title="bbox 152 2400 1282 2490; baseline 0 -21"><span class='ocrx_word' id='word_1_149' title='bbox 152 2406 287 2484; x_wconf 86' lang='lat' dir='ltr'>videtur,</span> <span class='ocrx_word' id='word_1_150' title='bbox 318 2404 405 2468; x_wconf 82' lang='lat' dir='ltr'>velut</span> <span class='ocrx_word' id='word_1_151' title='bbox 435 2402 533 2466; x_wconf 91' lang='lat' dir='ltr'>Poen.</span> <span class='ocrx_word' id='word_1_152' title='bbox 557 2400 695 2483; x_wconf 88' lang='lat' dir='ltr'>fabulae,</span> <span class='ocrx_word' id='word_1_153' title='bbox 724 2404 779 2468; x_wconf 91' lang='lat' dir='ltr'>ubi</span> <span class='ocrx_word' id='word_1_154' title='bbox 808 2405 839 2468; x_wconf 95' lang='lat' dir='ltr'>in</span> <span class='ocrx_word' id='word_1_155' title='bbox 870 2405 932 2468; x_wconf 89' lang='lat' dir='ltr'>fine</span> <span class='ocrx_word' id='word_1_156' title='bbox 962 2406 1122 2490; x_wconf 87' lang='lat' dir='ltr'>prologus,</span> <span class='ocrx_word' id='word_1_157' title='bbox 1153 2404 1204 2469; x_wconf 88' lang='lat' dir='ltr'>vel</span> <span class='ocrx_word' id='word_1_158' title='bbox 1228 2406 1282 2489; x_wconf 92' lang='lat' dir='ltr'>qui</span> 
     </span>
     <span class='ocr_line' id='line_1_21' title="bbox 153 2507 687 2595; baseline -0.007 -21"><span class='ocrx_word' id='word_1_159' title='bbox 153 2510 276 2595; x_wconf 93' lang='lat' dir='ltr'>prologi</span> <span class='ocrx_word' id='word_1_160' title='bbox 299 2528 429 2571; x_wconf 89' lang='lat' dir='ltr'>munere</span> <span class='ocrx_word' id='word_1_161' title='bbox 452 2507 603 2591; x_wconf 82' lang='lat' dir='ltr'>fungitur,</span> <span class='ocrx_word' id='word_1_162' title='bbox 626 2508 687 2570; x_wconf 89' lang='lat' dir='ltr'>ait:</span> 
     </span>
    </p>
   </div>
   <div class='ocr_carea' id='block_1_8' title="bbox 149 2636 1073 2828">
    <p class='ocr_par' dir='ltr' id='par_1_8' title="bbox 149 2636 1073 2828">
     <span class='ocr_line' id='line_1_22' title="bbox 285 2636 1043 2721; baseline 0.003 -21"><span class='ocrx_word' id='word_1_163' title='bbox 285 2637 410 2701; x_wconf 87' lang='lat' dir='ltr'>Ualete:</span> <span class='ocrx_word' id='word_1_164' title='bbox 432 2636 547 2717; x_wconf 84' lang='lat' dir='ltr'>adeste,</span> <span class='ocrx_word' id='word_1_165' title='bbox 570 2637 637 2701; x_wconf 84' lang='lat' dir='ltr'>ibo:</span> <span class='ocrx_word' id='word_1_166' title='bbox 662 2638 745 2701; x_wconf 83' lang='lat' dir='ltr'>olias</span> <span class='ocrx_word' id='word_1_167' title='bbox 767 2659 852 2701; x_wconf 81' lang='lat' dir='ltr'>auae</span> <span class='ocrx_word' id='word_1_168' title='bbox 870 2640 944 2721; x_wconf 80' lang='lat' dir='ltr'>fieri</span> <span class='ocrx_word' id='word_1_169' title='bbox 965 2640 1043 2702; x_wconf 84' lang='lat' dir='ltr'>uolo.</span> 
     </span>
     <span class='ocr_line' id='line_1_23' title="bbox 149 2738 1073 2828; baseline -0.002 -20"><span class='ocrx_word' id='word_1_170' title='bbox 149 2743 241 2828; x_wconf 83' lang='lat' dir='ltr'>Oapt.</span> <span class='ocrx_word' id='word_1_171' title='bbox 265 2742 343 2827; x_wconf 84' lang='lat' dir='ltr'>prol.</span> <span class='ocrx_word' id='word_1_172' title='bbox 367 2763 394 2806; x_wconf 83' lang='lat' dir='ltr'>v.</span> <span class='ocrx_word' id='word_1_173' title='bbox 420 2742 479 2804; x_wconf 79' lang='lat' dir='ltr'>ot:</span> <span class='ocrx_word' id='word_1_174' title='bbox 503 2738 597 2822; x_wconf 79' lang='lat' dir='ltr'>Abeo,</span> <span class='ocrx_word' id='word_1_175' title='bbox 621 2742 732 2822; x_wconf 78' lang='lat' dir='ltr'>aelate,</span> <span class='ocrx_word' id='word_1_176' title='bbox 756 2743 876 2805; x_wconf 82' lang='lat' dir='ltr'>iudices</span> <span class='ocrx_word' id='word_1_177' title='bbox 898 2742 1073 2807; x_wconf 81' lang='lat' dir='ltr'>iustissimi.</span> 
     </span>
    </p>
   </div>
   <div class='ocr_carea' id='block_1_9' title="bbox 147 2845 1183 3034">
    <p class='ocr_par' dir='ltr' id='par_1_9' title="bbox 147 2845 1183 3034">
     <span class='ocr_line' id='line_1_24' title="bbox 150 2845 992 2931; baseline -0.002 -20"><span class='ocrx_word' id='word_1_178' title='bbox 150 2847 237 2912; x_wconf 85' lang='lat' dir='ltr'>Trin.</span> <span class='ocrx_word' id='word_1_179' title='bbox 260 2846 341 2931; x_wconf 91' lang='lat' dir='ltr'>prol.</span> <span class='ocrx_word' id='word_1_180' title='bbox 364 2867 393 2908; x_wconf 84' lang='lat' dir='ltr'>v.</span> <span class='ocrx_word' id='word_1_181' title='bbox 418 2847 476 2908; x_wconf 80' lang='lat'>22:</span> <span class='ocrx_word' id='word_1_182' title='bbox 501 2847 618 2909; x_wconf 84' lang='lat' dir='ltr'>uolete:</span> <span class='ocrx_word' id='word_1_183' title='bbox 642 2845 746 2908; x_wconf 81' lang='lat' dir='ltr'>celeste</span> <span class='ocrx_word' id='word_1_184' title='bbox 769 2867 839 2909; x_wconf 85' lang='lat' dir='ltr'>cum</span> <span class='ocrx_word' id='word_1_185' title='bbox 861 2847 992 2910; x_wconf 79' lang='lat' dir='ltr'>silentio.</span> 
     </span>
     <span class='ocr_line' id='line_1_25' title="bbox 147 2947 1183 3034; baseline -0.001 -19"><span class='ocrx_word' id='word_1_186' title='bbox 147 2950 230 3015; x_wconf 87' lang='lat' dir='ltr'>Rud.</span> <span class='ocrx_word' id='word_1_187' title='bbox 254 2950 334 3033; x_wconf 87' lang='lat' dir='ltr'>prol.</span> <span class='ocrx_word' id='word_1_188' title='bbox 357 2971 386 3014; x_wconf 87' lang='lat' dir='ltr'>v.</span> <span class='ocrx_word' id='word_1_189' title='bbox 411 2951 467 3011; x_wconf 80' lang='lat'>82:</span> <span class='ocrx_word' id='word_1_190' title='bbox 496 2947 610 3030; x_wconf 86' lang='lat' dir='ltr'>Uolete,</span> <span class='ocrx_word' id='word_1_191' title='bbox 632 2955 667 3011; x_wconf 84' lang='lat' dir='ltr'>ut</span> <span class='ocrx_word' id='word_1_192' title='bbox 690 2947 789 3012; x_wconf 81' lang='lat' dir='ltr'>testes</span> <span class='ocrx_word' id='word_1_193' title='bbox 811 2951 914 3013; x_wconf 83' lang='lat' dir='ltr'>uestri</span> <span class='ocrx_word' id='word_1_194' title='bbox 937 2948 1091 3034; x_wconf 79' lang='lat' dir='ltr'>diffideret</span> <span class='ocrx_word' id='word_1_195' title='bbox 1113 2950 1183 3015; x_wconf 81' lang='lat' dir='ltr'>siti.</span> 
     </span>
    </p>
   </div>
   <div class='ocr_carea' id='block_1_10' title="bbox 148 3077 1281 3892">
    <p class='ocr_par' dir='ltr' id='par_1_10' title="bbox 149 3077 1281 3372">
     <span class='ocr_line' id='line_1_26' title="bbox 151 3077 1280 3164; baseline 0 -20"><span class='ocrx_word' id='word_1_196' title='bbox 151 3088 256 3144; x_wconf 90' lang='lat' dir='ltr'>tamen</span> <span class='ocrx_word' id='word_1_197' title='bbox 279 3078 379 3141; x_wconf 91' lang='lat' dir='ltr'>tribus</span> <span class='ocrx_word' id='word_1_198' title='bbox 393 3077 615 3140; x_wconf 89' lang='lat' dir='ltr'>Plautinarum</span> <span class='ocrx_word' id='word_1_199' title='bbox 638 3077 818 3141; x_wconf 81' lang='lat' dir='ltr'>fabularum</span> <span class='ocrx_word' id='word_1_200' title='bbox 840 3079 979 3162; x_wconf 89' lang='lat' dir='ltr'>prologis</span> <span class='ocrx_word' id='word_1_201' title='bbox 994 3099 1108 3163; x_wconf 88' lang='lat' dir='ltr'>parum</span> <span class='ocrx_word' id='word_1_202' title='bbox 1123 3079 1280 3164; x_wconf 85' lang='lat' dir='ltr'>convenit,</span> 
     </span>
     <span class='ocr_line' id='line_1_27' title="bbox 150 3181 1281 3266; baseline 0.001 -18"><span class='ocrx_word' id='word_1_203' title='bbox 150 3184 204 3248; x_wconf 92' lang='lat' dir='ltr'>ubi</span> <span class='ocrx_word' id='word_1_204' title='bbox 227 3188 350 3247; x_wconf 89' lang='lat' dir='ltr'>constat</span> <span class='ocrx_word' id='word_1_205' title='bbox 372 3202 540 3265; x_wconf 89' lang='lat' dir='ltr'>personam</span> <span class='ocrx_word' id='word_1_206' title='bbox 564 3181 698 3244; x_wconf 88' lang='lat' dir='ltr'>eandem</span> <span class='ocrx_word' id='word_1_207' title='bbox 721 3183 754 3244; x_wconf 90' lang='lat' dir='ltr'>in</span> <span class='ocrx_word' id='word_1_208' title='bbox 776 3202 890 3246; x_wconf 87' lang='lat' dir='ltr'>scaena</span> <span class='ocrx_word' id='word_1_209' title='bbox 912 3182 1020 3246; x_wconf 90' lang='lat' dir='ltr'>statim</span> <span class='ocrx_word' id='word_1_210' title='bbox 1034 3204 1147 3266; x_wconf 90' lang='lat' dir='ltr'>agere:</span> <span class='ocrx_word' id='word_1_211' title='bbox 1170 3183 1281 3249; x_wconf 89' lang='lat' dir='ltr'>Militis</span> 
     </span>
     <span class='ocr_line' id='line_1_28' title="bbox 149 3285 778 3372; baseline -0.002 -21"><span class='ocrx_word' id='word_1_212' title='bbox 149 3288 287 3372; x_wconf 86' lang='lat' dir='ltr'>gloriosi,</span> <span class='ocrx_word' id='word_1_213' title='bbox 311 3285 561 3370; x_wconf 83' lang='lat' dir='ltr'>Amphitruonis,</span> <span class='ocrx_word' id='word_1_214' title='bbox 586 3285 778 3350; x_wconf 89' lang='lat' dir='ltr'>Mercatoris.</span> 
     </span>
    </p>

    <p class='ocr_par' dir='ltr' id='par_1_11' title="bbox 148 3388 1281 3892">
     <span class='ocr_line' id='line_1_29' title="bbox 253 3388 1281 3475; baseline 0 -20"><span class='ocrx_word' id='word_1_215' title='bbox 253 3391 290 3455; x_wconf 94' lang='lat' dir='ltr'>In</span> <span class='ocrx_word' id='word_1_216' title='bbox 313 3388 416 3453; x_wconf 88' lang='lat' dir='ltr'>Milite</span> <span class='ocrx_word' id='word_1_217' title='bbox 438 3388 573 3471; x_wconf 91' lang='lat' dir='ltr'>glorioso</span> <span class='ocrx_word' id='word_1_218' title='bbox 595 3388 772 3453; x_wconf 86' lang='lat' dir='ltr'>Palaestrio</span> <span class='ocrx_word' id='word_1_219' title='bbox 794 3389 919 3474; x_wconf 87' lang='lat' dir='ltr'>prologi</span> <span class='ocrx_word' id='word_1_220' title='bbox 942 3397 1048 3474; x_wconf 90' lang='lat' dir='ltr'>partes</span> <span class='ocrx_word' id='word_1_221' title='bbox 1071 3392 1139 3475; x_wconf 88' lang='lat' dir='ltr'>agit</span> <span class='ocrx_word' id='word_1_222' title='bbox 1161 3391 1215 3472; x_wconf 90' lang='lat' dir='ltr'>ita,</span> <span class='ocrx_word' id='word_1_223' title='bbox 1245 3397 1281 3455; x_wconf 92' lang='lat' dir='ltr'>ut</span> 
     </span>
     <span class='ocr_line' id='line_1_30' title="bbox 149 3492 1281 3578; baseline -0.003 -18"><span class='ocrx_word' id='word_1_224' title='bbox 149 3497 182 3560; x_wconf 93' lang='lat' dir='ltr'>in</span> <span class='ocrx_word' id='word_1_225' title='bbox 204 3516 319 3560; x_wconf 91' lang='lat' dir='ltr'>scaena</span> <span class='ocrx_word' id='word_1_226' title='bbox 340 3493 441 3557; x_wconf 88' lang='lat' dir='ltr'>altera</span> <span class='ocrx_word' id='word_1_227' title='bbox 464 3499 523 3555; x_wconf 88' lang='lat' dir='ltr'>act.</span> <span class='ocrx_word' id='word_1_228' title='bbox 547 3492 564 3555; x_wconf 94' lang='grc' dir='ltr'><strong>Ι</strong></span> <span class='ocrx_word' id='word_1_229' title='bbox 587 3500 810 3575; x_wconf 87' lang='lat' dir='ltr'>argumentum</span> <span class='ocrx_word' id='word_1_230' title='bbox 842 3499 991 3578; x_wconf 83' lang='lat' dir='ltr'>exponat,</span> <span class='ocrx_word' id='word_1_231' title='bbox 1021 3494 1053 3556; x_wconf 93' lang='lat' dir='ltr'>in</span> <span class='ocrx_word' id='word_1_232' title='bbox 1084 3495 1178 3558; x_wconf 92' lang='lat' dir='ltr'>tertia</span> <span class='ocrx_word' id='word_1_233' title='bbox 1209 3515 1281 3557; x_wconf 92' lang='lat' dir='ltr'>oum</span> 
     </span>
     <span class='ocr_line' id='line_1_31' title="bbox 148 3597 1281 3684; baseline -0.004 -20"><span class='ocrx_word' id='word_1_234' title='bbox 148 3599 406 3684; x_wconf 90' lang='lat' dir='ltr'>Periplecomeno</span> <span class='ocrx_word' id='word_1_235' title='bbox 429 3598 640 3682; x_wconf 82' lang='lat' dir='ltr'>colloquatur3</span> <span class='ocrx_word' id='word_1_236' title='bbox 662 3597 734 3660; x_wconf 91' lang='lat' dir='ltr'>inde</span> <span class='ocrx_word' id='word_1_237' title='bbox 757 3597 910 3681; x_wconf 88' lang='lat' dir='ltr'>singulari</span> <span class='ocrx_word' id='word_1_238' title='bbox 932 3598 1055 3682; x_wconf 90' lang='lat' dir='ltr'>prologi</span> <span class='ocrx_word' id='word_1_239' title='bbox 1076 3599 1191 3661; x_wconf 86' lang='lat' dir='ltr'>vestitu</span> <span class='ocrx_word' id='word_1_240' title='bbox 1206 3618 1281 3661; x_wconf 91' lang='lat' dir='ltr'>eum</span> 
     </span>
     <span class='ocr_line' id='line_1_32' title="bbox 149 3700 1281 3785; baseline -0.004 -17"><span class='ocrx_word' id='word_1_241' title='bbox 149 3726 240 3768; x_wconf 92' lang='lat' dir='ltr'>nsum</span> <span class='ocrx_word' id='word_1_242' title='bbox 264 3723 331 3768; x_wconf 90' lang='lat' dir='ltr'>esse</span> <span class='ocrx_word' id='word_1_243' title='bbox 354 3702 483 3765; x_wconf 90' lang='lat' dir='ltr'>minime</span> <span class='ocrx_word' id='word_1_244' title='bbox 505 3700 695 3785; x_wconf 91' lang='lat' dir='ltr'>putabimus.</span> <span class='ocrx_word' id='word_1_245' title='bbox 741 3701 780 3764; x_wconf 94' lang='lat' dir='ltr'>In</span> <span class='ocrx_word' id='word_1_246' title='bbox 802 3700 1034 3785; x_wconf 83' lang='lat' dir='ltr'>Amphitruone</span> <span class='ocrx_word' id='word_1_247' title='bbox 1067 3701 1176 3765; x_wconf 82' lang='lat' dir='ltr'>tabula</span> <span class='ocrx_word' id='word_1_248' title='bbox 1198 3701 1281 3765; x_wconf 88' lang='lat' dir='ltr'>Mer·</span> 
     </span>
     <span class='ocr_line' id='line_1_33' title="bbox 148 3804 1064 3892; baseline -0.004 -22"><span class='ocrx_word' id='word_1_249' title='bbox 148 3809 251 3872; x_wconf 90' lang='lat' dir='ltr'>curius</span> <span class='ocrx_word' id='word_1_250' title='bbox 273 3806 424 3892; x_wconf 89' lang='lat' dir='ltr'>prologus</span> <span class='ocrx_word' id='word_1_251' title='bbox 446 3804 504 3869; x_wconf 92' lang='lat' dir='ltr'>sub</span> <span class='ocrx_word' id='word_1_252' title='bbox 527 3805 623 3868; x_wconf 90' lang='lat' dir='ltr'>finem</span> <span class='ocrx_word' id='word_1_253' title='bbox 646 3804 724 3867; x_wconf 90' lang='lat' dir='ltr'>haec</span> <span class='ocrx_word' id='word_1_254' title='bbox 747 3806 906 3869; x_wconf 83' lang='lat' dir='ltr'>exclamat</span> <span class='ocrx_word' id='word_1_255' title='bbox 929 3823 959 3869; x_wconf 86' lang='lat' dir='ltr'>v.</span> <span class='ocrx_word' id='word_1_256' title='bbox 986 3808 1064 3868; x_wconf 82' lang='lat'>148:</span> 
     </span>
    </p>
   </div>
   <div class='ocr_carea' id='block_1_11' title="bbox 276 3934 1159 4433">
    <p class='ocr_par' dir='ltr' id='par_1_12' title="bbox 279 3934 966 4019">
     <span class='ocr_line' id='line_1_34' title="bbox 279 3934 966 4019; baseline -0.007 -18"><span class='ocrx_word' id='word_1_257' title='bbox 279 3936 342 4002; x_wconf 80' lang='lat' dir='ltr'>sea</span> <span class='ocrx_word' id='word_1_258' title='bbox 364 3934 607 4019; x_wconf 79' lang='lat' dir='ltr'>Amphitruonis</span> <span class='ocrx_word' id='word_1_259' title='bbox 629 3934 695 3997; x_wconf 84' lang='lat' dir='ltr'>illle</span> <span class='ocrx_word' id='word_1_260' title='bbox 718 3941 838 3998; x_wconf 83' lang='lat' dir='ltr'>seruost</span> <span class='ocrx_word' id='word_1_261' title='bbox 862 3934 966 4014; x_wconf 84' lang='lat' dir='ltr'>Sosio,</span> 
     </span>
    </p>

    <p class='ocr_par' dir='ltr' id='par_1_13' title="bbox 276 4034 1159 4433">
     <span class='ocr_line' id='line_1_35' title="bbox 277 4034 1146 4124; baseline -0.003 -20"><span class='ocrx_word' id='word_1_262' title='bbox 277 4043 307 4104; x_wconf 77' lang='lat' dir='ltr'><strong><em>A</em></strong></span> <span class='ocrx_word' id='word_1_263' title='bbox 327 4047 424 4124; x_wconf 83' lang='lat' dir='ltr'>porto</span> <span class='ocrx_word' id='word_1_264' title='bbox 446 4040 500 4124; x_wconf 76' lang='lat' dir='ltr'>prii</span> <span class='ocrx_word' id='word_1_265' title='bbox 522 4059 606 4101; x_wconf 80' lang='lat' dir='ltr'>aare</span> <span class='ocrx_word' id='word_1_266' title='bbox 630 4058 699 4101; x_wconf 81' lang='lat' dir='ltr'>cum</span> <span class='ocrx_word' id='word_1_267' title='bbox 723 4038 871 4102; x_wconf 83' lang='lat' dir='ltr'>lonterrro</span> <span class='ocrx_word' id='word_1_268' title='bbox 892 4034 984 4120; x_wconf 76' lang='lat' dir='ltr'>&lt;leuc&gt;</span> <span class='ocrx_word' id='word_1_269' title='bbox 1007 4036 1146 4101; x_wconf 77' lang='lat' dir='ltr'>aduenit.</span> 
     </span>
     <span class='ocr_line' id='line_1_36' title="bbox 276 4140 1159 4226; baseline -0.003 -17"><span class='ocrx_word' id='word_1_270' title='bbox 276 4143 415 4226; x_wconf 72' lang='lat' dir='ltr'>Aliqum</span> <span class='ocrx_word' id='word_1_271' title='bbox 439 4143 503 4207; x_wconf 86' lang='lat' dir='ltr'>iam</span> <span class='ocrx_word' id='word_1_272' title='bbox 526 4162 581 4226; x_wconf 77' lang='lat' dir='ltr'>epo</span> <span class='ocrx_word' id='word_1_273' title='bbox 602 4142 701 4205; x_wconf 80' lang='lat' dir='ltr'>illunc</span> <span class='ocrx_word' id='word_1_274' title='bbox 723 4141 936 4205; x_wconf 72' lang='lat' dir='ltr'>aduenientem</span> <span class='ocrx_word' id='word_1_275' title='bbox 960 4140 998 4204; x_wconf 86' lang='lat' dir='ltr'>ob</span> <span class='ocrx_word' id='word_1_276' title='bbox 1020 4140 1159 4206; x_wconf 77' lang='lat' dir='ltr'>aedibus.</span> 
     </span>
     <span class='ocr_line' id='line_1_37' title="bbox 277 4243 1101 4331; baseline -0.007 -19"><span class='ocrx_word' id='word_1_277' title='bbox 277 4248 402 4327; x_wconf 80' lang='lat' dir='ltr'>Adeste,</span> <span class='ocrx_word' id='word_1_278' title='bbox 426 4249 486 4310; x_wconf 86' lang='lat' dir='ltr'>erit</span> <span class='ocrx_word' id='word_1_279' title='bbox 509 4246 798 4331; x_wconf 83' lang='lat' dir='ltr'>operaepretium:</span> <span class='ocrx_word' id='word_1_280' title='bbox 820 4266 903 4309; x_wconf 81' lang='lat' dir='ltr'>oriae</span> <span class='ocrx_word' id='word_1_281' title='bbox 926 4243 1101 4328; x_wconf 80' lang='lat' dir='ltr'>spectabitis</span> 
     </span>
     <span class='ocr_line' id='line_1_38' title="bbox 277 4347 1119 4433; baseline -0.004 -17"><span class='ocrx_word' id='word_1_282' title='bbox 277 4351 386 4416; x_wconf 86' lang='lat' dir='ltr'>Iouem</span> <span class='ocrx_word' id='word_1_283' title='bbox 408 4358 437 4415; x_wconf 90' lang='lat' dir='ltr'>et</span> <span class='ocrx_word' id='word_1_284' title='bbox 460 4349 655 4414; x_wconf 82' lang='lat' dir='ltr'>Mercurium</span> <span class='ocrx_word' id='word_1_285' title='bbox 673 4348 785 4433; x_wconf 83' lang='lat' dir='ltr'>faeere</span> <span class='ocrx_word' id='word_1_286' title='bbox 807 4347 1119 4433; x_wconf 63' lang='lat' dir='ltr'>(mattaratium.</span> 
     </span>
    </p>
   </div>
   <div class='ocr_carea' id='block_1_12' title="bbox 0 0 1520 4816">
    <p class='ocr_par' dir='ltr' id='par_1_14' title="bbox 0 0 1520 4816">
     <span class='ocr_line' id='line_1_39' title="bbox 0 0 1520 4816; baseline 0 1"><span class='ocrx_word' id='word_1_287' title='bbox 0 0 1520 4816; x_wconf 95' lang='lat' dir='ltr'> </span> 
     </span>
    </p>
   </div>
  </div>
 </body>
</html>
