2954 4816
670 311 738 396 [oe]
1254 314 1272 375 e

135 505 321 587 praesertim
345 506 377 569 iu
401 502 629 589 posterioribus
650 482 744 566 libris¹
762 502 825 568 tale
849 501 926 587 quid
947 524 1012 566 non
1035 502 1156 582 redeat,
1180 499 1273 563 valde

136 630 207 673 eum
238 618 415 675 erraturum
446 631 516 674 esse
549 613 800 671 consentaneum
830 615 888 671 est.
935 604 1025 672 Idem
1055 607 1119 686 fiat,
1143 604 1271 689 siquis,

135 713 219 798 quod
256 713 271 775 Ι
305 716 360 793 12,
396 716 415 776 8
447 713 567 797 legitur
594 718 759 796 praesente
789 732 823 775 eo
852 713 907 796 qni
934 711 1110 795 adoptetur
1139 717 1174 773 et
1197 729 1273 772 non

136 817 368 881 contradicente
396 838 466 880 nec
496 837 575 880 non
603 836 636 879 eo
667 817 722 900 qni
753 816 901 898 adoptat,
932 814 1136 900 compositori
1160 813 1272 897 prioris

134 921 232 1004 partie
268 920 426 1005 imputare
459 921 551 997 velit3
586 919 789 1003 desumptum
824 921 908 982 enim
944 928 992 984 est
1025 941 1042 981 o
1075 917 1154 982 eod.
1187 917 1272 982 VIII

134 1027 187 1106 47,
215 1027 263 1088 ll.

238 1125 288 1190 Ex
319 1127 357 1191 iis
387 1128 497 1212 igitur,
528 1147 610 1211 quae
643 1126 793 1191 detractis
827 1124 973 1190 omnibus
1005 1145 1089 1209 quse
1112 1124 1273 1189 debentur

134 1230 364 1314 antiquioribus
397 1231 605 1314 scriptoribus
638 1237 777 1310 restant,
816 1228 1049 1294 enucleandum
1087 1228 1179 1292 uobis
1213 1234 1271 1311 est,

133 1354 215 1418 quse
232 1332 409 1398 differentia
420 1335 504 1398 inter
519 1334 640 1421 priores
656 1342 689 1398 et
704 1333 898 1419 posteriores
917 1330 1157 1396 Institutionum
1173 1333 1271 1398 libros

133 1437 320 1504 intercedat.
375 1437 479 1511 Quem
509 1458 586 1503 eave
614 1459 723 1522 speres
755 1437 856 1522 prims
886 1437 992 1500 statim
1024 1436 1136 1521 specie
1158 1434 1271 1521 depr'e·

133 1542 272 1608 hensum
295 1542 350 1621 iri,
373 1542 469 1605 immo
493 1543 547 1627 qui
564 1543 666 1606 obiter
689 1562 755 1606 rem
773 1541 967 1622 tractaverit,
983 1561 1046 1605 non
1068 1539 1179 1603 dubito
1197 1539 1271 1624 quin

132 1645 252 1711 frustra
282 1647 312 1709 iu
347 1668 384 1711 eo
412 1646 616 1711 laboraturus
648 1647 703 1726 sit,
735 1654 771 1708 ut
801 1646 919 1711 idonea
951 1644 1082 1729 indaget
1115 1643 1270 1728 exempla.

132 1749 361 1834 Reputandum
393 1751 477 1813 enim
506 1751 611 1816 estin
635 1749 895 1813 Institutionibus
927 1747 1154 1833 componendis
1179 1767 1271 1811 occu·

131 1860 224 1939 patos
239 1853 338 1919 fuisse
354 1852 437 1917 duos
453 1852 547 1935 viros,
570 1853 624 1939 qui
648 1874 719 1918 cum
737 1852 830 1917 simili
846 1851 938 1917 modo
956 1851 1083 1917 educati
1105 1851 1269 1936 isdemque

132 1958 295 2024 doctrinae
328 1957 493 2023 elementis
527 1957 643 2022 eruditi
677 1956 788 2022 eodem
825 1978 955 2021 munere
989 1955 1269 2040 iurisprudentinm

132 2060 268 2127 docendi
304 2060 516 2146 fungerentur
554 2068 652 2146 etque
690 2060 730 2124 ad
766 2060 988 2124 Institutiones
1031 2059 1269 2144 componendas

134 2167 287 2252 appellati
310 2165 423 2231 eodem
448 2172 592 2249 tempore
609 2163 785 2249 eademque
807 2165 839 2228 in
862 2165 942 2228 urbe
964 2165 1148 2243 seriberent,
1162 2186 1269 2230 neces·

132 2269 214 2333 sario
244 2270 271 2333 si
300 2290 364 2334 non
395 2268 602 2355 aequabiliter
633 2275 666 2331 at
696 2275 802 2332 tamen
826 2268 969 2333 similiter
996 2270 1173 2335 orationem
1195 2290 1268 2334 con·

132 2373 349 2439 formaverint.
396 2373 596 2459 ltaqueuon
620 2374 740 2437 tamin
764 2380 832 2437 toto
858 2373 1010 2437 orationis
1035 2374 1145 2438 babitu
1173 2394 1268 2458 quam

131 2480 163 2543 iu
186 2501 246 2543 usu
274 2477 473 2559 singularum
505 2497 618 2542 vocum
647 2476 910 2560 locutionumque
942 2476 1130 2559 differentia,
1153 2477 1179 2541 si
1205 2497 1268 2561 qua

132 2588 188 2660 est,
211 2580 355 2665 indagari
378 2581 507 2665 poterit.

665 2769 735 2850 es.

234 2892 338 2967 Quam
361 2912 458 2975 saepe
480 2892 619 2975 priorum
643 2899 674 2955 et
706 2889 919 2974 posteriorum
944 2891 1097 2954 librorum
1121 2913 1197 2956 usus
1222 2895 1266 2957 di·

131 2995 221 3060 cendi
246 2994 326 3059 sdeo
351 2995 542 3077 consentiat,
566 3003 601 3057 ut
625 2994 726 3057 obiter
742 2994 983 3078 inspicientibus
1004 2995 1044 3058 ab
1060 3017 1123 3059 una
1140 2998 1267 3063 eedem-

131 3120 192 3184 que
214 3119 310 3162 mauu
335 3099 501 3182 compositi
524 3118 594 3162 esse
617 3097 717 3162 videri
740 3097 871 3180 possint,
896 3118 1011 3181 magne
1035 3099 1265 3184 exemplorum,

131 3224 212 3288 quae
242 3202 405 3286 congessi,
436 3203 528 3285 eopia
556 3223 627 3266 cum
658 3201 876 3265 demonstrare
903 3203 1038 3286 possim,
1070 3223 1173 3286 pauca
1195 3225 1265 3288 pro·

130 3306 246 3371 feram:

236 3413 264 3476 1.
303 3408 632 3476 '‘Rodundantiee
653 3418 790 3495 uterque
813 3410 1007 3495 compositor
1030 3411 1074 3473 ite
1096 3410 1214 3486 studet,
1231 3417 1267 3475 ut

131 3515 184 3579 ubi
208 3535 307 3577 unum
330 3514 462 3578 verbum
494 3512 544 3577 vel
576 3534 636 3576 uno
660 3515 778 3578 locutio
802 3513 955 3596 sufficiet,
979 3514 1121 3598 pluribus
1145 3520 1264 3580 utatur.

129 3616 182 3681 Sic
209 3639 450 3703 nonnumquam
480 3618 665 3703 synonymis
695 3619 807 3682 eedem
838 3640 888 3682 res
918 3617 1114 3682 declaratur:
1151 3617 1167 3680 I
1193 3620 1265 3699 1,2

128 3722 209 3785 levi
246 3744 283 3787 ec
319 3720 874 3806 simplictlldilipentisctmc
914 3730 1005 3808 ctqne
1042 3723 1264 3787 exactissi-

128 3846 186 3889 ma
203 3824 215 3907 ll
231 3825 500 3889 rnnltitndc'nc
523 3847 560 3889 cc
581 3827 793 3889 serictate
816 3825 887 3906 (etr.
901 3824 951 3888 IV
968 3827 1101 3901 l3‚6en
1123 3826 1265 3889 rnnltis

128 3931 325 4014 variisque
355 3932 475 4011 censis)
501 3930 571 4011 112,
598 3932 632 3993 ll
664 3929 795 4012 firmo
819 3935 910 4014 atqnc
941 3927 1249 4011 immutabilicll

130 4033 177 4110 12,
201 4033 353 4117 bsinis
382 4034 512 4120 qnidam
539 4040 566 4097 et
597 4032 827 4114 termc'nnsll
852 4037 881 4114 ἵ),
905 4035 924 4097 3
949 4055 1030 4096 ncnc
1052 4040 1144 4118 ctqne
1166 4034 1265 4097 sirn-

123 4135 216 4219 ptec
239 4135 367 4201 libertas
383 4140 394 4216 ll
412 4137 446 4200 II
471 4140 499 4215 l,
517 4138 537 4200 2
557 4137 843 4220 plenissimum
866 4143 894 4200 et
912 4136 1144 4220 perfectum
1168 4137 1265 4199 robur

127 4235 237 4323 lll2‚3
260 4242 453 4305 litterati
474 4247 502 4305 ct
524 4240 713 4325 eruditill
729 4243 779 4318 25,
801 4263 848 4327 pr.
871 4261 1041 4324 mcpncs
1063 4248 1091 4307 ct
1113 4242 1264 4324 tonpas

125 4345 407 4429 perecrincttones.
