2956 4822
690 306 780 392 [ras]
1260 311 1300 374 st

163 501 248 587 quod
265 524 303 567 ea
320 522 402 587 qnae
425 501 488 565 illio
513 500 713 585 optimatium
736 499 810 565 dolo
833 501 980 564 instituta
1003 506 1087 578 sunt,
1110 521 1180 565 oum
1204 501 1301 565 animi

163 608 280 671 oinium
295 605 383 669 anxii
400 627 417 668 a
434 627 467 670 re
484 604 629 690 populari
653 612 886 679 auerterentnr,
909 626 947 667 ea
972 605 1022 668 hio
1044 605 1084 667 ad
1109 611 1301 688 potestatem

162 710 373 795 reipublicae
398 710 605 793 popularibus
628 707 792 791 Antigono
816 709 964 773 obnoxiis
987 707 1189 772 tribuendam
1213 708 1301 772 insti·

162 821 297 878 tuantur
312 813 428 877 additis
453 813 568 877 diserte
592 813 684 879 minis
710 833 896 898 poenarum,
919 814 946 877 si
962 813 1031 897 quis
1047 811 1202 876 aduersus
1218 812 1301 896 regis

161 917 329 981 oommoda
351 915 428 1002 quid
451 922 603 1001 rogasset.
1138 921 1142 928 ’

264 1021 412 1106 Denique
428 1020 621 1085 monendum
644 1029 692 1085 est
715 1021 839 1104 legatos
855 1041 935 1104 quos
952 1020 1052 1084 tribus
1068 1005 1181 1084 diebus
1198 1018 1300 1084 Coum

161 1123 230 1189 Teii
259 1126 385 1190 mittere
414 1125 580 1207 iubentur,
603 1145 668 1189 non
698 1125 804 1189 statim
827 1124 990 1210 profectos
1019 1145 1105 1207 esse,
1137 1124 1226 1188 euius
1255 1124 1301 1186 rei

162 1248 242 1313 quae
265 1228 363 1295 fuerit
384 1250 481 1296 eausa
503 1229 585 1295 infra
607 1229 781 1294 uidendum
804 1230 865 1295 erit
888 1227 933 1316 (p.
958 1227 1027 1312 49].
1131 1223 1134 1228 ’

692 1464 764 1548 59.

265 1659 351 1725 Huio
373 1660 577 1744 paragrapho
601 1658 715 1723 similia
737 1665 812 1723 sunt
834 1679 918 1742 qnae
940 1659 972 1721 in
995 1658 1163 1722 Stiriorum
1186 1664 1218 1722 et
1233 1657 1300 1721 Me·

161 1765 348 1829 deoniorum
379 1766 495 1849 paeto¹
520 1764 756 1828 constituuntur
779 1785 808 1829 v.
833 1769 875 1829 34
898 1787 963 1851 sq.:
987 1760 1048 1845 Me}
1070 1761 1148 1827 ἔστω
1171 1761 1206 1826 δὲ
1228 1759 1301 1825 ἐπά-

163 1895 266 1952 ναγκες
299 1876 480 1951 λειτουργεῖν
510 1865 580 1945 τούς
602 1869 801 1946 Μεῦεωνίοος
830 1870 862 1933 ἐν
898 1868 984 1949 Στίρι
1016 1865 1070 1944 τοὶς
1098 1863 1195 1950 ἀρχὰς
1235 1864 1300 1929 ὅσοι

161 1972 336 2058 γεγένηνται
352 1975 385 2037 ἐν
401 1974 542 2036 Messoa
557 1970 712 2057 ἄρχοντες,
733 1973 888 2049 tentiam,
912 1978 1092 2056 πρηκτῆρες,
1109 1971 1300 2053 ὃαμιουργοί,

160 2076 267 2160 ἱερεῖς,
298 2075 451 2161 ἱεράρχαι,
483 2081 532 2141 καὶ
555 2081 612 2141 τοῖν
634 2084 783 2159 γυναικῶν
804 2074 873 2141 ὅσαι
895 2075 1107 2161 ἲερητεύκατι,
1139 2076 1167 2139 εἰ
1187 2073 1231 2158 μή
1256 2099 1300 2149 τις

160 2178 235 2245 ἑκών
248 2179 394 2263 ὑπομένοι
407 2199 414 2213 ·
427 2179 586 2246 ἱστοίνθων
600 2182 635 2246 δὲ
651 2183 683 2247 ἐκ
698 2184 763 2247 τῶν
777 2179 1021 2264 ἀλειτουργὴτων
1034 2187 1098 2246 τῶν
1111 2179 1300 2244 Μεὸεωνίων

160 2289 208 2348 καὶ
231 2287 347 2350 ἐκτῶν
370 2287 510 2370 Στιρίων.

263 2389 338 2454 Ηοο
367 2390 438 2456 loeo
469 2391 534 2455 dno
566 2399 642 2457 sunt
672 2413 794 2476 genera
827 2391 993 2456 hominum
1025 2390 1078 2477 qui
1113 2387 1299 2453 muneribus

160 2492 294 2578 publiois
316 2495 502 2560 liberantur.
548 2494 629 2560 Oum
653 2496 737 2560 enim
770 2502 875 2561 eertus
908 2495 987 2560 ordo
1028 2515 1091 2580 quo
1123 2493 1299 2577 locupletos

160 2597 191 2661 in
214 2605 349 2682 utraque
373 2600 504 2664 ciuitate
529 2602 713 2683 muneribus
738 2598 966 2685 fungebantur,
989 2597 1189 2685 synoeoismo
1212 2596 1299 2660 insti·

161 2709 229 2766 tuto
253 2703 459 2787 perturbatus
483 2710 577 2786 esset,
602 2726 659 2768 rex
682 2726 723 2769 ne
740 2704 769 2768 ei
785 2705 836 2788 qui
860 2725 991 2769 munere
1013 2702 1120 2787 aliquo
1144 2700 1175 2764 in
1198 2699 1299 2763 altera

162 2806 291 2871 ciuitate
313 2807 414 2872 functi
437 2815 562 2888 essent,
593 2828 678 2872 nouo
713 2807 822 2872 ordine
846 2808 1021 2872 constituto
1045 2807 1161 2870 iterum
1185 2802 1297 2868 eodem

162 2920 383 2992 onerarentur,
399 2912 578 2976 cauendum
596 2911 717 2977 statuit.
733 2948 774 2959 —
791 2913 872 2977 Tum
889 2910 1022 2977 Lebedii
1038 2910 1115 2974 dum
1131 2909 1298 2975 domorum

161 3018 426 3083 exstruendorum
450 3039 548 3085 onere
570 3024 799 3103 premerentur,
823 3019 970 3083 omnibns
994 3017 1178 3082 muneribus
1194 3035 1229 3079 se
1245 3035 1299 3078 ex·

160 3123 221 3207 cipi
252 3122 505 3206 postulauerunt.
552 3122 645 3215 Quod
679 3123 710 3188 in
742 3131 807 3188 tres
836 3144 938 3188 annos
968 3123 1013 3187 eis
1036 3121 1233 3187 conceditur.
1257 3157 1298 3166 -

160 3227 285 3311 Regem
308 3235 415 3292 utrum
439 3226 515 3291 urbs
538 3227 687 3292 Teiorum
711 3233 930 3312 permaneret,
953 3248 993 3291 an
1018 3232 1086 3289 tota
1108 3225 1161 3289 uel
1182 3225 1299 3310 partim

160 3331 394 3414 destrueretur,
424 3330 576 3395 Teiorum
607 3331 737 3397 arbitrio
772 3332 953 3417 permisisse
990 3351 1087 3415 supra
1120 3328 1299 3393 monuimus

160 3432 288 3520 (pm).
320 3435 393 3508 Qua
415 3457 450 3499 re
473 3434 535 3499 hoo
557 3435 640 3517 loon,
663 3436 690 3500 si
714 3456 824 3499 omnes
839 3434 909 3500 Teii
932 3436 963 3499 in
986 3434 1125 3520 pristinis
1148 3439 1298 3497 maneant

160 3537 316 3619 domibus,
341 3538 501 3603 Lebedios
526 3546 648 3604 tantum
671 3539 856 3604 liberandos
880 3561 950 3604 esse
973 3545 1100 3620 censet,
1130 3539 1178 3602 sin
1201 3538 1298 3601 etiam

159 3641 309 3708 Teiorum
333 3663 407 3726 pars
431 3643 523 3707 sedes
547 3651 681 3728 mutare·
695 3652 837 3726 cogatur,
861 3644 956 3707 etiarn
979 3644 1038 3708 hos
1061 3643 1115 3727 qui
1137 3642 1169 3705 in
1186 3639 1297 3704 eadem

160 3752 254 3829 atque
278 3746 324 3835 ilii
346 3746 533 3811 condicione
557 3748 629 3827 sint,
654 3746 765 3810 eadem
788 3747 988 3811 immunitate
1010 3746 1071 3810 frui
1095 3744 1193 3809 iubet.

262 3848 353 3922 Quae
376 3859 554 3934 sequuntur
569 3849 832 3934 Waddingtonus
855 3852 900 3914 ita
923 3850 1102 3934 suppleuit:
1124 3853 1172 3912 aut
1188 3848 1244 3923 ἓως
1259 3845 1297 3908 ἂν

161 3946 189 4032 ἧι
213 3953 310 4029 οἰκία,
341 3951 387 4036 μή
409 3957 622 4036 μεθαιριῦνται
645 3952 771 4030 τούτους
794 3961 988 4038 λητουργεῖν,
1021 3954 1079 4017 hac
1103 3974 1179 4018 usus
1203 3953 1298 4015 inter·

71 4123 72 4128 γ
158 4057 356 4139 pretatione:
395 4059 450 4138 ,ils
475 4067 584 4122 seront
607 4059 772 4143 exemptis
795 4058 937 4142 pendant
959 4059 989 4121 le
1014 4057 1116 4121 meme
1140 4065 1241 4141 temps
1267 4064 1298 4121 et

156 4158 286 4244 jusqu'd
309 4181 344 4224 oe
370 4160 461 4246 qu’ils
485 4162 571 4225 aient
594 4161 634 4226 de
659 4163 828 4226 maisons.“
874 4159 983 4224 Verba
1013 4157 1058 4242 μή
1088 4166 1296 4242 peraperta

266 4372 274 4404 ¹
293 4370 365 4423 Vide
384 4371 459 4423 intra
476 4375 579 4436 pestem
600 4370 647 4423 IV.
