2956 4822
622 294 711 388 [aas]
1194 294 1232 369 at

106 499 239 587 primum
263 495 344 561 inter
366 492 468 560 σκόλια
496 495 544 575 (fr.
576 496 615 557 st
646 494 731 579 apud
761 492 976 575 Beeclrhium)
1007 503 1174 580 postquam
1205 497 1236 560 in

104 625 133 668 v.
151 608 169 668 3
189 601 345 666 Pindarus
362 621 431 663 eam
447 595 552 679 ματέρ’
566 596 687 679 ἐρώτων
703 595 845 678 οὐρανίαν
861 648 868 662 .
887 647 915 662 ..
934 596 1131 682 Ἀφροδίταν
1146 599 1236 681 dixit,

103 708 161 773 sub
184 709 276 770 finem
300 704 480 787 fragmenti,
504 704 592 767 euius
615 703 761 782 ambitus,
784 722 857 765 eum
879 724 991 767 versus
1007 703 1236 787 aliquotinter·

103 812 253 891 ciderint,
288 831 350 873 nen
383 809 460 871 satis
492 808 678 893 perspicuus
711 812 775 885 est,
809 805 920 870 Venus
951 827 971 869 ο
1000 807 1096 872 ohoro
1129 807 1235 872 verbis

105 909 148 998 „ei
175 914 303 994 Κύπρου
327 911 486 976 δέοποινα“
513 914 685 975 invocatur.

205 1015 440 1082 unuuinnu
470 1016 598 1102 quidem
629 1022 725 1100 poeta
755 1015 882 1100 Pythici
912 1016 1058 1080 carminis
1090 1016 1173 1081 tertii
1203 1022 1235 1081 et

101 1126 179 1189 inv.
196 1126 236 1186 92
253 1123 331 1186 etin
349 1142 376 1186 v.
397 1123 453 1184 101
479 1120 590 1184 eodem
616 1120 743 1183 nomine
766 1121 893 1203 proprio
916 1120 1098 1205 appellavit,
1122 1143 1232 1186 rerum

100 1230 182 1292 inter
197 1228 277 1290 dues
293 1226 362 1291 illes
381 1246 490 1288 versus
506 1225 580 1289 novi
598 1225 780 1309 systematis
798 1224 918 1287 initium
936 1226 1080 1310 sumpsit.
1115 1223 1234 1291 Contra

102 1334 133 1395 in
165 1333 301 1394 carmine
331 1328 493 1393 Nemeaeo
523 1329 616 1392 tertie
648 1337 816 1413 postquam
847 1327 908 1392 dea
937 1329 968 1392 in
999 1349 1026 1392 r.
1057 1331 1097 1392 35
1128 1331 1233 1393 ποντία

103 1434 191 1510 Θέτις
214 1434 299 1498 dicta
322 1440 379 1509 est,
402 1432 560 1495 Pindarus
584 1433 615 1494 in
640 1453 668 1494 v.
686 1434 726 1495 st
751 1453 864 1497 nemen
888 1434 956 1496 eius
974 1433 1018 1496 ita
1035 1433 1175 1516 variavit,
1199 1441 1233 1498 ut

99 1538 184 1601 illum
211 1535 333 1620 Νηρέος
356 1534 499 1616 θύγατρα
522 1543 660 1600 voearet.
707 1535 858 1599 Similiter
881 1535 996 1619 legitur
1020 1534 1109 1600 Nem.
1126 1537 1175 1601 IV
1191 1542 1232 1602 50

101 1640 205 1718 Θέτις,
227 1662 257 1706 v.
282 1643 322 1706 65
345 1636 532 1718 ὑψιθρόνων
553 1640 627 1720 μίαν
652 1642 810 1722 Νηρεΐδων
831 1647 863 1703 et
886 1639 976 1704 Nem.
1000 1639 1030 1703 V
1053 1644 1094 1703 25
1117 1641 1232 1722 στμνοὶν

101 1745 201 1822 Θέτιν,
230 1769 261 1809 v.
286 1746 325 1808 36
354 1744 477 1807 ποντίαν
498 1741 735 1825 χρυσαλακάτων
758 1741 823 1806 τινα
847 1749 1018 1826 Νηρελλλονν.
1063 1746 1133 1810 lam
1155 1767 1231 1810 uero

101 1850 132 1912 in
155 1849 294 1913 carmine
317 1847 469 1911 Isthmico
498 1848 634 1932 septime
664 1847 753 1911 initio
780 1846 865 1912 facte
888 1850 920 1911 iu
944 1872 974 1913 v.
998 1852 1038 1912 27
1062 1870 1081 1913 a
1103 1853 1230 1915 nomine

101 1953 209 2030 Θέτιος
232 1959 329 2037 poeta
350 1952 382 2014 in
406 1972 434 2014 r.
457 1954 497 2014 34
521 1972 590 2014 eam
614 1952 738 2014 ποντίαν
761 1949 838 2014 θεόν
860 1952 958 2033 dixit3
988 1974 1046 2018 nee
1071 1955 1176 2020 minus
1198 1956 1231 2020 in

100 2082 130 2123 v.
155 2062 195 2121 43
219 2057 298 2121 deae
321 2075 436 2119 nemon
461 2075 517 2138 per
540 2055 692 2137 ambages
716 2054 861 2136 reddidit,
884 2056 937 2119 ubi
955 2055 1072 2140 Νηρέος
1088 2058 1230 2142 θυγάτηρ

99 2162 224 2245 legitur.
271 2160 308 2224 In
331 2181 361 2223 ν.
385 2163 424 2223 47
450 2159 576 2223 demum
605 2158 762 2224 Pindarus
789 2159 829 2223 ad
858 2160 1101 2246 appellationem
1125 2162 1231 2239 Θέτιος

99 2267 240 2329 recurrit.

202 2369 354 2432 Attamen
377 2366 533 2431 dubitatio
558 2366 643 2431 haud
667 2369 747 2431 levis
770 2367 862 2431 uobis
893 2389 931 2432 ee
961 2369 1080 2434 moveri
1113 2376 1229 2453 petest,

100 2474 181 2559 qued
213 2481 310 2557 poeta
339 2479 372 2535 et
400 2474 432 2534 in
456 2470 728 2536 CMARITIBUS
760 2481 791 2536 et
819 2473 851 2535 in
874 2472 1006 2537 MUSIS
1029 2473 1229 2539 nominandis

99 2578 200 2641 multe
225 2576 448 2659 neglegentius
471 2577 554 2639 lecit.
592 2575 667 2640 Illas
692 2578 774 2639 euim
792 2578 936 2641 carminis
952 2577 1109 2662 Olympici
1125 2579 1229 2662 quarti

98 2682 212 2745 decimi
236 2690 267 2743 et
290 2681 322 2743 in
344 2684 408 2743 v.4
433 2690 463 2742 et
487 2681 518 2743 in
542 2683 608 2744 v.8
632 2680 745 2744 eedem
762 2681 889 2743 neruine
904 2684 1032 2766 proprie
1049 2683 1228 2766 appellatas

98 2784 373 2870 deprehendimus,
398 2804 469 2846 cum
492 2782 524 2846 in
547 2804 575 2846 v.
601 2785 726 2846 14-15
752 2789 835 2846 θεοῖν
857 2785 1016 2864 κρατίστου
1040 2791 1144 2863 παῖδες
1164 2788 1183 2851 i.
1200 2808 1227 2853 e.

97 2890 185 2954 Ievis
216 2889 299 2951 filiae
329 2887 433 2950 dictae
462 2887 534 2951 sint.
587 2887 625 2949 ln
655 2888 791 2950 carmine
821 2895 929 2951 autem
957 2887 1095 2973 Pythice
1125 2893 1227 2976 prime

97 2995 260 3059 Musarum
296 3013 412 3055 nomeu
449 2992 481 3053 in
514 3013 545 3054 r.
581 2991 620 3054 14
658 2991 786 3074 quidem
824 2992 1040 3075 appellatione
1075 2995 1228 3076 Πιερίδων

98 3100 254 3162 variatum
277 3104 337 3179 est,
361 3096 416 3159 sed
440 3096 472 3157 in
495 3096 562 3158 ν.2
587 3103 618 3156 et
642 3114 670 3158 v.
690 3096 728 3156 12
751 3095 872 3157 nudum
889 3102 1004 3159 exstat.
1042 3096 1110 3161 Neo
1124 3100 1227 3165 minus

96 3203 126 3266 in
158 3203 295 3264 carmine
325 3199 475 3262 Isthmico
507 3199 608 3262 altere
639 3197 797 3261 Pindarus
828 3205 995 3283 postquam
1022 3202 1053 3264 in
1082 3205 1156 3267 r.2
1186 3203 1226 3268 de

97 3307 259 3371 Musarum
283 3324 377 3369 curru
401 3303 490 3382 dixit,
514 3303 545 3365 in
570 3322 597 3365 r.
622 3304 641 3364 6
664 3303 703 3365 ad
727 3324 841 3367 nomen
867 3307 976 3367 Μοῖσα
998 3304 1101 3370 rediit.

198 3408 391 3491 Diligentius
423 3404 675 3470 GORGONUM
706 3426 821 3471 nemen
854 3407 885 3470 in
920 3410 1058 3472 carmine
1090 3410 1225 3494 Pythice

96 3513 282 3578 duodecimo
306 3510 430 3574 variare
453 3509 568 3590 voluit,
599 3530 663 3594 que
688 3509 957 3593 quemadmodum
980 3512 1123 3576 Minerva
1146 3514 1225 3579 Ger·

95 3638 216 3702 genum
246 3615 285 3677 de
316 3612 469 3676 Medusae
501 3613 618 3676 sororis
649 3622 751 3676 morte
780 3612 921 3677 lamenta
953 3619 1047 3699 atque
1078 3614 1225 3700 planetus

94 3723 216 3786 imitata
246 3718 394 3781 tibiarum
427 3724 527 3781 artem
562 3717 732 3799 inveniret,
770 3719 907 3781 relatum
942 3726 999 3782 est.
1053 3720 1161 3804 Atque
1192 3722 1225 3785 in

94 3848 125 3891 r.
143 3827 160 3890 t
185 3821 310 3909 quidem
334 3821 405 3885 illae
429 3841 551 3886 sereres
575 3821 708 3884 audiunt
723 3819 884 3902 Γοργόνες,
908 3823 965 3886 sed
982 3824 1015 3886 in
1030 3846 1059 3887 r.
1076 3827 1094 3886 9
1110 3845 1223 3889 nemen

95 3951 203 3994 earum
232 3948 288 4013 per
311 3925 461 4009 ambages
485 3927 643 4009 expressit
664 3925 832 3989 Pindarus.
876 3924 1021 4009 Namque
1050 3929 1224 4009 παρθενίοις

94 4039 239 4118 κεφαλαῖς
257 4029 373 4094 dictum
389 4029 516 4094 videtur
530 4050 587 4114 pre
603 4035 748 4114 κεφαλαῖς
764 4029 927 4110 παρθένων
941 4029 961 4094 i.
979 4052 1007 4094 e.
1027 4030 1223 4114 Gorgonum.

94 4138 162 4202 Iam
179 4154 252 4198 vero
270 4141 437 4219 postquam
454 4133 486 4196 in
501 4153 531 4199 v.
551 4136 587 4198 ll
606 4142 702 4218 poeta
717 4133 930 4217 appellatione
947 4141 1132 4217 κασιγνητᾶν
1147 4159 1223 4203 usus

95 4246 158 4316 est,
188 4238 219 4301 in
241 4259 270 4300 v.
298 4240 336 4301 13
359 4235 492 4301 eaedem
520 4238 722 4301 nominantur
751 4234 879 4318 Φόρκοιο
906 4235 1006 4318 γένος,
1035 4238 1183 4322 queniam
1203 4265 1223 4306 a

95 4345 220 4409 Phorco
253 4356 344 4428 patre
378 4353 472 4406 natae
505 4350 587 4406 sunt.
649 4343 753 4425 Atque
788 4340 868 4403 adeo
902 4342 934 4404 in
969 4364 999 4406 v.
1031 4344 1072 4406 20
1105 4364 1222 4410 nerum

1071 4444 1120 4499 18*
