2962 4800
213 272 252 333 10
747 268 814 352 [ss]

211 460 276 524 Mil.
302 462 363 524 719
466 459 526 522 Pal
547 461 576 522 si
597 458 783 541 habuissem,
806 461 885 524 sutis
909 462 1054 544 cepissem
1079 463 1305 530 miseriarum
1331 466 1380 551 <e>

1131 567 1263 635 libe-ris.

473 666 626 731 Continuo
666 669 939 731 excruciarer
978 669 1096 732 animi:
1137 671 1171 733 si
1211 674 1243 735 ei
1284 674 1381 755 forie

991 768 1114 852 fuisset
1127 771 1259 854 febris,

468 871 684 945 Ceuserem
715 873 814 936 emori
822 894 832 934 .·
867 872 1064 936 cecidissctue
1094 873 1206 940 edsius
1238 889 1305 946 aut
1339 885 1379 948 de

1014 993 1089 1056 equo
1111 982 1262 1065 uspiam,

467 1078 508 1141 M
511 1085 688 1142 etuerem
703 1098 740 1142 ne
755 1078 799 1142 iii
817 1078 1007 1163 diffreqisset
1025 1099 1125 1143 crura
1144 1091 1206 1146 aut
1230 1091 1378 1153 cervices

1182 1187 1259 1252 sibi.

210 1283 327 1349 Bacch.
357 1286 435 1348 1207
469 1284 519 1347 Hi
541 1305 627 1349 senes
649 1286 713 1349 uisi
727 1284 873 1368 fuissent
903 1287 995 1350 uihiii
1023 1287 1088 1350 iam
1111 1288 1189 1353 iude
1216 1291 1259 1354 ab
1287 1295 1374 1359 adu·

1087 1392 1257 1476 iesceutia,

470 1491 542 1556 Nou
556 1493 647 1557 hodic
662 1493 718 1557 icoc
734 1499 857 1556 tautum
864 1494 1032 1579 fluuitium
1039 1493 1070 1576 f
1075 1514 1095 1556 a
1106 1515 1173 1558 cer
1183 1505 1253 1562 ent
1273 1503 1372 1566 cauis

1078 1598 1252 1681 capitibus.

209 1699 327 1764 Bacch.
357 1703 436 1764 1209
468 1699 572 1783 Neque
595 1701 672 1765 adeo
694 1700 770 1764 haec
785 1699 1052 1783 faceremus,
1084 1702 1120 1764 ui
1151 1704 1297 1771 antehac
1322 1711 1369 1771 ai·

995 1805 1145 1868 dissemus
1157 1807 1255 1888 fier-i,

474 1907 514 1972 Ut
535 1909 625 1991 apud
646 1909 771 1973 leuoucs
792 1908 907 1972 riuales
920 1909 1004 1991 filiis
1016 1908 1133 1991 fierent
1152 1917 1286 1992 patres.

210 2009 295 2073 Rud.
324 2011 403 2072 1259
468 2007 553 2072 Nam
575 2011 642 2074 ittic
665 2031 735 2073 cum
757 2029 844 2074 seruo
867 2011 954 2094 siquo
978 2028 1165 2092 concressus
1186 2011 1292 2095 foret,

468 2110 511 2174 Et
535 2113 638 2194 ipsum
661 2126 724 2176 sese
746 2118 773 2176 ct
795 2113 885 2176 ilium
903 2112 992 2195 furti
1014 2113 1133 2175 astri
1141 2133 1164 2175 u
1171 2123 1302 2196 aeret.

469 2215 558 2278 Dum
577 2216 734 2297 praedam
756 2214 866 2278 habere
888 2235 919 2278 se
942 2221 1087 2294 ceu-seret,
1110 2216 1242 2279 iuterim

468 2318 599 2382 Praeda
621 2320 711 2403 ipsm
733 2325 844 2383 esset:
865 2319 988 2401 praeda
1003 2317 1162 2401 praedam
1187 2320 1359 2390 duceret.

210 2421 288 2486 cist.
304 2421 338 2485 ΙΙ
354 2425 385 2503 3,
401 2425 436 2486 81
464 2420 559 2485 Nuuc
580 2424 727 2486 intellexi.
743 2444 773 2486 .·.·
788 2421 850 2485 Dis
872 2421 972 2485 herde
993 2420 1088 2484 habea
1110 2424 1281 2504 qratiam:

467 2524 553 2589 Num
575 2527 610 2588 ui
631 2527 797 2608 intelteues,
812 2542 993 2606 numquam,
1014 2524 1120 2605 creda,
1142 2529 1358 2597 amitteres.

210 2629 313 2702 Quem
347 2630 449 2693 locum
485 2635 573 2693 rectc
608 2629 834 2713 interpretatus
872 2649 941 2692 esse
975 2626 1101 2692 videtur
1139 2628 1264 2694 Parcus
1309 2634 1359 2698 his

209 2753 285 2796 usus
308 2732 429 2795 verbis:
453 2730 632 2813 Numquam
656 2733 828 2797 dimisisses
850 2753 897 2796 me
920 2737 1105 2816 occupatum
1128 2739 1157 2796 et
1187 2735 1255 2798 alic
1278 2756 1357 2818 pra·

208 2842 378 2918 peraatcm.

313 2936 435 3000 Eodem
457 2939 566 3002 nescio
590 2960 631 3001 an
655 2939 837 3023 pertincant
860 2957 909 3002 vv.
934 2935 994 3021 Ep.
1018 2938 1079 3000 427
1104 2958 1192 3022 sqq.:

469 3040 538 3124 Eqa
569 3043 597 3105 si
629 3042 823 3126 udicaassem
855 3042 988 3121 aliquem
1019 3039 1172 3104 iicmiuem
1209 3042 1254 3106 ad
1294 3046 1354 3109 icoc

1085 3145 1245 3225 iuuatium

467 3247 577 3311 Minus
599 3266 693 3328 quam
711 3247 793 3310 huuc
809 3247 932 3310 doctum
948 3249 1108 3327 minusque
1124 3247 1168 3309 ud
1183 3246 1269 3313 ieauc
1286 3271 1354 3314 rem

1080 3349 1244 3431 callidum,

468 3451 511 3514 Os
533 3451 683 3515 sublitum
705 3457 781 3514 esset
803 3453 906 3530 itaque
929 3470 975 3513 mc
998 3449 1077 3513 albis
1100 3449 1246 3515 dentibus

467 3553 558 3617 Meus
581 3553 791 3617 derideret
804 3553 899 3636 fitius
922 3555 1150 3633 meritissumc,·
1322 3566 1355 3624 et

209 3656 295 3720 Trin.
319 3659 381 3721 566
462 3656 639 3738 licitumst,
662 3659 698 3720 si
720 3656 864 3724 uelles:
886 3678 971 3719 uicus
993 3674 1082 3738 queam
1104 3655 1186 3721 uiuit
1208 3666 1265 3740 est,
1287 3682 1354 3726 man

1112 3761 1192 3825 iicet.
1217 3784 1249 3826 .·.·

468 3864 553 3944 Quid
568 3871 677 3945 tecum,
691 3862 946 3927 Stasime?::De
961 3864 1038 3927 istac
1049 3864 1131 3945 quod
1147 3864 1233 3928 dixti
1244 3868 1356 3933 moda:

468 3968 505 4031 Si
528 3974 600 4032 aute
621 3968 780 4047 coluisses,
803 3986 933 4030 esses:
956 3988 1039 4030 uuuc
1062 3987 1131 4030 sero
1155 3970 1256 4050 cupis.

313 4069 440 4135 Etenim
467 4072 571 4155 priore
602 4071 673 4135 loco
705 4091 747 4132 cx
781 4090 818 4134 co
850 4069 935 4154 quod
968 4069 1133 4153 praecedit
1163 4071 1357 4158 plusquam-

210 4173 349 4258 perfecto
371 4172 519 4238 subtitum
548 4181 625 4238 esset
656 4173 751 4239 facile
781 4174 935 4237 conicitur
967 4173 1122 4237 derideret
1150 4194 1282 4260 quoquc
1313 4178 1355 4241 sd

212 4282 335 4367 tempus
359 4278 569 4362 praeteritum
593 4286 757 4363 spectarc3
780 4278 810 4340 in
827 4277 1002 4342 Trinummi
1020 4285 1127 4341 cutem
1147 4299 1178 4342 v.
1196 4281 1262 4344 558
1279 4290 1358 4347 esset
