2962 4800
680 289 748 372 pn]
1242 291 1280 350 aa

150 480 293 562 attigisse
319 478 473 557 videatur,
496 500 559 542 non
583 479 707 542 Dorum
731 488 785 542 ant
803 480 916 542 Ionum
938 480 1063 564 propria
1081 479 1149 559 tuit,
1172 480 1226 542 sed
1245 500 1285 542 ox

150 583 254 647 alieno
279 582 416 666 quodam
446 603 535 646 more
564 581 604 645 ab
637 584 764 646 Asianis
794 582 988 646 Graecorum
1019 583 1199 646 civitatibus
1229 583 1286 644 im·

150 686 257 770 primis
280 694 406 768 recepto
425 684 566 748 derivata
584 691 640 750 est.
672 685 868 749 Adiumento
886 692 934 749 est
950 686 1022 749 huic
1037 686 1177 768 opinioni
1195 704 1285 747 meae

149 789 237 852 locus
262 789 389 872 quidam
415 788 585 871 Ciceronis,
610 810 830 873 quemnemo,
857 799 1011 873 quantum
1035 790 1110 870 scio,
1141 790 1180 852 ad
1211 810 1285 851 con-

149 892 351 956 suetudinem
376 892 460 954 illam
484 892 618 972 rettulit,
643 892 793 956 orationis
817 916 872 977 pro
895 893 932 956 P.
956 893 1059 956 Sestio
1085 914 1111 957 o.
1129 895 1169 955 2ss
1193 891 1284 971 §562

150 992 247 1077 ‘Lege
280 995 448 1058 tribunicia
478 994 587 1058 Matris
621 995 759 1078 Magnae
793 996 1015 1059 Pessinuntius
1048 995 1102 1059 ille
1136 994 1285 1058 sacerdos

151 1097 303 1181 expulsus
327 1105 358 1160 et
381 1097 536 1179 spoliatus
559 1096 739 1161 sacerdotio
757 1106 807 1162 est
825 1097 1043 1181 fanumque
1066 1098 1286 1161 sanctissi-

150 1221 300 1264 marum
332 1209 455 1284 atque
486 1201 876 1285 antiquissimarum
906 1202 1155 1285 religionum
1188 1221 1287 1265 ven·

150 1302 277 1367 ditum
313 1305 491 1386 pecunia
526 1303 676 1386 grandi
714 1303 895 1386 Brogitaro,
931 1305 1053 1387 impuro
1088 1303 1204 1367 honuni
1239 1311 1286 1367 at-

151 1426 212 1488 que
247 1405 377 1488 indigno
411 1406 465 1469 illa
505 1406 675 1489 religione,
715 1408 902 1488 praesertim
936 1428 1006 1469 cum
1042 1407 1098 1469 ea¹
1138 1405 1199 1469 sibi
1232 1406 1285 1469 illc

150 1530 214 1572 non
239 1510 375 1591 colendi,
404 1509 459 1572 sed
483 1510 622 1572 violandi
654 1530 751 1572 causa
784 1504 974 1593 adpetisset.'
1019 1508 1187 1571 Vendandi
1223 1509 1283 1592 igi-

150 1618 202 1675 tur
221 1613 437 1676 sacerdotium
456 1634 532 1677 usus
548 1635 566 1674 a
581 1613 858 1676 Pessinuntiorum
882 1613 1032 1674 institutis
1056 1611 1137 1674 haud
1163 1612 1285 1675 alienus

150 1714 273 1779 videtur
297 1714 403 1778 tuisse.
440 1716 549 1801 Atque
573 1715 658 1800 quod
682 1717 755 1778 huic
777 1715 914 1798 Magnae
939 1715 1043 1791 Matri,
1069 1716 1159 1778 ouius
1182 1715 1287 1779 cultus

154 1817 348 1881 Graecorum
372 1820 553 1882 civitatibus
576 1819 682 1883 nescio
699 1841 739 1882 an
759 1818 917 1882 vendendi
939 1818 1118 1881 sacerdotia
1138 1819 1285 1901 exemplo

151 1920 259 1999 fuerit,
292 1923 323 1984 in
348 1920 437 2009 Ἱερῷ
467 1919 538 1997 Διὸς
572 1922 704 2001 Ov'pr'oo,
735 1922 789 1985 ubi
821 1921 988 1985 duodecim
1020 1922 1152 1984 deorum
1182 1944 1286 1986 sacer-

152 2023 273 2087 dotium
298 2026 433 2089 veniisse
457 2026 584 2103 scimus,
615 2024 737 2088 illustre
768 2025 993 2108 publicumque
1015 2025 1170 2109 ‚templum
1194 2023 1286 2106 fuit2,

150 2127 180 2191 id
205 2129 291 2192 casui
315 2129 519 2192 tribuendum
545 2149 613 2192 esse
635 2149 728 2211 nego.
776 2128 827 2190 Ad
857 2129 991 2192 eandem
1015 2129 1176 2212 Phrygiae
1204 2127 1286 2191 deae

151 2231 272 2293 cultum
302 2230 517 2316 Corybantum
553 2231 638 2316 apud
672 2231 869 2314 Erythraeos
903 2230 1080 2294 sacerdotia
1114 2230 1284 2313 spectantss.

153 2332 326 2396 Multorum
366 2335 502 2418 denique
539 2356 629 2398 sacra
667 2334 800 2398 deorum
838 2334 877 2395 ab
916 2333 1025 2396 alionis
1062 2333 1210 2416 gentibus
1249 2353 1286 2395 ac

152 2437 289 2500 maxime
321 2438 450 2521 quidem
475 2460 494 2501 a
516 2438 731 2502 Phoenicibus
755 2445 917 2500 mutuatos
947 2458 1015 2500 esse
1041 2435 1181 2499 Graecos
1215 2437 1286 2519 quis

153 2545 202 2602 ast
229 2541 304 2623 quin
339 2541 455 2604 sciar?
509 2540 623 2624 Neque
652 2540 799 2624 Erythris
829 2542 895 2603 eius
927 2540 970 2602 rei
1001 2539 1136 2621 vestigia
1162 2538 1286 2603 desunt.

153 2641 234 2704 Nam
259 2643 407 2707 Herculis
430 2645 558 2727 quidem
582 2644 702 2707 cultum
732 2643 927 2727 Erythraeos
958 2663 976 2705 a
1000 2642 1215 2705 Phoenicibus
1240 2662 1288 2704 re·

154 2747 276 2828 cepisse
312 2747 471 2811 constat.⁵
529 2747 676 2831 Denique
720 2747 872 2829 imprimis
910 2747 972 2808 huc
1009 2746 1169 2829 pertinere
1210 2752 1288 2828 puto

154 2847 398 2912 Samothracum
429 2849 571 2930 deorum,
601 2850 655 2933 qui
678 2849 784 2913 Cubiri
807 2857 971 2926 vocantur,
1002 2855 1033 2911 et
1055 2847 1179 2912 Dianae
1211 2848 1288 2911 Per-

153 2972 254 3033 gacae
279 2951 393 3032 cultus,
418 2974 554 3036 qnorum
577 2953 711 3017 alterum
728 2952 928 3016 Phoenicum
951 2951 1142 3035 peculiarem
1165 2951 1289 3028 fuisset,

153 3055 287 3118 alterum
311 3055 416 3138 Perge
439 3078 479 3118 ox
496 3056 703 3141 Pamphyliae
727 3056 805 3118 urhe
822 3054 1081 3118 Halicarnassum
1098 3056 1287 3118 translatum

154 3177 224 3222 esse
247 3159 371 3221 scimus.
418 3158 477 3221 Cui
500 3159 623 3222 Dianae
646 3160 810 3242 Pcrgaeae
835 3180 906 3222 cum
924 3158 1128 3221 Pessinuntia
1151 3158 1204 3220 illa
1228 3156 1289 3220 dea

154 3267 218 3323 tam
242 3262 343 3324 multa
359 3264 539 3326 communia
553 3263 693 3343 fuerunt,
717 3270 751 3325 ut
767 3263 932 3344 utriusque
949 3262 1051 3324 cultus
1068 3281 1129 3322 non
1146 3259 1287 3322 dubitem

154 3365 229 3446 quin
253 3384 294 3426 ex
318 3367 410 3427 unius
433 3365 640 3449 eiusdemque
662 3365 766 3449 gentis
790 3364 997 3446 religionibus
1020 3361 1214 3446 repetendus
1238 3364 1288 3424 sit.

256 3625 264 3659 ¹
297 3623 424 3675 Codicum
457 3623 574 3674 lectione
605 3620 655 3672 ‘ea'
686 3626 750 3688 apto
781 3620 950 3686 significatur
988 3620 1169 3672 sacerdotium
1204 3621 1289 3685 ipsum

153 3709 276 3760 omnibns
295 3718 322 3759 at
341 3709 445 3759 iuribus
464 3714 492 3759 et
512 3708 611 3760 officiis
630 3707 851 3774 comprehensim
870 3706 947 3757 ‘eam‘
966 3708 1088 3758 scribunt
1106 3706 1244 3757 Manutius
1263 3715 1290 3756 et

152 3794 302 3845 Lambinus

257 3897 321 3948 ²ol.
339 3896 451 3958 MMlnr,
470 3899 500 3949 G.
521 3899 552 3949 G.
574 3898 638 3949 min.
657 3896 685 3946 II
704 3913 730 3963 p.
748 3896 789 3950 57.

256 3999 266 4034 ³
285 4001 320 4052 cf.
340 4001 380 4051 tit.
401 3999 441 4051 IV
460 4017 485 4051 v.
504 4000 545 4052 95.
564 4000 606 4053 97.
627 3997 683 4053 1οὂ.

255 4103 320 4153 rer.
340 4102 479 4164 Daneben
505 4102 603 4154 Gesch.
630 4101 655 4153 d.
683 4102 798 4153 Alterth.
825 4101 848 4152 V
877 4117 901 4166 p.
928 4099 961 4152 4⁶2
986 4117 1045 4168 sqq.
1069 4099 1126 4151 201.
1151 4099 1210 4153 349.
1231 4116 1290 4168 sqq.

257 4204 320 4257 ⁵ci.
341 4205 506 4271 Lamprecht
526 4204 677 4271 „derebus
697 4204 912 4270 Erythraeorum
933 4201 1067 4269 publicis‘*
1089 4220 1113 4269 p.
1134 4202 1176 4254 56.

256 4311 321 4363 tet.
344 4310 479 4374 banchor,
499 4311 515 4361 l.
536 4326 558 4362 c.
579 4311 592 4361 l
611 4326 634 4376 p.
654 4306 712 4361 218.
