2956 4822
214 292 276 356 124
732 293 821 378 [220]

311 482 346 551 41
371 483 410 545 ad
445 484 633 548 sacrificinm
660 485 856 550 Soteriorurn
889 486 1178 570 comparandum-5
1209 492 1349 551 stateras

207 585 267 665 (M.
293 587 355 667 11).
415 588 475 653 loc
498 590 684 654 sacrificium
716 612 781 656 non
810 590 849 653 ad
875 591 1001 654 Soteris
1024 590 1181 674 Delphica
1210 591 1346 654 missum

207 711 278 753 esse
300 701 445 775 apparet.
491 694 561 757 Ioui
580 692 683 758 Soteri
702 695 878 760 Pcreenses
902 695 980 757 haec
997 695 1121 758 Soteris
1146 695 1249 777 egisse
1273 695 1344 758 ueri

207 793 308 857 simile
326 804 383 872 est,
400 797 451 860 eni
467 797 668 884 Acraephiae
686 799 734 879 (ut
747 799 911 862 Boeekhio
928 799 1065 878 uisnmll
1082 808 1113 860 et
1128 796 1344 881 Megalopoli‘2

207 906 240 960 ct
253 898 408 983 Sicyone3
425 901 551 966 Soteria
567 904 753 988 agebantur.
783 904 900 988 Sieyno
916 903 955 965 ad
974 903 1154 967 memoriam
1173 901 1274 981 Arati,
1290 902 1345 986 qui
1398 938 1403 946 ·

207 1011 384 1086 styranno
409 1007 519 1071 urbem
543 1007 743 1089 liberauerat,
768 1030 806 1072 ea
823 1009 950 1072 fiebant.
969 1043 999 1050 -—
1024 1007 1156 1071 Dcabus
1173 1006 1344 1070 Eleusiniis

208 1107 358 1172 Eleusine
374 1109 414 1173 ad
431 1112 565 1175 salutem
582 1123 712 1176 senatus
731 1113 904 1198 populique
924 1112 1192 1177 Atheniensium⁴
1215 1111 1343 1174 Soteria

208 1213 401 1293 agebantur3
427 1215 504 1278 item
521 1215 626 1300 Cyzici
643 1216 864 1301 Proserpinae,
888 1223 923 1279 ut
941 1214 1066 1279 uidetur
1076 1215 1097 1278 ⁵.
1132 1214 1241 1278 Tertio
1259 1236 1288 1279 a.
1307 1214 1343 1279 O.

208 1317 337 1380 saeculo
353 1316 496 1402 Apollini
508 1319 590 1399 Deli,
608 1319 744 1383 Athenis
758 1318 829 1383 Ioui
842 1320 943 1384 Soteri
956 1319 1109 1383 sacrificia
1121 1319 1245 1382 Soteris
1258 1318 1342 1382 Delii

208 1420 451 1485 celebrauernnt
474 1422 513 1485 ad
538 1423 691 1487 honorem
714 1423 866 1487 Philoclis
889 1424 975 1506 regis
992 1422 1226 1486 Sidoniormnss.
1272 1423 1344 1486 Ioui

208 1525 372 1589 Seruatori
407 1535 438 1588 ct
470 1526 611 1610 Apollini
646 1527 761 1610 Pythie
795 1525 905 1610 quinto
941 1547 1068 1611 quoquc
1102 1546 1184 1588 anno
1220 1524 1345 1589 Soteris

209 1626 368 1710 Delphica
409 1628 557 1694 fiebantl.
613 1630 660 1693 Ut
693 1629 764 1710 illa,
798 1630 842 1692 ita
876 1629 955 1692 haec
992 1638 1126 1713 propter
1163 1629 1344 1712 perieulum

209 1732 374 1796 Gallorum
397 1734 533 1800 feliciter
556 1733 723 1797 defensum
747 1733 891 1797 instituta
915 1755 994 1814 esse,
1018 1733 1233 1817 Rangabaeus
1257 1731 1344 1796 haud

119 1897 120 1902 ,
209 1837 292 1899 male
316 1839 460 1903 coniecit.

313 1940 489 2005 Percenses
521 1949 649 2026 praeter
678 1963 769 2006 saera
800 1942 980 2006 communia
1008 1942 1172 2025 utriusque
1204 1942 1344 2006 ciuitatis

209 2065 267 2106 sna
290 2066 418 2129 quoque
440 2047 606 2110 sollemnia
630 2048 733 2130 egisse
756 2045 911 2127 uidemus,
942 2046 982 2109 ad
1015 2067 1096 2129 qnae
1120 2046 1344 2110 Melitaeenses

209 2150 374 2230 pecuniam
398 2151 571 2214 contulisse
595 2151 746 2214 memoria
769 2151 900 2233 dignum
924 2158 980 2214 cst.

313 2253 436 2317 Miceris
472 2261 579 2318 autem
610 2254 650 2318 ad
687 2253 747 2318 hoc
781 2253 968 2317 sacrificium
997 2274 1061 2317 non
1093 2253 1164 2336 plus
1198 2274 1292 2337 quam
1325 2256 1345 2317 5

210 2364 344 2421 stateras
368 2358 505 2435 decerni,
537 2358 650 2442 quibus
681 2379 719 2421 ne
751 2378 849 2421 unum
873 2356 1000 2441 quidem
1025 2357 1159 2437 bouem,
1189 2357 1245 2420 sed
1277 2358 1346 2421 oui·

211 2460 315 2523 culam
339 2462 407 2525 fere
431 2483 616 2548 comparare
639 2469 789 2546 poterant
809 2463 995 2542 Percenses,
1018 2461 1044 2525 si
1066 2481 1141 2524 uera
1163 2470 1238 2525 sunt
1262 2484 1347 2546 quac

210 2566 249 2630 de
265 2590 414 2652 pecorum
432 2569 541 2652 pretiis
558 2567 743 2633 Boeckhius
761 2567 910 2651 exposuit
934 2566 1024 2647 (Oea.
1037 2586 1067 2650 p.
1080 2565 1155 2629 Ath.
1170 2566 1199 2629 1¹
1216 2568 1258 2631 80
1271 2568 1345 2651 sep).

212 2671 284 2743 Qua
307 2694 341 2736 re
366 2671 495 2735 subsidii
520 2671 591 2735 loco
612 2672 695 2735 hanc
711 2680 797 2735 certe
812 2670 980 2755 pecuniam
998 2669 1209 2732 Pereensibus
1225 2668 1346 2750 datam,

212 2771 346 2836 hostiam
371 2780 477 2838 autem
501 2777 600 2858 ipsam
631 2773 759 2839 aliunde
785 2781 1001 2857 comparatam
1026 2793 1096 2837 esse
1118 2774 1271 2857 suspicer.
1304 2809 1344 2820 -

212 2876 326 2963 Itaque
349 2878 389 2942 de
412 2880 525 2944 ceteris
548 2880 726 2964 sumptibus
749 2879 892 2943 similiter
916 2877 1134 2942 iudicabimus.

315 2983 445 3047 Summa
466 2986 563 3068 igitur
579 3004 687 3047 eorum
706 3005 786 3068 qnae
803 2983 1015 3047 Percensibus
1031 2982 1200 3066 quotannis
1217 2982 1347 3047 soluere

213 3086 363 3150 iubentur
387 3088 622 3169 Melitaecnses,
646 3096 694 3152 est
717 3094 870 3152 staterum
897 3090 956 3152 175
980 3086 1063 3171 (fere
1087 3087 1233 3167 38511).
1277 3085 1346 3150 Nec

213 3200 318 3254 tamen
343 3192 422 3254 haec
451 3214 573 3256 sumnia
597 3194 738 3257 omnium
770 3200 818 3256 est
848 3212 931 3277 quae
959 3212 1000 3255 ex
1030 3191 1152 3254 aerario
1184 3193 1347 3256 communi

212 3295 422 3378 accipiebant.
469 3296 642 3359 Praeterea
666 3296 749 3359 enirn
773 3295 983 3370 constituitur,
1009 3301 1045 3358 ut
1069 3306 1192 3357 ceteros
1216 3315 1346 3378 quoqne

212 3407 357 3482 sumptus
380 3400 524 3483 publicos
548 3400 753 3463 Percensium
775 3400 1000 3464 hlelitaeenses
1024 3405 1144 3475 curent,
1169 3399 1188 3462 i.
1205 3420 1233 3462 e.
1260 3408 1295 3461 ut
1319 3399 1346 3462 si

211 3502 251 3564 ad
268 3503 346 3568 alias
363 3504 645 3568 administrationis
661 3514 768 3589 partes
784 3503 932 3568 subsidiis
949 3510 1076 3586 egeant,
1093 3503 1171 3567 haec
1186 3504 1241 3582 eis,
1263 3504 1347 3566 sicut

315 3754 323 3784 ¹
345 3749 405 3799 otu
427 3746 492 3800 1537
513 3767 545 3790 =
564 3747 601 3797 Le
622 3747 684 3813 Bas,
705 3746 799 3799 Briotie
818 3746 876 3800 585.

313 3833 404 3886 2(3111
425 3832 491 3886 1533
509 3854 540 3874 =
562 3833 599 3883 he
620 3835 679 3894 Bas,
699 3831 892 3898 Peloponneso
911 3833 961 3887 331
983 3854 1013 3875 ε
1036 3833 1155 3884 Dittenb.
1176 3833 1242 3899 Syll.
1261 3830 1322 3884 210.

314 3920 324 3954 ⁸
345 3922 414 3972 Plnt.
435 3921 511 3970 Arat.
530 3918 571 3972 53.

313 4007 402 4058 ⁴cln
422 4006 518 4060 11315
538 4026 569 4050 =
588 4007 710 4058 Dittenb.
731 4008 798 4072 Syll.
818 4007 877 4060 386.

313 4095 411 4146 ⁵Bull.
431 4093 464 4144 de
486 4094 561 4145 Corr.
584 4095 647 4144 hell.
669 4093 706 4145 lV
726 4094 775 4146 471
796 4112 855 4162 sqq.

312 4185 322 4212 s
342 4179 442 4232 ibidem
461 4197 486 4245 p.
506 4179 556 4232 327
577 4202 607 4221 =
627 4180 751 4232 Dittenh.
771 4181 837 4247 Syll.
856 4180 911 4233 155.

318 4267 326 4298 ⁷
347 4265 386 4317 Cf.
407 4265 529 4319 Ditlcub.
543 4266 610 4333 Syll.
636 4265 692 4319 1111.
718 4265 775 4320 loo.
812 4268 852 4320 De
871 4266 985 4320 Soteriis
1006 4266 1185 4334 Bithynorum
1207 4282 1230 4316 r.
1250 4264 1348 4331 Polyb.

212 4353 251 4411 IV
272 4352 314 4415 19,
331 4352 356 4405 3.
