2954 4816
700 329 769 414 183]

691 523 708 605 e
732 525 781 588 ro.

274 687 457 772 Sequuntur
480 707 518 751 ea
542 687 649 770 verba,
675 708 756 772 quae

261 822 292 898 1)
325 817 356 880 in
378 817 537 903 prioribus
560 818 646 881 libris
669 838 741 880 curn
764 816 833 879 aliis
856 814 1142 900 praepositionibus
1174 814 1302 879 coniun-

323 928 443 1005 guntur
466 928 562 1006 atque
585 922 617 984 in
640 920 889 1006 posterioribus3

256 1028 290 1106 2)
324 1027 354 1089 in
386 1027 550 1090 enuntiato
582 1026 729 1110 primario
761 1024 807 1088 ita
839 1031 1011 1110 ponuntur,
1044 1030 1081 1089 nt
1103 1023 1302 1087 enuntiatum

240 1168 241 1172 =
324 1130 555 1211 secundarium,
587 1128 672 1214 quod
705 1151 745 1193 ex
769 1129 806 1192 iis
828 1128 957 1212 pendet,
989 1129 1019 1191 in
1042 1127 1141 1191 altera
1173 1126 1302 1190 Institu-

324 1233 445 1297 tionum
476 1240 567 1318 parte
598 1254 655 1318 por
685 1239 720 1296 ut
752 1254 820 1297 cum
845 1232 1044 1297 subiunctivo
1078 1231 1245 1311 efficiatur,
1269 1231 1302 1293 in

323 1337 424 1401 altera
446 1359 503 1421 per
528 1339 742 1420 accrmntioum
766 1357 835 1401 curn
857 1338 1020 1421 infinitivo.

270 1455 330 1520 Ad
359 1463 382 1520 1.
427 1480 456 1522 o.
480 1456 624 1522 Verbum
641 1459 794 1522 obstinere
813 1478 883 1521 enm
899 1458 984 1520 nudo
1008 1456 1148 1520 ablativo
1172 1456 1303 1519 coniun-

170 1561 271 1643 gitur:
303 1559 316 1624 I
343 1563 397 1643 10,
428 1563 447 1624 6
478 1561 679 1646 quorundum
709 1563 831 1645 nuptiis
860 1560 1067 1634 obstinere
1098 1580 1217 1636 neceese
1248 1566 1302 1640 en,

171 1662 226 1729 cfr.
252 1667 301 1745 10,
326 1663 418 1747 91111
443 1669 470 1746 1,
497 1668 509 1728 1
537 1665 610 1728 dum
635 1673 736 1729 tomen
767 1666 849 1728 vittis
878 1670 906 1727 et
937 1666 1143 1728 monumentis
1164 1670 1192 1728 et
1217 1663 1301 1727 uedi·

165 1769 249 1850 ficiis
281 1766 548 1847 abstineutttl
576 1771 623 1850 10,
657 1771 670 1831 1
705 1769 906 1854 quarundam
938 1769 1058 1851 nuptiis
1091 1767 1302 1842 abstinen-

170 1873 260 1935 dum
283 1879 337 1955 est,
359 1873 412 1937 ubi
437 1872 499 1937 Gai
521 1871 622 1936 insti
646 1874 686 1940 58
709 1873 882 1957 praebent:
913 1895 933 1936 u
956 1873 1158 1956 quorundam
1182 1872 1302 1954 nuptiis

171 1974 360 2052 abstinere
382 1975 533 2043 debentne.
579 1975 700 2041 Contra
716 1973 764 2040 IV
787 1978 848 2058 2,1
876 1976 1004 2061 quidem
1029 1976 1112 2040 idern
1136 1976 1189 2039 ille
1212 1975 1300 2039 abla-

168 2080 250 2142 tivus
282 2078 385 2143 nudus
416 2079 531 2163 legitur
561 2085 595 2142 nt
625 2100 662 2143 ec
692 2079 752 2142 boc
784 2099 882 2144 causa
905 2082 989 2143 orrcni
1011 2084 1130 2163 rupina
1161 2079 1299 2143 homines

171 2182 399 2262 abstineant3
424 2190 456 2245 at
473 2180 516 2247 III
537 2187 584 2262 11,
601 2185 619 2247 5
637 2182 786 2246 abstinuit
801 2204 834 2253 ee
856 2183 898 2245 ab
914 2183 1090 2259 hereditate,
1106 2203 1296 2268 quamquam

170 2286 208 2349 ab
231 2286 466 2369 praepositione
488 2293 598 2350 carent
620 2286 693 2371 Dig.
706 2284 845 2351 XXXX
869 2290 898 2368 5,
922 2290 952 2370 4,
979 2289 1005 2364 1,
1029 2288 1113 2351 unde
1136 2292 1223 2350 totus
1246 2286 1299 2348 ille

168 2390 257 2454 locus
282 2390 345 2455 fere
368 2390 408 2453 ad
433 2390 566 2454 verbum
589 2389 794 2474 depromptus
818 2398 874 2456 est.

272 2494 302 2559 b.
326 2493 394 2558 Noe
418 2516 509 2559 secus
533 2492 561 2558 II
587 2497 620 2576 9,
646 2498 659 2558 1
686 2494 820 2578 legimus
843 2494 926 2580 quod
948 2512 990 2559 en
1008 2496 1117 2578 patris
1139 2495 1301 2559 occasione

166 2595 345 2680 profectum
373 2604 433 2678 est,
463 2598 507 2661 cd
528 2619 598 2661 eum
625 2601 791 2662 revertitur
819 2597 979 2682 (Theoph.
1001 2596 1075 2678 ὅπερ
1106 2600 1143 2661 ἐκ
1166 2604 1221 2680 τῆς
1243 2603 1300 2660 τοῦ

170 2699 282 2783 πατρὸς
313 2699 490 2785 προφάσεως
511 2694 640 2783 ἦλθεν),
671 2700 721 2764 IV
747 2704 837 2776 16,3
870 2710 976 2764 autem
1001 2703 1160 2764 actionum
1181 2701 1300 2783 princi·

165 2806 254 2887 pium
287 2804 330 2867 nb
360 2825 397 2868 eo
418 2811 510 2886 parte
532 2805 624 2868 edicti
641 2805 928 2888 proficiscitur,
960 2825 1022 2889 qun
1141 2802 1298 2888 (Theoph.

169 2908 207 2969 ἐκ
229 2956 284 2972 ...
309 2905 454 2987 λαμβάνει
477 2906 535 2989 τήν
557 2907 731 2994 πρόφασιν).

269 3032 295 3075 e.
319 3009 463 3075 Verbum
473 3011 635 3076 extendere
644 3012 675 3075 iu
686 3013 791 3093 priore
803 3011 1043 3076 Institutionum
1056 3019 1145 3098 parte
1159 3014 1300 3096 iungitur

167 3115 393 3198 praepositioni
422 3117 456 3179 tn
487 3114 579 3180 modo
604 3136 674 3178 oum
699 3115 886 3179 ablativo
918 3117 1012 3180 modo
1036 3139 1108 3181 curn
1131 3138 1299 3181 aecusa-

167 3218 269 3299 tivo,
300 3219 330 3282 in
354 3219 531 3302 posteriore
554 3227 645 3302 parte
667 3220 893 3303 praepositioni
917 3222 951 3282 in
975 3240 1045 3284 eum
1069 3220 1158 3284 solo
1183 3219 1301 3282 abla-

167 3323 264 3386 tivo.
312 3321 402 3387 Haeo
433 3322 532 3388 affero
556 3323 718 3408 exempla:
750 3322 838 3405 122,
862 3344 907 3408 pr.
932 3324 1130 3388 extendere
1159 3324 1192 3386 in
1216 3344 1299 3387 ruos-

168 3427 355 3505 6111031124,
380 3427 398 3488 2
421 3426 638 3490 contenditur
659 3428 693 3490 in
714 3426 876 3509 beredestt
894 3425 922 3492 11
948 3430 996 3498 19,
1027 3430 1045 3491 6
1074 3427 1239 3490 extendit
1266 3428 1300 3489 in

167 3528 349 3607 militibue3
373 3538 482 3594 eontra
505 3529 549 3596 III
573 3533 625 3613 27,
650 3534 666 3594 1
690 3530 845 3596 extendi
875 3534 909 3595 in
931 3531 1092 3596 omnibus
1123 3531 1248 3615 tepetis
1271 3537 1299 3593 et

162 3633 426 3711 fideicommissis.

266 3736 323 3800 Ad
346 3741 374 3801 2.
409 3761 437 3804 a.
462 3737 603 3802 Verbum
628 3760 734 3803 cavere
756 3742 897 3825 sequitur
919 3747 968 3804 ut:
993 3738 1005 3804 1
1029 3742 1155 3821 25,13;
1181 3740 1233 3818 26,
1258 3740 1298 3819 9,

167 3837 196 3903 11
220 3844 336 3925 6,pr.;
360 3839 456 3923 1113,
481 3845 516 3924 2;
541 3844 568 3906 1,
594 3846 631 3913 4;
656 3840 702 3906 IV
729 3846 778 3921 11,
802 3848 831 3907 4.
877 3842 995 3908 Contra
1019 3863 1088 3906 eum
1113 3841 1296 3906 accusativo

167 3963 238 4006 oum
261 3944 414 4010 infinitivo
437 3946 469 4009 iu
492 3947 596 4029 priora
613 3945 851 4011 Institutionum
869 3954 970 4032 parte,
986 3969 1049 4011 non
1066 3948 1097 4010 iu
1122 3946 1297 4032 posteriore

167 4047 382 4131 coniungitur:
412 4047 441 4113 II
472 4052 501 4129 6,
535 4053 572 4113 14
604 4057 730 4114 cavetur
758 4072 828 4114 enrn
852 4102 858 4116 .
878 4101 910 4117 ..
936 4072 1029 4135 posse
1057 4049 1230 4135 repelleret
1248 4052 1299 4130 20,

167 4150 207 4215 25
230 4151 335 4234 tepoto
357 4154 455 4236 repeti
476 4172 539 4216 non
557 4173 648 4236 posse
671 4202 728 4219 ...
752 4162 880 4218 centurn
902 4161 954 4218 eet.

267 4253 403 4319 Coretnr
425 4257 476 4319 rel
500 4263 626 4319 cnutum
650 4264 703 4339 est,
725 4279 767 4321 ne
788 4258 820 4320 in
842 4258 910 4321 sola
935 4259 1041 4341 priore
1057 4257 1297 4321 Institutionum

165 4365 256 4444 parte
286 4360 320 4423 in
343 4382 402 4424 usu
427 4368 489 4424 est:
523 4358 550 4425 11
578 4364 626 4442 17,
652 4364 669 4424 7
702 4361 767 4424 dici
789 4361 969 4426 Pertinacis
1000 4365 1142 4426 oratione
1174 4368 1299 4425 cnutum

1159 4465 1192 4518 3⁸
