2956 4822
218 292 260 356 aa
743 287 832 374 [174]

321 485 436 569 Itaque
451 481 614 566 Seleucus,
638 482 747 567 paullo
768 489 864 547 antea
878 481 1023 548 omnibus
1041 483 1154 568 opibus
1172 485 1355 570 destitutus,

218 592 281 655 iam
304 611 354 653 res
378 609 451 653 suas
475 589 507 652 in
531 587 693 651 meliorem
717 585 935 650 condicionem
959 587 1052 651 sociis
1074 588 1134 652 illis
1150 592 1269 675 paratis
1286 592 1356 658 red·

218 695 304 778 egit3
336 692 412 776 quin
445 690 542 754 etiam
574 690 758 754 ciuitatibus
790 688 924 753 Graecis
952 711 1035 775 quae
1059 692 1089 756 in
1113 691 1176 756 fide
1208 715 1356 778 perman·

219 803 338 877 serant,
362 793 530 858 consulere
554 793 670 877 potuit.
715 793 899 878 Smyrnaeis
924 795 1007 857 enim
1030 801 1096 858 turn
1124 800 1276 883 temporis
1306 800 1356 865 ius

218 901 299 986 asyli
321 920 340 962 a
361 897 500 981 regibus,
525 896 678 982 dynastis,
695 897 889 974 ciuitatibus,
904 898 1087 963 nationibus
1103 901 1353 969 confirmandum

218 1004 353 1071 curauit.
399 1001 474 1086 Ipse
503 1001 535 1064 in
560 1000 669 1064 Asiam
693 1003 847 1064 minorem
869 1004 1013 1082 reuertit,
1041 1004 1126 1068 unde
1149 1027 1224 1071 mox
1248 1010 1355 1075 denno

218 1109 362 1176 exercitu
385 1113 497 1191 parato
520 1106 551 1170 in
577 1105 700 1190 Syriam
723 1104 898 1170 descendit.

320 1211 500 1276 Antiochus
515 1213 647 1287 interea,
670 1232 740 1283 oum
756 1210 908 1274 Seleucus
932 1211 1066 1296 primum
1089 1213 1122 1278 in
1139 1213 1266 1300 Syriam
1281 1238 1354 1302 pro·

216 1318 317 1383 fectus
347 1322 432 1380 esset
455 1315 563 1396 (244),
595 1314 684 1379 initio
715 1314 843 1397 quidem
870 1316 968 1378 totius
999 1315 1066 1381 fere
1096 1317 1194 1384 Asiae
1227 1320 1354 1387 minoris

218 1422 366 1486 dominus
388 1419 570 1498 uidebatur,
601 1418 718 1483 deinde
741 1417 918 1482 Mithridati
942 1419 1078 1485 infestus
1102 1421 1287 1508 Phrygiam,
1319 1435 1355 1491 ut

218 1526 294 1607 dixi,
316 1523 489 1610 praedatus
513 1529 592 1586 erat.
637 1521 824 1586 Exercitum
847 1531 959 1586 contra
982 1522 1111 1588 fratrem
1136 1548 1210 1591 eum
1232 1529 1355 1595 misisse

217 1629 376 1695 Eusebius
400 1632 546 1705 testatur,
577 1626 630 1710 qui
659 1627 818 1690 exercitus
842 1647 1007 1712 quousque
1030 1649 1220 1713 progressus
1243 1635 1294 1711 sit,
1322 1643 1355 1700 et

218 1732 379 1819 quomodo
403 1752 469 1796 rem
485 1730 632 1816 gesserit,
655 1731 821 1794 nescimus.
869 1729 951 1794 Galli
975 1742 1082 1797 autern
1106 1734 1254 1801 Hieracis
1274 1758 1355 1803 mer·

218 1837 357 1903 cennarii
380 1857 454 1900 mox
479 1838 511 1900 in
535 1835 639 1920 ipsum
662 1834 814 1898 uictorem
839 1857 927 1899 arma
950 1845 1117 1903 uerterunt
1140 1836 1288 1924 liberius,
1318 1853 1355 1908 ut

216 1944 319 2027 inquit
339 1943 493 2021 Iustinus,
511 1938 737 2025 depopulaturi
753 1939 875 2019 Asiam,
898 1942 925 2004 si
942 1962 1069 2006 omnem
1084 1943 1217 2027 stirpem
1233 1947 1354 2032 regiam

217 2041 463 2112 exstinxissent.
508 2043 690 2108 Antiochus
714 2065 733 2105 a
755 2043 818 2106 suis
839 2044 1029 2108 satellitibus
1047 2045 1191 2112 barbaris
1208 2051 1353 2135 traditus,

216 2152 273 2215 uix
294 2172 368 2214 cum
390 2149 499 2234 paucis
523 2147 722 2230 Magnesiam
753 2146 809 2228 (ad
832 2146 1059 2231 Maeandrum)
1090 2151 1241 2236 profugit,
1271 2177 1356 2240 quae

217 2262 285 2318 tum
314 2254 346 2317 in
376 2252 610 2338 Aegyptiorum
641 2256 806 2334 potestate
837 2259 921 2332 erat;
953 2251 1027 2315 inde
1057 2254 1177 2318 auxilio
1208 2269 1353 2345 accepto,

217 2358 383 2424 Gallorum
406 2377 535 2420 manum
558 2354 717 2439 quandam
742 2355 870 2436 deuicit,
893 2377 963 2419 oum
988 2360 1104 2422 ceteris
1127 2367 1256 2441 pactum
1276 2364 1354 2448 iniit,

217 2483 255 2526 ea
278 2463 414 2527 fortasse
439 2460 626 2526 condicione
643 2466 678 2524 ut
694 2466 794 2525 terras
812 2460 856 2524 eis
873 2461 1078 2543 adsignaret¹
1103 2468 1182 2541 (244
1200 2469 1249 2530 vel
1266 2471 1354 2549 243).

216 2566 343 2632 Deinde
373 2565 522 2652 quidnam
551 2564 686 2648 gesserit
716 2563 904 2645 Antiochus,
933 2566 1029 2630 ualde
1058 2567 1090 2631 in
1123 2570 1259 2635 obscuro
1291 2582 1351 2642 est.

214 2672 366 2736 Fortasse
384 2691 456 2734 cum
480 2668 666 2734 Mithridate
690 2669 808 2732 bellum
825 2670 968 2753 gerebat.
1013 2670 1095 2735 Nam
1118 2673 1149 2736 in
1171 2676 1354 2743 occidenta-

214 2774 298 2840 libus
321 2774 421 2838 Asiae
453 2773 583 2838 minoris
614 2773 758 2857 partibus
789 2772 998 2857 subsequenti
1027 2783 1173 2862 tempore
1204 2786 1354 2843 uersatus

213 2901 278 2944 non
302 2900 371 2943 esse
395 2876 532 2959 uidetur,
556 2898 628 2941 cum
651 2878 695 2942 ibi
719 2877 855 2942 Seleuco
879 2878 941 2940 iam
967 2879 1113 2943 ciuitates
1137 2881 1246 2946 fauere
1278 2904 1354 2948 coe·

213 2983 329 3068 perint.
376 2982 471 3046 Certe
494 3003 576 3046 anno
600 2985 662 3046 242
687 2981 840 3045 Seleucus
864 3004 904 3046 ex·
927 2982 1007 3046 Asia
1031 2983 1151 3050 minore
1175 2986 1206 3049 in
1225 2986 1351 3071 Syriam

214 3086 453 3172 expeditionem
465 3085 552 3166 fecit,
569 3093 665 3170 atque
678 3086 788 3170 paullo
802 3094 885 3169 post,
902 3086 1024 3149 scilicet
1036 3107 1144 3153 mense
1156 3087 1353 3155 Lenaeone²

213 3193 232 3256 i.
257 3190 457 3256 clarueris
488 3190 556 3255 fere
585 3191 696 3254 hiemis
721 3191 816 3263 muli
850 3189 1017 3276 Smyrnaei
1046 3212 1117 3256 cum
1147 3192 1353 3277 Magnetibus

212 3293 426 3381 sympolitiam
445 3294 601 3369 fecerunt,
625 3313 663 3356 eo
681 3293 811 3357 oonsilio
828 3301 863 3357 ut
880 3293 990 3358 uicinis
1008 3294 1038 3356 in
1055 3296 1139 3379 regis
1156 3304 1352 3379 potestatem

212 3397 423 3464 reconciliatis
446 3398 565 3480 gratias
590 3397 630 3460 ab
654 3397 708 3460 illo
732 3404 939 3477 mererentur,
962 3398 1119 3483 simulque
1143 3399 1185 3463 ab
1202 3399 1349 3465 hostibus

212 3524 247 3567 se
269 3502 442 3566 liberarent
451 3503 473 3567 ²⁵.
520 3500 568 3565 Eo
592 3508 739 3586 tempore
754 3501 924 3584 Magnetes
948 3501 1041 3565 sociis
1066 3502 1238 3567 destitutos
1254 3503 1354 3570 fuisse

211 3607 279 3671 ueri
302 3606 401 3671 simile
422 3614 478 3670 est.

313 3710 470 3775 Seleucus
501 3710 608 3776 Tauro
639 3711 773 3777 traiecto
797 3718 884 3774 trans
915 3708 1114 3795 Euphratem
1149 3732 1353 3797 progressus,

210 3814 249 3878 ad
274 3816 495 3880 auctoritatem
520 3837 610 3880 suam
641 3817 673 3879 in
704 3816 752 3880 his
785 3814 971 3899 regionibus
1003 3817 1190 3880 firmandam
1222 3819 1254 3881 in
1283 3820 1353 3904 ipsa

209 3947 414 3957 -——-——-·--

312 4008 496 4060 ¹Koehlorns
515 4008 567 4059 hoo
590 4007 707 4059 coniecit
731 4024 757 4073 p.
776 4006 800 4058 9.
837 4007 872 4058 ol.
894 4006 1006 4058 Euschii
1032 4007 1050 4058 l.
1070 4023 1092 4059 c.
1113 4024 1172 4059 curn
1198 4007 1299 4062 Iustini
1329 3970 1354 4064 c.

302 4110 342 4146 s.

207 4091 232 4158 2,
252 4096 282 4148 ll
311 4110 461 4233 :AMensem
490 4180 664 4232 Lenaeonem
692 4180 783 4232 Attico
811 4177 967 4231 Gamelioni
994 4183 1162 4247 respondere
1192 4182 1351 4236 Boackhius

208 4262 317 4319 docuit:
336 4265 394 4318 Sor.
414 4265 480 4318 min.
499 4265 522 4316 V
540 4264 574 4319 dh
594 4280 654 4333 sqq.

309 4350 378 4406 ⁸01.
397 4351 530 4419 imprimis
550 4351 622 4404 tituli
642 4366 668 4403 v.
687 4349 721 4405 92
740 4367 780 4420 aq.
