2954 4822
660 315 702 327 -
748 275 837 368 μοι]
883 317 925 329 -

313 463 351 536 τὸ
375 463 541 536 σκοτεινὸν
562 469 628 535 τῶν
648 468 766 551 λέξεων
787 449 844 536 καί
867 465 991 555 βίβλων
1012 465 1072 559 τὴν
1093 465 1245 556 ἑσπέραν,

311 564 355 637 ού
378 567 477 638 κατὰ
500 568 766 659 Κλεοπάτραν
788 571 832 638 δὲ
853 569 1097 657 βασίλισσαν
1118 568 1189 662 τὴν
1210 567 1335 641 πάλαι

311 676 364 762 τῷ
383 668 552 763 Ἐφεσίῳ
576 671 704 764 ίατρῷ
725 676 778 762 τῷ
801 676 971 763 Σωρανῷ
991 674 1190 765 χριομένην

309 777 475 867 μετέρχῃ
498 774 544 845 τὰ
567 775 810 847 καλλύνοντα
831 775 992 868 μορφὰς
1012 774 1083 859 τὰς
1104 780 1177 845 τῶν
1199 776 1364 866 προσῶ-

770 953 773 958 ,
844 907 940 963 πων,

316 978 405 1052 ούτε
426 986 594 1071 χερσοῦν
614 1011 652 1051 τι
676 982 853 1073 πέλαγος
873 980 1128 1074 βραχύτατον
1150 985 1330 1067 ἐθέλεις,

311 1085 447 1175 ὥσπερ
469 1085 599 1177 ἐκείνη
622 1085 816 1175 πρότερον
838 1087 876 1155 ἐν
898 1091 942 1178 τῇ
962 1083 1254 1179 Ἀλεξανδρείᾳ

310 1197 363 1282 τῷ
386 1188 598 1282 Δεξιφύνει
620 1195 675 1282 τῷ
697 1200 808 1283 σοφῷ
830 1196 1041 1283 μηχανικηῖ
1063 1192 1218 1282 Κνιδίῳ

309 1293 546 1384 χερσῶσασα
568 1293 639 1387 τὴν
661 1293 872 1364 θάλασσαν
893 1295 1006 1383 μέχρι
1028 1296 1334 1384 τετρασταδίου,

311 1400 404 1467 ἐπεὶ
428 1403 617 1470 τοιοῦτον
644 1395 828 1486 οὐδαμῶς
853 1397 1050 1487 βούλεται
1081 1408 1156 1468 σοῦ
1185 1397 1228 1469 τὸ
1256 1399 1364 1488 κρύ-

844 1529 916 1585 τος
938 1556 1075 1574 ......

314 1617 441 1683 Similia
464 1618 617 1704 leguntur
631 1619 665 1683 in
681 1618 824 1684 Tzetzae
843 1617 1046 1684 Ohiiiadibus
1070 1620 1103 1683 in
1127 1618 1240 1684 lib.VI
1254 1641 1284 1688 v.
1299 1624 1362 1686 279

226 1722 292 1807 (ed.
316 1722 517 1807 Kiessling),
548 1722 603 1787 ubi
627 1722 732 1788 Rufus
755 1722 921 1809 Ephesius
944 1722 1092 1789 medicus
1115 1744 1181 1789 una
1204 1746 1275 1790 oum
1302 1725 1363 1789 So-

226 1848 306 1891 rano
330 1827 498 1892 laudatur:

314 1931 368 2018 Τῇ
391 1926 639 2019 Κλεοπάτρᾳ
661 1931 707 2018 τῇ
729 1931 835 2019 σοφῇ
857 1931 904 2019 τῇ
927 1928 995 1996 καί
1019 1924 1251 2019 ὡραιοτάτη

224 2065 270 2104 τεο
316 2032 385 2100 καί
420 2038 513 2113 τοῖς
543 2034 715 2112 λοιποῖς
745 2031 788 2098 δὲ
823 2027 1003 2117 σύμπασι
1041 2034 1202 2101 πολλῶν
1235 2028 1365 2120 ύπερ-

847 2133 1022 2226 φερούσῃ

311 2234 411 2326 πρὸς
432 2237 675 2324 ἐπιμέλειαν
696 2239 844 2323 τριχῶν
865 2237 932 2304 καί
956 2240 1031 2304 τῶν
1054 2231 1205 2321 ὀνύχων
1226 2229 1330 2328 ἦσαν

313 2337 552 2427 Χαρμιουυῶ
574 2339 641 2406 καί
669 2335 825 2425 Τάειρα.
848 2336 892 2405 τί
914 2339 955 2407 δὲ
976 2342 1141 2430 δηλοῦσι
1165 2338 1279 2424 wide,-

313 2441 415 2532 Σύρον
436 2440 493 2512 τὸν
518 2444 657 2532 Τζὲτζην
679 2442 782 2529 βλέπε
803 2445 867 2525 νῦν,
887 2437 1093 2535 Ἰσμαηλίτην
1116 2441 1195 2531 ἅμα,

312 2548 369 2614 καί
391 2550 496 2615 ταῦτα
519 2542 741 2634 διαρδρούντύ
768 2570 821 2614 σοι
843 2552 918 2628 ταῖς
940 2545 1104 2636 γλιύσσαις
1126 2555 1201 2629 ταῖς
1223 2547 1363 2617 ἐκείνων.

227 2682 272 2721 iai
321 2648 406 2718 κατὰ
424 2646 585 2739 Ἑβραίων
607 2648 755 2739 γλῶσσάν
777 2675 813 2719 τε
835 2651 892 2718 καί
914 2648 1059 2741 τὴντῶν
1082 2648 1192 2736 Σύρων
1215 2649 1286 2738 ἅμα

314 2762 351 2821 Χ
353 2755 448 2843 αρμί
473 2757 567 2845 δηλοῖ
587 2751 647 2846 τὴν
669 2749 827 2841 ίίμπελον,
849 2749 957 2823 Ούνώ
979 2752 1174 2843 περιστερὰν
1197 2756 1241 2836 δέ,

315 2855 375 2948 τὴν
396 2855 435 2948 ἥν
457 2882 560 2948 φασιν
582 2856 613 2926 oi
630 2854 779 2948 Ἕλληνες
800 2853 996 2944 περιστερὰν
1018 2854 1144 2925 οίνοίδα.

314 2957 399 3028 κατὰ
419 2953 628 3052 Ἰσμαηλίτας
650 2961 696 3042 δέ,
719 2958 796 3042 τοὺς
810 2955 915 3049 ’Ἅγαρ
937 2958 1051 3049 γόνους
1072 2961 1163 3050 λέγω,

313 3061 508 3155 περιστερὰν
530 3062 589 3156 τὴν
615 3062 784 3155 Τύειραν
806 3060 1110 3154 σημαίνουσύνμοι
1133 3061 1209 3133 νόει.

227 3202 273 3240 τοο
320 3159 439 3238 αύται
468 3167 565 3258 πρὸς
588 3169 822 3256 ἐπιμέλειαν
849 3172 993 3259 τριχῶν
1015 3169 1085 3236 καί
1109 3173 1187 3237 τῶν
1216 3165 1365 3254 ὀνύχων

313 3276 384 3364 τῆς
405 3270 668 3361 Κλεοπάτρας
690 3275 759 3364 τῆς
781 3275 911 3363 σοφῆς
932 3263 1031 3363 ἦσαν
1052 3276 1120 3364 τῆς
1141 3271 1364 3360 βασιλίδος.

312 3377 484 3466 μηχανικοί
510 3377 565 3444 καί
591 3375 698 3464 ἰατροί
722 3377 779 3444 καί
803 3382 1005 3465 γραμματεῖς
1027 3377 1063 3445 δὲ
1084 3374 1204 3467 ταύτης

313 3479 369 3548 καί
393 3478 527 3572 ῥήτορες
549 3481 605 3548 καί
629 3477 810 3568 σύμβουλοι
833 3472 917 3571 ἦσαν
938 3479 1051 3569 μυρίοι
1075 3476 1179 3564 δίλλοι,

313 3585 380 3652 καί
409 3582 645 3676 Λεξιφάνης
668 3585 709 3653 δὲ
731 3580 869 3666 αύτός,
892 3583 1117 3674 μηχανικὸς
1139 3585 1180 3653 ἐκ
1203 3583 1363 3666 Κνίδου,

320 3683 409 3774 μεθ’
436 3678 478 3756 οὗ
501 3686 652 3770 πολλὰς
674 3690 899 3770 λυσιτελεῖς
928 3685 998 3770 τὰς
1018 3686 1198 3778 μηχανὰς
1226 3687 1361 3756 ἐποίει

313 3793 381 3860 καί
406 3789 634 3860 θάλασσαν
656 3791 860 3880 ἔχε’ρσωσε
881 3792 1000 3882 μέχρι
1024 3790 1342 3880 τετρασταδίου,

314 3891 444 3988 αὐτὴν
465 3893 523 3978 είς
541 3891 856 3984 Ἀλεξάνδρειαν
877 3899 949 3964 καί
974 3895 1127 3986 πύργον
1156 3892 1364 3986 ἀνεγείρει,

314 4004 398 4089 φῶς
420 4000 460 4067 ἐν
481 4000 598 4068 νυκτί
623 3998 821 4091 σωτήριον
842 4008 930 4082 τοῖς
952 4003 1127 4070 πλέουσι
1157 3998 1364 4070 δεικνύειν.

313 4107 367 4193 τῳ
389 4101 603 4192 Λεξιφύνει
628 4101 754 4194 τούτῳ
776 4105 847 4190 μὲν
870 4103 931 4186 εἷς
952 4103 1130 4194 μηχανὰς
1151 4105 1320 4194 ἐχρῆτο,

227 4241 273 4280 σου
321 4203 616 4295 τοῖςἚφεσίοις
632 4203 661 4274 δ’
680 4205 853 4295 ἰατροῖς,
876 4213 927 4298 τῳ
944 4212 1112 4298 Σωρανῳ
1127 4209 1191 4276 καί
1205 4204 1363 4299 Ῥούφῳ,
