<?xml version="1.0" encoding="UTF-8"?>
<!DOCTYPE html PUBLIC "-//W3C//DTD XHTML 1.0 Transitional//EN"
    "http://www.w3.org/TR/xhtml1/DTD/xhtml1-transitional.dtd">
<html xmlns="http://www.w3.org/1999/xhtml" xml:lang="en" lang="en">
 <head>
  <title>
</title>
<meta http-equiv="Content-Type" content="text/html;charset=utf-8" />
  <meta name='ocr-system' content='tesseract 3.04.00' />
  <meta name='ocr-capabilities' content='ocr_page ocr_carea ocr_par ocr_line ocrx_word'/>
</head>
<body>
  <div class='ocr_page' id='page_1' title='image "./dissertationesp00stragoog/dissertationesp00stragoog_0826.png"; bbox 0 0 2954 4808; ppageno 0'>
   <div class='ocr_carea' id='block_1_1' title="bbox 651 265 1265 349">
    <p class='ocr_par' dir='ltr' id='par_1_1' title="bbox 651 265 1265 349">
     <span class='ocr_line' id='line_1_1' title="bbox 651 265 1265 349; baseline 0.01 -20"><span class='ocrx_word' id='word_1_1' title='bbox 651 265 743 349; x_wconf 75' lang='lat' dir='ltr'><strong>[loo]</strong></span> <span class='ocrx_word' id='word_1_2' title='bbox 1224 274 1265 335; x_wconf 83' lang='lat'><strong>53</strong></span> 
     </span>
    </p>
   </div>
   <div class='ocr_carea' id='block_1_2' title="bbox 128 452 1351 1477">
    <p class='ocr_par' dir='ltr' id='par_1_2' title="bbox 129 452 1351 853">
     <span class='ocr_line' id='line_1_2' title="bbox 235 452 1264 545; baseline 0.012 -28"><span class='ocrx_word' id='word_1_3' title='bbox 235 452 302 519; x_wconf 90' lang='lat' dir='ltr'><strong>Iam</strong></span> <span class='ocrx_word' id='word_1_4' title='bbox 335 477 428 534; x_wconf 78' lang='lat' dir='ltr'><strong><em>vero,</em></strong></span> <span class='ocrx_word' id='word_1_5' title='bbox 464 466 500 522; x_wconf 84' lang='lat' dir='ltr'><strong>ut</strong></span> <span class='ocrx_word' id='word_1_6' title='bbox 533 457 696 522; x_wconf 79' lang='lat' dir='ltr'><strong>absolvam</strong></span> <span class='ocrx_word' id='word_1_7' title='bbox 728 459 811 523; x_wconf 90' lang='lat' dir='ltr'><strong>hane</strong></span> <span class='ocrx_word' id='word_1_8' title='bbox 834 461 1066 545; x_wconf 84' lang='lat' dir='ltr'><strong>quaestionem,</strong></span> <span class='ocrx_word' id='word_1_9' title='bbox 1091 483 1130 526; x_wconf 84' lang='lat' dir='ltr'><strong>ex</strong></span> <span class='ocrx_word' id='word_1_10' title='bbox 1155 463 1199 528; x_wconf 81' lang='lat' dir='ltr'><strong><em>eis</em></strong></span> <span class='ocrx_word' id='word_1_11' title='bbox 1223 463 1264 529; x_wconf 89' lang='lat' dir='ltr'><strong>de</strong></span> 
     </span>
     <span class='ocr_line' id='line_1_3' title="bbox 129 558 1263 648; baseline 0.011 -28"><span class='ocrx_word' id='word_1_12' title='bbox 129 558 244 643; x_wconf 88' lang='lat' dir='ltr'><strong>quibus</strong></span> <span class='ocrx_word' id='word_1_13' title='bbox 273 580 366 644; x_wconf 78' lang='lat' dir='ltr'><strong>supra</strong></span> <span class='ocrx_word' id='word_1_14' title='bbox 399 561 520 643; x_wconf 82' lang='lat' dir='ltr'><strong>egimus</strong></span> <span class='ocrx_word' id='word_1_15' title='bbox 553 563 696 626; x_wconf 78' lang='lat' dir='ltr'><strong>versibus</strong></span> <span class='ocrx_word' id='word_1_16' title='bbox 728 563 789 625; x_wconf 89' lang='lat' dir='ltr'><strong>huc</strong></span> <span class='ocrx_word' id='word_1_17' title='bbox 818 572 963 648; x_wconf 82' lang='lat' dir='ltr'><strong>spectant</strong></span> <span class='ocrx_word' id='word_1_18' title='bbox 993 565 1058 629; x_wconf 84' lang='lat' dir='ltr'><strong>Mil.</strong></span> <span class='ocrx_word' id='word_1_19' title='bbox 1084 568 1177 648; x_wconf 79' lang='lat'>1207,</span> <span class='ocrx_word' id='word_1_20' title='bbox 1209 569 1263 632; x_wconf 79' lang='lat' dir='ltr'><strong>As.</strong></span> 
     </span>
     <span class='ocr_line' id='line_1_4' title="bbox 130 662 1351 751; baseline 0.007 -26"><span class='ocrx_word' id='word_1_21' title='bbox 130 665 192 727; x_wconf 81' lang='lat'><strong>589</strong></span> <span class='ocrx_word' id='word_1_22' title='bbox 216 686 273 749; x_wconf 51' lang='lat' dir='ltr'><strong>sq„</strong></span> <span class='ocrx_word' id='word_1_23' title='bbox 307 662 390 728; x_wconf 90' lang='lat' dir='ltr'><strong>Rnd.</strong></span> <span class='ocrx_word' id='word_1_24' title='bbox 417 666 488 746; x_wconf 81' lang='grc'><strong>744,</strong></span> <span class='ocrx_word' id='word_1_25' title='bbox 522 663 611 750; x_wconf 83' lang='lat' dir='ltr'><strong>Oapt.</strong></span> <span class='ocrx_word' id='word_1_26' title='bbox 642 668 722 747; x_wconf 85' lang='grc'><strong>417,</strong></span> <span class='ocrx_word' id='word_1_27' title='bbox 755 666 869 751; x_wconf 85' lang='lat' dir='ltr'><strong>quibus</strong></span> <span class='ocrx_word' id='word_1_28' title='bbox 899 667 1065 732; x_wconf 84' lang='lat' dir='ltr'><strong>addendus</strong></span> <span class='ocrx_word' id='word_1_29' title='bbox 1096 676 1143 732; x_wconf 84' lang='lat' dir='ltr'><strong>eet</strong></span> <span class='ocrx_word' id='word_1_30' title='bbox 1175 671 1264 735; x_wconf 80' lang='lat' dir='ltr'><strong>locus</strong></span> <span class='ocrx_word' id='word_1_31' title='bbox 1348 673 1351 680; x_wconf 83' lang='lat'>&#39;</span> 
     </span>
     <span class='ocr_line' id='line_1_5' title="bbox 131 765 406 853; baseline 0.011 -24"><span class='ocrx_word' id='word_1_32' title='bbox 131 765 221 832; x_wconf 79' lang='lat' dir='ltr'><strong><em>Cure.</em></strong></span> <span class='ocrx_word' id='word_1_33' title='bbox 246 769 309 832; x_wconf 80' lang='lat'><strong>226</strong></span> <span class='ocrx_word' id='word_1_34' title='bbox 333 789 406 853; x_wconf 79' lang='lat' dir='ltr'>sqq:</span> 
     </span>
    </p>

    <p class='ocr_par' dir='ltr' id='par_1_3' title="bbox 385 871 1211 960">
     <span class='ocr_line' id='line_1_6' title="bbox 385 871 1211 960; baseline 0.006 -25"><span class='ocrx_word' id='word_1_35' title='bbox 385 871 526 955; x_wconf 81' lang='lat' dir='ltr'><strong><em>Adferre</em></strong></span> <span class='ocrx_word' id='word_1_36' title='bbox 548 879 715 955; x_wconf 59' lang='lat' dir='ltr'><strong><em>decentum</em></strong></span> <span class='ocrx_word' id='word_1_37' title='bbox 739 873 839 937; x_wconf 87' lang='lat' dir='ltr'><strong><em>credo.</em></strong></span> <span class='ocrx_word' id='word_1_38' title='bbox 882 895 958 937; x_wconf 85' lang='lat' dir='ltr'><strong>nom</strong></span> <span class='ocrx_word' id='word_1_39' title='bbox 980 877 1008 938; x_wconf 85' lang='lat' dir='ltr'><strong><em>ei</em></strong></span> <span class='ocrx_word' id='word_1_40' title='bbox 1030 895 1091 939; x_wconf 85' lang='grc'><strong>333</strong></span> <span class='ocrx_word' id='word_1_41' title='bbox 1112 878 1211 960; x_wconf 75' lang='lat' dir='ltr'><strong><em>feret,</em></strong></span> 
     </span>
    </p>

    <p class='ocr_par' dir='ltr' id='par_1_4' title="bbox 388 975 1056 1061">
     <span class='ocr_line' id='line_1_7' title="bbox 388 975 1056 1061; baseline 0.004 -23"><span class='ocrx_word' id='word_1_42' title='bbox 388 975 553 1039; x_wconf 80' lang='lat' dir='ltr'><strong>Tormeuto</strong></span> <span class='ocrx_word' id='word_1_43' title='bbox 576 997 637 1039; x_wconf 83' lang='grc'><strong>333</strong></span> <span class='ocrx_word' id='word_1_44' title='bbox 660 977 791 1040; x_wconf 79' lang='lat' dir='ltr'><strong><em>retineri</em></strong></span> <span class='ocrx_word' id='word_1_45' title='bbox 815 979 918 1061; x_wconf 81' lang='lat' dir='ltr'><strong>potuit</strong></span> <span class='ocrx_word' id='word_1_46' title='bbox 938 978 1056 1061; x_wconf 79' lang='lat' dir='ltr'><strong><em>ferreo,</em></strong></span> 
     </span>
    </p>

    <p class='ocr_par' dir='ltr' id='par_1_5' title="bbox 128 1080 1263 1477">
     <span class='ocr_line' id='line_1_8' title="bbox 388 1080 1262 1165; baseline 0.008 -24"><span class='ocrx_word' id='word_1_47' title='bbox 388 1080 469 1159; x_wconf 77' lang='lat' dir='ltr'><strong>Quia</strong></span> <span class='ocrx_word' id='word_1_48' title='bbox 486 1082 638 1164; x_wconf 81' lang='lat' dir='ltr'><strong><em>reciperet</em></strong></span> <span class='ocrx_word' id='word_1_49' title='bbox 660 1102 692 1144; x_wconf 81' lang='lat' dir='ltr'><strong>ee</strong></span> <span class='ocrx_word' id='word_1_50' title='bbox 713 1081 878 1145; x_wconf 72' lang='lat' dir='ltr'><strong>lamecum</strong></span> <span class='ocrx_word' id='word_1_51' title='bbox 903 1082 945 1144; x_wconf 86' lang='lat' dir='ltr'><strong>od</strong></span> <span class='ocrx_word' id='word_1_52' title='bbox 962 1102 1143 1165; x_wconf 77' lang='lat' dir='ltr'><strong><em>praesepem</em></strong></span> <span class='ocrx_word' id='word_1_53' title='bbox 1160 1103 1262 1149; x_wconf 77' lang='grc'>33333.</span> 
     </span>
     <span class='ocr_line' id='line_1_9' title="bbox 129 1182 1260 1271; baseline 0.004 -25"><span class='ocrx_word' id='word_1_54' title='bbox 129 1182 256 1248; x_wconf 80' lang='lat' dir='ltr'><strong>Protesi</strong></span> <span class='ocrx_word' id='word_1_55' title='bbox 289 1184 498 1267; x_wconf 76' lang='lat' dir='ltr'><strong>responderet</strong></span> <span class='ocrx_word' id='word_1_56' title='bbox 531 1184 680 1269; x_wconf 85' lang='lat' dir='ltr'><strong><em>epodosie</em></strong></span> <span class='ocrx_word' id='word_1_57' title='bbox 715 1184 816 1266; x_wconf 83' lang='lat' dir='ltr'><strong>qualis</strong></span> <span class='ocrx_word' id='word_1_58' title='bbox 850 1192 913 1249; x_wconf 89' lang='lat' dir='ltr'><strong><em>est:</em></strong></span> <span class='ocrx_word' id='word_1_59' title='bbox 951 1187 991 1249; x_wconf 83' lang='lat' dir='ltr'><strong>‘oe</strong></span> <span class='ocrx_word' id='word_1_60' title='bbox 1024 1188 1165 1271; x_wconf 82' lang='lat' dir='ltr'><strong><em>recipcre</em></strong></span> <span class='ocrx_word' id='word_1_61' title='bbox 1200 1209 1260 1251; x_wconf 89' lang='lat' dir='ltr'><strong>non</strong></span> 
     </span>
     <span class='ocr_line' id='line_1_10' title="bbox 128 1284 1263 1375; baseline 0.002 -23"><span class='ocrx_word' id='word_1_62' title='bbox 128 1284 259 1371; x_wconf 82' lang='lat' dir='ltr'><strong><em>poteet&#39;3</em></strong></span> <span class='ocrx_word' id='word_1_63' title='bbox 283 1286 338 1351; x_wconf 86' lang='lat' dir='ltr'><strong>sod</strong></span> <span class='ocrx_word' id='word_1_64' title='bbox 363 1287 561 1372; x_wconf 80' lang='lat' dir='ltr'><strong>abrumpitur</strong></span> <span class='ocrx_word' id='word_1_65' title='bbox 586 1311 623 1352; x_wconf 88' lang='lat' dir='ltr'><strong><em>eo</em></strong></span> <span class='ocrx_word' id='word_1_66' title='bbox 646 1289 797 1371; x_wconf 79' lang='lat' dir='ltr'>cogitatio</span> <span class='ocrx_word' id='word_1_67' title='bbox 821 1290 920 1352; x_wconf 82' lang='lat' dir='ltr'><strong>altera</strong></span> <span class='ocrx_word' id='word_1_68' title='bbox 944 1289 1007 1372; x_wconf 86' lang='lat' dir='ltr'><strong>ilia,</strong></span> <span class='ocrx_word' id='word_1_69' title='bbox 1031 1312 1113 1374; x_wconf 86' lang='lat' dir='ltr'><strong>qnae</strong></span> <span class='ocrx_word' id='word_1_70' title='bbox 1128 1290 1263 1375; x_wconf 81' lang='lat' dir='ltr'><strong>apodooi</strong></span> 
     </span>
     <span class='ocr_line' id='line_1_11' title="bbox 129 1389 714 1477; baseline 0.002 -23"><span class='ocrx_word' id='word_1_71' title='bbox 129 1391 325 1455; x_wconf 79' lang='lat' dir='ltr'><strong>continetur:</strong></span> <span class='ocrx_word' id='word_1_72' title='bbox 348 1392 481 1456; x_wconf 82' lang='lat' dir='ltr'><strong>‘retineri</strong></span> <span class='ocrx_word' id='word_1_73' title='bbox 504 1414 567 1457; x_wconf 91' lang='lat' dir='ltr'><strong>uon</strong></span> <span class='ocrx_word' id='word_1_74' title='bbox 592 1389 714 1477; x_wconf 78' lang='lat' dir='ltr'><strong>potuit.¹</strong></span> 
     </span>
    </p>
   </div>
   <div class='ocr_carea' id='block_1_3' title="bbox 651 1656 831 1737">
    <p class='ocr_par' dir='ltr' id='par_1_6' title="bbox 651 1656 831 1737">
     <span class='ocr_line' id='line_1_12' title="bbox 651 1656 831 1737; baseline 0.033 -18"><span class='ocrx_word' id='word_1_75' title='bbox 651 1656 742 1737; x_wconf 72' lang='lat' dir='ltr'><strong>§lu</strong></span> <span class='ocrx_word' id='word_1_76' title='bbox 829 1723 831 1725; x_wconf 82' lang='grc'><strong>,</strong></span> 
     </span>
    </p>
   </div>
   <div class='ocr_carea' id='block_1_4' title="bbox 124 1810 1264 3231">
    <p class='ocr_par' dir='ltr' id='par_1_7' title="bbox 127 1810 1262 2105">
     <span class='ocr_line' id='line_1_13' title="bbox 232 1810 1261 1899; baseline 0.003 -25"><span class='ocrx_word' id='word_1_77' title='bbox 232 1810 291 1876; x_wconf 85' lang='grc' dir='ltr'><strong>Ηί3</strong></span> <span class='ocrx_word' id='word_1_78' title='bbox 314 1811 467 1896; x_wconf 78' lang='lat' dir='ltr'><strong>expositis</strong></span> <span class='ocrx_word' id='word_1_79' title='bbox 499 1811 637 1877; x_wconf 84' lang='lat' dir='ltr'><strong><em>breviter</em></strong></span> <span class='ocrx_word' id='word_1_80' title='bbox 659 1812 809 1896; x_wconf 81' lang='lat' dir='ltr'><strong>deinceps</strong></span> <span class='ocrx_word' id='word_1_81' title='bbox 832 1811 1003 1876; x_wconf 87' lang='lat' dir='ltr'><strong>dicendum</strong></span> <span class='ocrx_word' id='word_1_82' title='bbox 1034 1818 1082 1876; x_wconf 83' lang='lat' dir='ltr'><strong><em>est</em></strong></span> <span class='ocrx_word' id='word_1_83' title='bbox 1105 1812 1144 1877; x_wconf 90' lang='lat' dir='ltr'><strong>de</strong></span> <span class='ocrx_word' id='word_1_84' title='bbox 1171 1835 1261 1899; x_wconf 85' lang='lat' dir='ltr'><strong><em>prae·</em></strong></span> 
     </span>
     <span class='ocr_line' id='line_1_14' title="bbox 127 1914 1262 2001; baseline 0.003 -24"><span class='ocrx_word' id='word_1_85' title='bbox 127 1915 211 1980; x_wconf 86' lang='lat' dir='ltr'><strong>teriti</strong></span> <span class='ocrx_word' id='word_1_86' title='bbox 226 1914 405 1979; x_wconf 83' lang='lat' dir='ltr'><strong>indicativio</strong></span> <span class='ocrx_word' id='word_1_87' title='bbox 422 1916 474 2000; x_wconf 92' lang='lat' dir='ltr'><strong>qui</strong></span> <span class='ocrx_word' id='word_1_88' title='bbox 498 1916 647 2000; x_wconf 85' lang='lat' dir='ltr'><strong>leguntur</strong></span> <span class='ocrx_word' id='word_1_89' title='bbox 661 1917 692 1979; x_wconf 88' lang='lat' dir='ltr'><strong>io</strong></span> <span class='ocrx_word' id='word_1_90' title='bbox 717 1915 850 2001; x_wconf 86' lang='lat' dir='ltr'><strong>apodosi</strong></span> <span class='ocrx_word' id='word_1_91' title='bbox 867 1936 976 1979; x_wconf 86' lang='lat' dir='ltr'><strong>eorum</strong></span> <span class='ocrx_word' id='word_1_92' title='bbox 993 1923 1115 1980; x_wconf 85' lang='lat' dir='ltr'><strong>enuntt.</strong></span> <span class='ocrx_word' id='word_1_93' title='bbox 1136 1917 1262 1998; x_wconf 87' lang='lat' dir='ltr'><strong>oondd.,</strong></span> 
     </span>
     <span class='ocr_line' id='line_1_15' title="bbox 127 2018 1174 2105; baseline -0.001 -21"><span class='ocrx_word' id='word_1_94' title='bbox 127 2041 261 2105; x_wconf 87' lang='lat' dir='ltr'><strong>quorum</strong></span> <span class='ocrx_word' id='word_1_95' title='bbox 284 2019 316 2081; x_wconf 90' lang='lat' dir='ltr'><strong>in</strong></span> <span class='ocrx_word' id='word_1_96' title='bbox 339 2020 458 2105; x_wconf 79' lang='lat' dir='ltr'>protasi</span> <span class='ocrx_word' id='word_1_97' title='bbox 482 2020 700 2085; x_wconf 80' lang='lat' dir='ltr'><strong>coniunctivus</strong></span> <span class='ocrx_word' id='word_1_98' title='bbox 723 2026 838 2086; x_wconf 84' lang='lat' dir='ltr'><strong>exstat.</strong></span> <span class='ocrx_word' id='word_1_99' title='bbox 885 2018 966 2084; x_wconf 82' lang='lat' dir='ltr'><strong>Sunt</strong></span> <span class='ocrx_word' id='word_1_100' title='bbox 990 2026 1098 2084; x_wconf 88' lang='lat' dir='ltr'><strong>autem</strong></span> <span class='ocrx_word' id='word_1_101' title='bbox 1121 2021 1174 2084; x_wconf 94' lang='lat' dir='ltr'><strong>hi:</strong></span> 
     </span>
    </p>

    <p class='ocr_par' dir='ltr' id='par_1_8' title="bbox 124 2124 1264 3231">
     <span class='ocr_line' id='line_1_16' title="bbox 230 2124 1261 2209; baseline -0.001 -20"><span class='ocrx_word' id='word_1_102' title='bbox 230 2147 291 2192; x_wconf 86' lang='grc'><strong>333</strong></span> <span class='ocrx_word' id='word_1_103' title='bbox 314 2132 443 2208; x_wconf 78' lang='lat' dir='ltr'><strong><em>potuere</em></strong></span> <span class='ocrx_word' id='word_1_104' title='bbox 467 2124 559 2190; x_wconf 83' lang='lat' dir='ltr'><strong><em>Cure.</em></strong></span> <span class='ocrx_word' id='word_1_105' title='bbox 584 2127 668 2207; x_wconf 77' lang='lat'><strong>4493</strong></span> <span class='ocrx_word' id='word_1_106' title='bbox 701 2146 764 2189; x_wconf 90' lang='grc'><strong>333</strong></span> <span class='ocrx_word' id='word_1_107' title='bbox 783 2126 888 2208; x_wconf 78' lang='lat' dir='ltr'><strong>potuit</strong></span> <span class='ocrx_word' id='word_1_108' title='bbox 911 2124 977 2188; x_wconf 88' lang='lat' dir='ltr'>Mil.</span> <span class='ocrx_word' id='word_1_109' title='bbox 1001 2127 1081 2206; x_wconf 79' lang='lat'>8033</span> <span class='ocrx_word' id='word_1_110' title='bbox 1111 2125 1261 2209; x_wconf 81' lang='lat' dir='ltr'><strong>quomodo</strong></span> 
     </span>
     <span class='ocr_line' id='line_1_17' title="bbox 125 2229 1262 2315; baseline -0.004 -19"><span class='ocrx_word' id='word_1_111' title='bbox 125 2233 216 2315; x_wconf 82' lang='lat' dir='ltr'><strong>potui</strong></span> <span class='ocrx_word' id='word_1_112' title='bbox 239 2231 335 2296; x_wconf 82' lang='lat' dir='ltr'><strong>Most.</strong></span> <span class='ocrx_word' id='word_1_113' title='bbox 352 2233 432 2311; x_wconf 78' lang='lat'>4583</span> <span class='ocrx_word' id='word_1_114' title='bbox 455 2229 603 2294; x_wconf 78' lang='lat' dir='ltr'><strong>licitumst</strong></span> <span class='ocrx_word' id='word_1_115' title='bbox 620 2229 705 2295; x_wconf 85' lang='lat' dir='ltr'><strong>Trio.</strong></span> <span class='ocrx_word' id='word_1_116' title='bbox 723 2232 806 2311; x_wconf 79' lang='lat'><strong>5663</strong></span> <span class='ocrx_word' id='word_1_117' title='bbox 824 2230 894 2312; x_wconf 78' lang='lat' dir='ltr'><strong>fuit</strong></span> <span class='ocrx_word' id='word_1_118' title='bbox 909 2229 961 2293; x_wconf 81' lang='lat' dir='ltr'><strong>ubi</strong></span> <span class='ocrx_word' id='word_1_119' title='bbox 976 2231 1154 2313; x_wconf 72' lang='grc'>3393333333</span> <span class='ocrx_word' id='word_1_120' title='bbox 1169 2249 1262 2293; x_wconf 82' lang='lat' dir='ltr'><strong><em>essem</em></strong></span> 
     </span>
     <span class='ocr_line' id='line_1_18' title="bbox 127 2333 1261 2419; baseline 0 -21"><span class='ocrx_word' id='word_1_121' title='bbox 127 2334 222 2401; x_wconf 84' lang='lat' dir='ltr'><strong><em>True.</em></strong></span> <span class='ocrx_word' id='word_1_122' title='bbox 249 2337 309 2399; x_wconf 81' lang='lat'><strong>140</strong></span> <span class='ocrx_word' id='word_1_123' title='bbox 332 2333 368 2417; x_wconf 86' lang='lat' dir='ltr'><strong>(i.</strong></span> <span class='ocrx_word' id='word_1_124' title='bbox 393 2356 420 2399; x_wconf 96' lang='grc'><strong>3.</strong></span> <span class='ocrx_word' id='word_1_125' title='bbox 444 2333 635 2419; x_wconf 83' lang='lat' dir='ltr'><strong>‘negotiosus</strong></span> <span class='ocrx_word' id='word_1_126' title='bbox 658 2355 727 2398; x_wconf 84' lang='grc'>3333</span> <span class='ocrx_word' id='word_1_127' title='bbox 752 2333 883 2418; x_wconf 80' lang='lat' dir='ltr'><strong>potui&#39;);</strong></span> <span class='ocrx_word' id='word_1_128' title='bbox 907 2333 975 2415; x_wconf 81' lang='lat' dir='ltr'><strong>fuit</strong></span> <span class='ocrx_word' id='word_1_129' title='bbox 999 2333 1120 2397; x_wconf 80' lang='lat' dir='ltr'><strong>occasio</strong></span> <span class='ocrx_word' id='word_1_130' title='bbox 1143 2333 1261 2399; x_wconf 85' lang='lat' dir='ltr'><strong><em>Pseud.</em></strong></span> 
     </span>
     <span class='ocr_line' id='line_1_19' title="bbox 127 2435 1263 2522; baseline -0.004 -19"><span class='ocrx_word' id='word_1_131' title='bbox 127 2440 210 2522; x_wconf 79' lang='lat'><strong>2853</strong></span> <span class='ocrx_word' id='word_1_132' title='bbox 233 2439 317 2502; x_wconf 81' lang='lat' dir='ltr'><strong>uolui</strong></span> <span class='ocrx_word' id='word_1_133' title='bbox 337 2439 457 2501; x_wconf 80' lang='lat' dir='ltr'><strong><em>mittere</em></strong></span> <span class='ocrx_word' id='word_1_134' title='bbox 481 2437 536 2517; x_wconf 90' lang='lat'><strong>(=</strong></span> <span class='ocrx_word' id='word_1_135' title='bbox 559 2435 745 2518; x_wconf 70' lang='lat' dir='ltr'><strong>misissem)</strong></span> <span class='ocrx_word' id='word_1_136' title='bbox 780 2437 851 2502; x_wconf 81' lang='lat' dir='ltr'><strong>Cas.</strong></span> <span class='ocrx_word' id='word_1_137' title='bbox 876 2437 908 2500; x_wconf 92' lang='grc' dir='ltr'><strong>ΙΙ</strong></span> <span class='ocrx_word' id='word_1_138' title='bbox 933 2440 962 2518; x_wconf 85' lang='grc'><strong>8,</strong></span> <span class='ocrx_word' id='word_1_139' title='bbox 986 2440 1024 2519; x_wconf 84' lang='grc'><strong>4;</strong></span> <span class='ocrx_word' id='word_1_140' title='bbox 1055 2438 1152 2500; x_wconf 79' lang='lat' dir='ltr'><strong>uoluit</strong></span> <span class='ocrx_word' id='word_1_141' title='bbox 1181 2437 1263 2499; x_wconf 80' lang='lat' dir='ltr'><strong>iodi-</strong></span> 
     </span>
     <span class='ocr_line' id='line_1_20' title="bbox 124 2540 1263 2626; baseline -0.002 -20"><span class='ocrx_word' id='word_1_142' title='bbox 124 2544 207 2626; x_wconf 80' lang='lat' dir='ltr'><em>pisci</em></span> <span class='ocrx_word' id='word_1_143' title='bbox 237 2541 334 2606; x_wconf 87' lang='lat' dir='ltr'><strong>Stich.</strong></span> <span class='ocrx_word' id='word_1_144' title='bbox 359 2544 441 2624; x_wconf 79' lang='lat'><strong>5633</strong></span> <span class='ocrx_word' id='word_1_145' title='bbox 474 2540 532 2625; x_wconf 82' lang='lat' dir='ltr'><strong><em>(ef.</em></strong></span> <span class='ocrx_word' id='word_1_146' title='bbox 564 2540 626 2607; x_wconf 77' lang='lat' dir='ltr'><strong>uie.</strong></span> <span class='ocrx_word' id='word_1_147' title='bbox 651 2541 734 2605; x_wconf 87' lang='lat' dir='ltr'>Phil.</span> <span class='ocrx_word' id='word_1_148' title='bbox 757 2541 791 2604; x_wconf 89' lang='grc' dir='ltr'><strong>ΙΙ</strong></span> <span class='ocrx_word' id='word_1_149' title='bbox 821 2542 860 2605; x_wconf 88' lang='grc'><strong>76</strong></span> <span class='ocrx_word' id='word_1_150' title='bbox 891 2541 995 2621; x_wconf 81' lang='lat' dir='ltr'><strong>colui,</strong></span> <span class='ocrx_word' id='word_1_151' title='bbox 1023 2542 1053 2603; x_wconf 85' lang='lat' dir='ltr'><strong>si</strong></span> <span class='ocrx_word' id='word_1_152' title='bbox 1079 2559 1200 2623; x_wconf 80' lang='lat' dir='ltr'><strong>possem</strong></span> <span class='ocrx_word' id='word_1_153' title='bbox 1230 2546 1263 2604; x_wconf 87' lang='lat' dir='ltr'><strong><em>et</em></strong></span> 
     </span>
     <span class='ocr_line' id='line_1_21' title="bbox 130 2643 1264 2730; baseline -0.003 -21"><span class='ocrx_word' id='word_1_154' title='bbox 130 2649 171 2710; x_wconf 87' lang='lat'><strong>88</strong></span> <span class='ocrx_word' id='word_1_155' title='bbox 195 2647 249 2730; x_wconf 80' lang='lat' dir='ltr'><strong>qui</strong></span> <span class='ocrx_word' id='word_1_156' title='bbox 271 2652 308 2727; x_wconf 80' lang='lat' dir='ltr'><strong>te,</strong></span> <span class='ocrx_word' id='word_1_157' title='bbox 331 2647 360 2709; x_wconf 83' lang='lat' dir='ltr'><strong>si</strong></span> <span class='ocrx_word' id='word_1_158' title='bbox 381 2667 479 2710; x_wconf 86' lang='grc'>33333</span> <span class='ocrx_word' id='word_1_159' title='bbox 502 2666 591 2727; x_wconf 73' lang='lat' dir='ltr'><strong><em>essee,</em></strong></span> <span class='ocrx_word' id='word_1_160' title='bbox 614 2648 737 2710; x_wconf 81' lang='lat' dir='ltr'><strong>ecloum</strong></span> <span class='ocrx_word' id='word_1_161' title='bbox 760 2646 958 2725; x_wconf 75' lang='lat' dir='ltr'><strong><em>coluereeot);</em></strong></span> <span class='ocrx_word' id='word_1_162' title='bbox 984 2643 1032 2707; x_wconf 90' lang='lat' dir='ltr'><strong>his</strong></span> <span class='ocrx_word' id='word_1_163' title='bbox 1055 2643 1264 2707; x_wconf 84' lang='lat' dir='ltr'><strong>adnumeran-</strong></span> 
     </span>
     <span class='ocr_line' id='line_1_22' title="bbox 128 2748 1261 2834; baseline -0.001 -22"><span class='ocrx_word' id='word_1_164' title='bbox 128 2748 188 2813; x_wconf 86' lang='lat' dir='ltr'><strong>dus</strong></span> <span class='ocrx_word' id='word_1_165' title='bbox 218 2757 268 2815; x_wconf 96' lang='grc'><strong>333</strong></span> <span class='ocrx_word' id='word_1_166' title='bbox 290 2770 320 2815; x_wconf 78' lang='lat' dir='ltr'><strong>v,</strong></span> <span class='ocrx_word' id='word_1_167' title='bbox 344 2748 410 2814; x_wconf 86' lang='lat' dir='ltr'><strong>Mil.</strong></span> <span class='ocrx_word' id='word_1_168' title='bbox 437 2752 530 2833; x_wconf 83' lang='lat'>1356,</span> <span class='ocrx_word' id='word_1_169' title='bbox 562 2771 656 2834; x_wconf 91' lang='lat' dir='ltr'><strong>quem</strong></span> <span class='ocrx_word' id='word_1_170' title='bbox 680 2770 776 2834; x_wconf 80' lang='lat' dir='ltr'><strong>supra</strong></span> <span class='ocrx_word' id='word_1_171' title='bbox 805 2749 1141 2828; x_wconf 83' lang='lat' dir='ltr'><strong>commemoravimus,</strong></span> <span class='ocrx_word' id='word_1_172' title='bbox 1172 2748 1261 2811; x_wconf 83' lang='lat' dir='ltr'><strong>cuius</strong></span> 
     </span>
     <span class='ocr_line' id='line_1_23' title="bbox 127 2852 1262 2937; baseline -0.005 -19"><span class='ocrx_word' id='word_1_173' title='bbox 127 2855 157 2918; x_wconf 87' lang='lat' dir='ltr'><strong>in</strong></span> <span class='ocrx_word' id='word_1_174' title='bbox 183 2852 315 2937; x_wconf 82' lang='lat' dir='ltr'><strong>apodosi</strong></span> <span class='ocrx_word' id='word_1_175' title='bbox 338 2854 439 2917; x_wconf 72' lang='lat' dir='ltr'><strong>otoldi</strong></span> <span class='ocrx_word' id='word_1_176' title='bbox 459 2854 595 2937; x_wconf 82' lang='lat' dir='ltr'><strong>legitur3</strong></span> <span class='ocrx_word' id='word_1_177' title='bbox 617 2860 785 2937; x_wconf 81' lang='lat' dir='ltr'><strong><em>praetereo</em></strong></span> <span class='ocrx_word' id='word_1_178' title='bbox 808 2854 947 2937; x_wconf 81' lang='lat' dir='ltr'><strong>oportuit</strong></span> <span class='ocrx_word' id='word_1_179' title='bbox 971 2852 1088 2916; x_wconf 84' lang='lat' dir='ltr'><strong>Bacch.</strong></span> <span class='ocrx_word' id='word_1_180' title='bbox 1106 2853 1184 2933; x_wconf 80' lang='lat'><em>1183</em></span> <span class='ocrx_word' id='word_1_181' title='bbox 1206 2870 1262 2934; x_wconf 74' lang='lat' dir='ltr'><strong><em>eqo</em></strong></span> 
     </span>
     <span class='ocr_line' id='line_1_24' title="bbox 128 2955 1263 3040; baseline -0.004 -18"><span class='ocrx_word' id='word_1_182' title='bbox 128 2980 216 3022; x_wconf 85' lang='lat' dir='ltr'><strong><em>eram</em></strong></span> <span class='ocrx_word' id='word_1_183' title='bbox 247 2959 391 3022; x_wconf 78' lang='lat' dir='ltr'><strong>dicturae</strong></span> <span class='ocrx_word' id='word_1_184' title='bbox 420 2955 537 3021; x_wconf 64' lang='lat' dir='ltr'><strong>Cisal</strong></span> <span class='ocrx_word' id='word_1_185' title='bbox 571 2959 600 3036; x_wconf 80' lang='lat'><strong>3,</strong></span> <span class='ocrx_word' id='word_1_186' title='bbox 625 2959 661 3038; x_wconf 77' lang='lat'><strong>43</strong></span> <span class='ocrx_word' id='word_1_187' title='bbox 684 2977 752 3040; x_wconf 79' lang='lat' dir='ltr'><strong>por</strong></span> <span class='ocrx_word' id='word_1_188' title='bbox 778 2957 890 3037; x_wconf 82' lang='lat' dir='ltr'><strong>fuerat</strong></span> <span class='ocrx_word' id='word_1_189' title='bbox 919 2955 1017 3021; x_wconf 81' lang='lat' dir='ltr'><strong>Stich.</strong></span> <span class='ocrx_word' id='word_1_190' title='bbox 1050 2958 1133 3036; x_wconf 79' lang='lat'><strong>5123</strong></span> <span class='ocrx_word' id='word_1_191' title='bbox 1161 2974 1263 3038; x_wconf 76' lang='lat' dir='ltr'><strong><em>poene</em></strong></span> 
     </span>
     <span class='ocr_line' id='line_1_25' title="bbox 128 3059 1260 3145; baseline -0.005 -19"><span class='ocrx_word' id='word_1_192' title='bbox 128 3063 231 3127; x_wconf 84' lang='lat' dir='ltr'><strong><em>decidi</em></strong></span> <span class='ocrx_word' id='word_1_193' title='bbox 267 3061 367 3126; x_wconf 83' lang='lat' dir='ltr'><strong><em>Persa</em></strong></span> <span class='ocrx_word' id='word_1_194' title='bbox 401 3063 480 3142; x_wconf 81' lang='lat'>5953</span> <span class='ocrx_word' id='word_1_195' title='bbox 518 3060 595 3145; x_wconf 82' lang='lat' dir='ltr'><strong>quid</strong></span> <span class='ocrx_word' id='word_1_196' title='bbox 629 3062 763 3144; x_wconf 76' lang='grc'>3333333</span> <span class='ocrx_word' id='word_1_197' title='bbox 797 3059 883 3141; x_wconf 81' lang='lat' dir='ltr'><strong>fait,</strong></span> <span class='ocrx_word' id='word_1_198' title='bbox 921 3080 1014 3144; x_wconf 81' lang='lat' dir='ltr'><strong>qoam</strong></span> <span class='ocrx_word' id='word_1_199' title='bbox 1052 3066 1086 3123; x_wconf 85' lang='grc'><strong>33</strong></span> <span class='ocrx_word' id='word_1_200' title='bbox 1123 3059 1260 3142; x_wconf 80' lang='lat' dir='ltr'><strong><em>perirem</em></strong></span> 
     </span>
     <span class='ocr_line' id='line_1_26' title="bbox 127 3167 291 3231; baseline 0 0"><span class='ocrx_word' id='word_1_201' title='bbox 127 3167 194 3231; x_wconf 89' lang='lat' dir='ltr'><strong>Mil.</strong></span> <span class='ocrx_word' id='word_1_202' title='bbox 218 3168 291 3231; x_wconf 85' lang='grc'><strong>475.</strong></span> 
     </span>
    </p>
   </div>
   <div class='ocr_carea' id='block_1_5' title="bbox 230 3287 724 3373">
    <p class='ocr_par' dir='ltr' id='par_1_9' title="bbox 230 3287 724 3373">
     <span class='ocr_line' id='line_1_27' title="bbox 230 3287 724 3373; baseline -0.004 -21"><span class='ocrx_word' id='word_1_203' title='bbox 230 3287 268 3352; x_wconf 82' lang='lat' dir='ltr'><strong>Si</strong></span> <span class='ocrx_word' id='word_1_204' title='bbox 289 3307 347 3373; x_wconf 84' lang='lat' dir='ltr'><strong>pro</strong></span> <span class='ocrx_word' id='word_1_205' title='bbox 371 3287 493 3352; x_wconf 78' lang='lat' dir='ltr'><strong>etiamsi</strong></span> <span class='ocrx_word' id='word_1_206' title='bbox 515 3287 651 3373; x_wconf 85' lang='lat' dir='ltr'><strong>positum</strong></span> <span class='ocrx_word' id='word_1_207' title='bbox 676 3293 724 3351; x_wconf 88' lang='grc'><strong>333</strong></span> 
     </span>
    </p>
   </div>
   <div class='ocr_carea' id='block_1_6' title="bbox 126 3398 1261 3794">
    <p class='ocr_par' dir='ltr' id='par_1_10' title="bbox 126 3398 1130 3590">
     <span class='ocr_line' id='line_1_28' title="bbox 126 3398 1130 3478; baseline -0.004 -13"><span class='ocrx_word' id='word_1_208' title='bbox 126 3400 224 3465; x_wconf 87' lang='lat' dir='ltr'><strong><em>Mero.</em></strong></span> <span class='ocrx_word' id='word_1_209' title='bbox 248 3403 310 3464; x_wconf 86' lang='grc'><strong>694</strong></span> <span class='ocrx_word' id='word_1_210' title='bbox 384 3401 499 3464; x_wconf 86' lang='lat' dir='ltr'><strong><em>Decem</em></strong></span> <span class='ocrx_word' id='word_1_211' title='bbox 519 3400 548 3463; x_wconf 81' lang='lat' dir='ltr'><strong>si</strong></span> <span class='ocrx_word' id='word_1_212' title='bbox 571 3400 614 3464; x_wconf 86' lang='lat' dir='ltr'><strong>ed</strong></span> <span class='ocrx_word' id='word_1_213' title='bbox 635 3420 666 3464; x_wconf 84' lang='lat' dir='ltr'><strong>se</strong></span> <span class='ocrx_word' id='word_1_214' title='bbox 687 3405 825 3465; x_wconf 80' lang='lat' dir='ltr'><strong>uocasset</strong></span> <span class='ocrx_word' id='word_1_215' title='bbox 847 3399 1012 3462; x_wconf 77' lang='grc'>33333333</span> <span class='ocrx_word' id='word_1_216' title='bbox 1034 3398 1130 3478; x_wconf 81' lang='grc'>3333,</span> 
     </span>
     <span class='ocr_line' id='line_1_29' title="bbox 383 3502 991 3590; baseline -0.01 -22"><span class='ocrx_word' id='word_1_217' title='bbox 383 3503 526 3568; x_wconf 79' lang='lat' dir='ltr'><strong>Nimiam</strong></span> <span class='ocrx_word' id='word_1_218' title='bbox 549 3502 709 3569; x_wconf 80' lang='lat' dir='ltr'><strong>obcecavit</strong></span> <span class='ocrx_word' id='word_1_219' title='bbox 988 3567 991 3590; x_wconf 58' lang='grc'>,</span> 
     </span>
    </p>

    <p class='ocr_par' dir='ltr' id='par_1_11' title="bbox 127 3608 1261 3794">
     <span class='ocr_line' id='line_1_30' title="bbox 127 3608 1261 3691; baseline -0.003 -17"><span class='ocrx_word' id='word_1_220' title='bbox 127 3615 159 3674; x_wconf 87' lang='lat' dir='ltr'><strong><em>et</em></strong></span> <span class='ocrx_word' id='word_1_221' title='bbox 171 3608 287 3674; x_wconf 88' lang='lat' dir='ltr'><strong><em>Pseud.</em></strong></span> <span class='ocrx_word' id='word_1_222' title='bbox 301 3611 362 3673; x_wconf 82' lang='grc'><strong>433</strong></span> <span class='ocrx_word' id='word_1_223' title='bbox 385 3609 447 3673; x_wconf 87' lang='lat' dir='ltr'><strong>Sed</strong></span> <span class='ocrx_word' id='word_1_224' title='bbox 469 3610 498 3673; x_wconf 80' lang='lat' dir='ltr'><strong>si</strong></span> <span class='ocrx_word' id='word_1_225' title='bbox 520 3609 582 3673; x_wconf 78' lang='lat' dir='ltr'><strong>siat</strong></span> <span class='ocrx_word' id='word_1_226' title='bbox 605 3629 642 3671; x_wconf 85' lang='lat' dir='ltr'><strong><em>eo</em></strong></span> <span class='ocrx_word' id='word_1_227' title='bbox 665 3629 750 3691; x_wconf 78' lang='grc'>3333,</span> <span class='ocrx_word' id='word_1_228' title='bbox 779 3615 814 3673; x_wconf 84' lang='lat' dir='ltr'><strong>ot</strong></span> <span class='ocrx_word' id='word_1_229' title='bbox 836 3629 920 3672; x_wconf 84' lang='grc'>3333</span> <span class='ocrx_word' id='word_1_230' title='bbox 941 3627 1007 3670; x_wconf 83' lang='lat' dir='ltr'><strong>mos</strong></span> <span class='ocrx_word' id='word_1_231' title='bbox 1039 3613 1083 3670; x_wconf 83' lang='grc'><strong>333</strong></span> <span class='ocrx_word' id='word_1_232' title='bbox 1106 3626 1261 3688; x_wconf 63' lang='lat' dir='ltr'><strong>incautae,</strong></span> 
     </span>
     <span class='ocr_line' id='line_1_31' title="bbox 383 3711 728 3794; baseline 0.003 -19"><span class='ocrx_word' id='word_1_233' title='bbox 383 3712 468 3793; x_wconf 79' lang='lat' dir='ltr'><strong>Quid</strong></span> <span class='ocrx_word' id='word_1_234' title='bbox 489 3713 603 3775; x_wconf 79' lang='lat' dir='ltr'><strong>mirum</strong></span> <span class='ocrx_word' id='word_1_235' title='bbox 621 3711 728 3794; x_wconf 77' lang='lat' dir='ltr'><strong>fecit?</strong></span> 
     </span>
    </p>
   </div>
   <div class='ocr_carea' id='block_1_7' title="bbox 126 3839 1259 4158">
    <p class='ocr_par' dir='ltr' id='par_1_12' title="bbox 126 3839 1259 4158">
     <span class='ocr_line' id='line_1_32' title="bbox 230 3839 1259 3926; baseline -0.004 -20"><span class='ocrx_word' id='word_1_236' title='bbox 230 3841 401 3926; x_wconf 86' lang='lat' dir='ltr'><strong>Reliquum</strong></span> <span class='ocrx_word' id='word_1_237' title='bbox 425 3847 473 3904; x_wconf 82' lang='lat' dir='ltr'><strong>eat</strong></span> <span class='ocrx_word' id='word_1_238' title='bbox 497 3846 533 3905; x_wconf 89' lang='lat' dir='ltr'><strong>ut</strong></span> <span class='ocrx_word' id='word_1_239' title='bbox 548 3862 651 3925; x_wconf 86' lang='lat' dir='ltr'><strong>panea</strong></span> <span class='ocrx_word' id='word_1_240' title='bbox 675 3840 816 3905; x_wconf 87' lang='lat' dir='ltr'><strong>dicamus</strong></span> <span class='ocrx_word' id='word_1_241' title='bbox 840 3839 880 3904; x_wconf 86' lang='lat' dir='ltr'><strong>do</strong></span> <span class='ocrx_word' id='word_1_242' title='bbox 904 3861 930 3901; x_wconf 89' lang='lat' dir='ltr'><strong>v.</strong></span> <span class='ocrx_word' id='word_1_243' title='bbox 950 3839 1013 3906; x_wconf 89' lang='lat' dir='ltr'>Mil.</span> <span class='ocrx_word' id='word_1_244' title='bbox 1031 3844 1083 3922; x_wconf 84' lang='lat'><strong>53,</strong></span> <span class='ocrx_word' id='word_1_245' title='bbox 1106 3841 1194 3904; x_wconf 82' lang='lat' dir='ltr'><strong>euius</strong></span> <span class='ocrx_word' id='word_1_246' title='bbox 1219 3859 1259 3903; x_wconf 86' lang='lat' dir='ltr'><strong>cx</strong></span> 
     </span>
     <span class='ocr_line' id='line_1_33' title="bbox 126 3943 1055 4012; baseline -0.004 0"><span class='ocrx_word' id='word_1_247' title='bbox 126 3948 339 4012; x_wconf 78' lang='lat' dir='ltr'><strong>Ambrosiano</strong></span> <span class='ocrx_word' id='word_1_248' title='bbox 363 3944 443 4010; x_wconf 84' lang='lat' dir='ltr'><strong>haec</strong></span> <span class='ocrx_word' id='word_1_249' title='bbox 466 3944 568 4009; x_wconf 88' lang='lat' dir='ltr'><strong>forma</strong></span> <span class='ocrx_word' id='word_1_250' title='bbox 591 3953 681 4009; x_wconf 82' lang='lat' dir='ltr'><strong><em>erute</em></strong></span> <span class='ocrx_word' id='word_1_251' title='bbox 706 3953 754 4009; x_wconf 88' lang='lat' dir='ltr'><strong><em>est</em></strong></span> <span class='ocrx_word' id='word_1_252' title='bbox 776 3966 795 4008; x_wconf 87' lang='lat' dir='ltr'><strong>o</strong></span> <span class='ocrx_word' id='word_1_253' title='bbox 818 3943 1055 4009; x_wconf 82' lang='lat' dir='ltr'><strong>Studemundo:</strong></span> 
     </span>
     <span class='ocr_line' id='line_1_34' title="bbox 385 4072 1259 4158; baseline -0.003 -19"><span class='ocrx_word' id='word_1_254' title='bbox 385 4073 429 4139; x_wconf 82' lang='lat' dir='ltr'><strong>Ni</strong></span> <span class='ocrx_word' id='word_1_255' title='bbox 455 4073 540 4138; x_wconf 79' lang='lat' dir='ltr'><strong><em>dedeo</em></strong></span> <span class='ocrx_word' id='word_1_256' title='bbox 572 4073 741 4139; x_wconf 78' lang='grc'>33333333</span> <span class='ocrx_word' id='word_1_257' title='bbox 762 4074 871 4158; x_wconf 80' lang='lat' dir='ltr'><strong><em>foret,</em></strong></span> <span class='ocrx_word' id='word_1_258' title='bbox 902 4093 964 4137; x_wconf 87' lang='grc'><strong>333</strong></span> <span class='ocrx_word' id='word_1_259' title='bbox 995 4075 1057 4136; x_wconf 81' lang='lat' dir='ltr'><strong>ictu</strong></span> <span class='ocrx_word' id='word_1_260' title='bbox 1090 4072 1259 4136; x_wconf 82' lang='lat' dir='ltr'><strong><em>occideres.</em></strong></span> 
     </span>
    </p>
   </div>
   <div class='ocr_carea' id='block_1_8' title="bbox 126 4201 1259 4441">
    <p class='ocr_par' dir='ltr' id='par_1_13' title="bbox 126 4201 1259 4441">
     <span class='ocr_line' id='line_1_35' title="bbox 231 4201 1259 4288; baseline -0.008 -17"><span class='ocrx_word' id='word_1_261' title='bbox 231 4207 275 4271; x_wconf 83' lang='lat' dir='ltr'><strong>At</strong></span> <span class='ocrx_word' id='word_1_262' title='bbox 297 4206 434 4271; x_wconf 80' lang='lat' dir='ltr'><strong>Palatini</strong></span> <span class='ocrx_word' id='word_1_263' title='bbox 459 4205 613 4270; x_wconf 81' lang='lat' dir='ltr'><strong><em>occideres</em></strong></span> <span class='ocrx_word' id='word_1_264' title='bbox 636 4203 772 4288; x_wconf 71' lang='lat' dir='ltr'><strong>(oio1B2,</strong></span> <span class='ocrx_word' id='word_1_265' title='bbox 803 4205 953 4269; x_wconf 70' lang='lat' dir='ltr'><strong>occideris</strong></span> <span class='ocrx_word' id='word_1_266' title='bbox 976 4201 1094 4283; x_wconf 83' lang='lat' dir='ltr'>B¹OD)</span> <span class='ocrx_word' id='word_1_267' title='bbox 1126 4202 1259 4265; x_wconf 82' lang='lat' dir='ltr'><strong>formam</strong></span> 
     </span>
     <span class='ocr_line' id='line_1_36' title="bbox 126 4306 1259 4401; baseline -0.006 -26"><span class='ocrx_word' id='word_1_268' title='bbox 126 4312 281 4401; x_wconf 81' lang='lat' dir='ltr'><strong><em>praebent</em></strong></span> <span class='ocrx_word' id='word_1_269' title='bbox 302 4332 415 4396; x_wconf 89' lang='lat' dir='ltr'><strong><em>neque,</em></strong></span> <span class='ocrx_word' id='word_1_270' title='bbox 439 4319 511 4373; x_wconf 81' lang='lat' dir='ltr'><strong>utra</strong></span> <span class='ocrx_word' id='word_1_271' title='bbox 533 4310 630 4375; x_wconf 88' lang='lat' dir='ltr'><strong>lectio</strong></span> <span class='ocrx_word' id='word_1_272' title='bbox 654 4309 865 4393; x_wconf 80' lang='lat' dir='ltr'><strong><em>praeferenda</em></strong></span> <span class='ocrx_word' id='word_1_273' title='bbox 887 4308 936 4387; x_wconf 84' lang='lat' dir='ltr'><strong>sit,</strong></span> <span class='ocrx_word' id='word_1_274' title='bbox 959 4307 1035 4371; x_wconf 81' lang='lat' dir='ltr'><strong>satis</strong></span> <span class='ocrx_word' id='word_1_275' title='bbox 1058 4306 1259 4389; x_wconf 79' lang='lat' dir='ltr'><strong>perspicuum</strong></span> 
     </span>
     <span class='ocr_line' id='line_1_37' title="bbox 1143 4408 1157 4441; baseline 0 0"><span class='ocrx_word' id='word_1_276' title='bbox 1143 4408 1157 4441; x_wconf 76' lang='grc'>*</span> 
     </span>
    </p>
   </div>
   <div class='ocr_carea' id='block_1_9' title="bbox 0 0 1482 4808">
    <p class='ocr_par' dir='ltr' id='par_1_14' title="bbox 0 0 1482 4808">
     <span class='ocr_line' id='line_1_38' title="bbox 0 0 1482 4808; baseline 0 1"><span class='ocrx_word' id='word_1_277' title='bbox 0 0 1482 4808; x_wconf 95' lang='lat' dir='ltr'><strong> </strong></span> 
     </span>
    </p>
   </div>
  </div>
 </body>
</html>
