2948 4808
584 247 796 309 „39-

119 417 164 484 At
187 440 302 504 parum
325 419 438 484 favent
460 418 535 483 huic
558 417 702 503 opinioni
725 417 825 484 verba
846 440 930 504 quae
954 425 1029 484 sunt
1044 419 1078 484 iu
1093 419 1256 505 prioribus

119 521 242 587 decreti
265 504 412 588 versibus
438 515 544 608 [ὅπως
565 514 605 585 dv
628 559 645 568 -
661 559 678 569 -
693 559 709 568 -
732 513 918 608 εί]σ[εβ]ὦς
940 519 1024 609 κα[ί]
1050 559 1066 570 -
1082 560 1098 569 -
1114 560 1130 569 -
1145 560 1161 569 -
1184 513 1252 587 κατ’

119 619 268 692 ἐνιαυτὸν
290 623 381 712 κ[αί
404 624 584 712 τελεσθῇ
606 617 627 713 η
649 625 800 713 πομπὴ
822 623 1255 713 π]αρεσκε[υασμ]ένη

118 723 171 808 ιῦς
199 722 351 815 δίριστα
372 731 418 818 τῇ
437 721 614 817 ’ΛΙθηνᾷ
636 722 726 795 καθ’
752 726 952 818 isoscele
973 724 1043 796 τὸν
1065 727 1256 796 ἐνιαυτὸν

119 829 202 920 ὑπὲρ
225 835 284 902 τοῦ
306 830 413 922 δήμου
435 835 495 901 τοῦ
514 826 717 921 >Αἷθηναίων
739 833 796 901 καί
811 824 929 923 adili-e
945 831 1007 903 ὅσα
1024 835 1075 902 δεῖ
1089 835 1256 924 διοικῆται

119 937 197 1025 περὶ
218 935 278 1028 τὴν
299 935 428 1030 doscella
450 934 509 1029 τὴν
531 932 689 1027 ἀγομένην
710 938 765 1029 alp]
786 942 858 1027 θεῷ
880 941 988 1019 καλῶς
1002 933 1072 1010 ὑπὸ
1089 941 1155 1006 τῶν
1169 936 1255 1026 ispo-

119 1045 226 1112 ποιιῦν
241 1039 289 1124 είς
305 1038 374 1132 [τὸν
390 1036 441 1111 ἀεὶ
456 1038 602 1130 χρόνονῗ,
625 1040 833 1132 δίψηφίσθαι
849 1045 897 1132 τῷ
912 1039 1006 1132 δήμῳ
1027 1069 1056 1112 κ.
1072 1070 1100 1111 τ.
1117 1044 1145 1111 λ.
1168 1045 1255 1111 unde

119 1170 160 1214 ea
181 1169 265 1234 quas
294 1149 328 1216 iu
351 1149 563 1235 sequentibus
586 1149 764 1214 constituta
787 1150 850 1215 sint
873 1150 933 1214 uisi
957 1148 998 1214 ad
1021 1149 1255 1215 Panathenaea

120 1252 293 1339 quotannis
322 1253 524 1319 sollemniter
553 1251 682 1337 agenda
710 1273 774 1318 nen
799 1273 873 1317 esse
902 1253 1086 1319 revocanda
1107 1261 1253 1340 apparet.

205 1357 306 1442 Atqui
335 1357 385 1422 his
416 1357 517 1422 titulis
547 1377 681 1442 prorsus
704 1356 888 1442 oppositum
912 1376 987 1423 esse
1010 1358 1139 1425 videtur
1161 1359 1254 1425 testi-

119 1463 262 1531 mouium
285 1462 372 1548 qued
394 1483 436 1526 ex
452 1462 631 1528 Aristotele
655 1483 691 1527 se
715 1463 895 1548 sumpsisse
921 1463 1083 1529 affirment
1103 1471 1254 1530 auctores

118 1567 313 1635 lonicorum:
341 1561 466 1645 θυσίας
487 1559 547 1644 τὰς
569 1563 783 1649 νομιζομένας
804 1564 992 1633 ἐπιτελοῦσι
1015 1564 1071 1633 καί
1094 1562 1154 1647 τὰς
1175 1591 1254 1635 πεν-

118 1667 312 1758 ταετηρίδας
334 1664 471 1750 ἁπάσας
492 1671 655 1738 διοικοῦσι
677 1666 779 1759 πλὴν
801 1667 1106 1758 Παναθηναίων.
1142 1673 1253 1748 Quae·

118 1777 199 1843 ritur
213 1777 322 1861 igitru,
346 1776 401 1861 qui
417 1775 539 1841 lactum
555 1776 605 1856 sit,
621 1782 658 1840 ut
673 1775 762 1840 aliud
778 1774 916 1840 doceant
931 1776 1111 1843 secundum
1123 1776 1253 1843 Aristo-

117 1882 214 1946 telem
237 1881 358 1961 lexico,
383 1879 471 1945 aliud
494 1880 554 1965 ipsi
578 1879 675 1945 tituli.
721 1879 794 1954 Qua
819 1881 851 1944 in
875 1901 911 1945 rs
934 1880 1055 1946 frustra
1076 1881 1177 1947 fuerit
1200 1883 1254 1968 qui
1292 1948 1298 1964 ,

118 1986 294 2053 coniecerit
316 1986 363 2052 ita
385 1982 554 2071 probanda
576 2005 650 2049 esse
674 1984 852 2050 lexieornm
877 1986 978 2050 verba
1000 1991 1036 2050 ut
1066 1985 1108 2051 ad
1130 1986 1255 2051 meiere

116 2089 349 2155 Panathenaea
370 2088 564 2167 referantur,
588 2087 710 2174 qnippe
734 2108 807 2154 cum
830 2088 907 2156 illas
928 2089 1157 2176 inscriptiones
1180 2110 1252 2155 sae-

118 2193 180 2257 euli
199 2192 305 2280 quarti
325 2210 437 2255 omnes
454 2188 496 2256 ad
513 2189 639 2254 minora
655 2188 889 2258 Panathenaea
912 2197 1071 2277 spectent.
1104 2191 1145 2257 Id
1166 2193 1253 2257 enim

118 2317 190 2361 eum
227 2296 318 2362 casui
353 2294 460 2380 potins
492 2292 701 2360 tribuendum
731 2293 868 2374 videtur,
896 2301 965 2360 tum
988 2295 1070 2361 adeo
1103 2297 1189 2361 inter
1217 2317 1252 2361 se

120 2399 322 2486 seiungenda
342 2421 407 2466 nen
435 2405 511 2466 sunt
532 2399 657 2465 maiora
679 2406 714 2465 et
735 2399 862 2465 minora
884 2421 968 2485 quas
992 2399 1142 2466 dicuntur
1165 2401 1251 2467 Pan-

117 2505 288 2575 athenaea.
323 2503 427 2571 Immo
455 2503 581 2568 maiora
609 2508 839 2588 praeterquam
867 2503 954 2589 qued
984 2505 1096 2589 quinte
1125 2526 1252 2591 quoqne

116 2630 296 2678 annocum
320 2608 534 2676 certaminum
557 2615 718 2697 apparatu
745 2612 843 2694 atque
867 2609 988 2675 maiore
1012 2615 1045 2674 et
1078 2609 1251 2695 splendore

117 2720 150 2779 et
164 2712 407 2800 magnificentia
423 2711 675 2779 celebrabantur
698 2712 739 2776 ab
754 2712 872 2778 annuis
888 2733 952 2778 nen
969 2712 1099 2779 diversa
1114 2714 1251 2800 erant1).

117 2819 191 2894 Qua
212 2818 253 2883 de
274 2839 310 2884 re
326 2823 403 2903 apte
426 2815 579 2883 disseruit
594 2815 831 2883 Mommsenins
854 2816 886 2880 in
909 2817 1046 2883 heortol.
1068 2840 1100 2904 p.
1119 2821 1179 2883 118
1195 2821 1251 2904 qui

118 2922 317 2989 sacrificulos
347 2941 405 2985 suo
436 2941 570 2986 munere
603 2921 702 2985 etiam
733 2920 766 2984 in
788 2921 966 2988 maioribus
993 2923 1095 2988 sacris
1123 2924 1251 2989 functos

117 3048 206 3107 esse,
230 3026 292 3091 scd
316 3024 357 3091 ab
381 3025 460 3110 ipsis
484 3023 778 3110 quinquennalibus
808 3025 1021 3091 sollemnibus
1047 3027 1250 3093 moderandis

117 3131 242 3198 alienos
271 3130 374 3195 fnisse
398 3129 526 3194 statuit:
551 3134 640 3195 certe
664 3129 707 3193 ad
729 3129 908 3195 certamina
926 3151 1011 3215 quae
1039 3131 1100 3195 nisi
1125 3132 1158 3195 in
1181 3152 1249 3197 ma-

117 3236 238 3303 ioribus
270 3255 335 3300 neu
372 3233 623 3301 celebrabantur
651 3253 763 3300 eorum
796 3234 905 3299 officis
938 3255 1003 3299 non
1032 3235 1249 3322 pertinebant.

117 3340 320 3425 Quamquam
350 3338 411 3406 hac
445 3338 679 3424 interpretandi
708 3339 835 3405 ratione
868 3338 1005 3405 offensio
1034 3360 1099 3403 non
1127 3341 1251 3404 tollitur

117 3465 199 3528 quae
223 3445 309 3509 inest
330 3443 362 3508 iu
378 3442 487 3509 verbis
510 3439 566 3507 καί
589 3436 650 3521 τὰς
665 3437 920 3529 πενταετηρίδας
934 3434 1071 3522 ἁπάσας
1086 3442 1250 3509 διοικοῦσι
1296 3528 1298 3531 .

116 3541 201 3636 πλὴν
224 3541 479 3632 Παναθηναίων.

200 3649 362 3736 Equidem
392 3651 503 3716 neseio
528 3671 570 3715 an
593 3651 659 3716 alio
681 3650 777 3716 mode
801 3672 840 3717 ca
862 3651 934 3717 tolli
956 3651 1067 3737 possit.
1113 3648 1250 3716 Constat

117 3757 202 3821 enim
225 3754 326 3820 verba
340 3755 398 3821 illa
413 3753 631 3840 Etymologici
647 3753 691 3821 M.
710 3777 752 3821 ex
768 3755 888 3820 Photie
909 3753 1052 3820 nondum
1068 3755 1102 3819 in
1117 3754 1248 3821 brevius

118 3865 283 3923 contracto
313 3858 509 3942 manasse2).
566 3858 705 3924 Photins
740 3880 819 3924 vero
848 3859 900 3924 vel
934 3859 1005 3924 eius
1039 3859 1249 3944 interpolator

187 4017 206 4077 ¹)
219 4014 374 4066 Mommsen
386 4012 502 4067 heortol.
516 4030 543 4082 p.
555 4012 613 4076 117,
626 4012 800 4067 Scheemann
812 4011 944 4081 antiquit.
958 4012 1003 4067 Gr.
1014 4013 1040 4066 II
1053 4031 1079 4082 p.
1088 4013 1138 4067 471
1149 4013 1213 4067 adn.
1225 4015 1248 4069 1.

185 4105 205 4167 ¹)
225 4102 258 4155 cl.
281 4100 424 4170 Stojentin
448 4100 483 4155 de
506 4099 571 4154 Iulii
594 4101 716 4155 Pollucis
739 4100 770 4154 in
793 4100 869 4170 publ.
894 4100 995 4154 Athen.
1018 4100 1150 4169 antiquit.
1169 4117 1248 4154 enar-

116 4187 210 4241 randis
229 4188 399 4244 aneteritato
418 4207 445 4258 p.
457 4189 492 4242 36
509 4187 573 4242 adn.
587 4189 631 4242 43.
