2956 4822
655 302 747 386 [aas]
1223 306 1265 369 ιο

133 498 185 563 Sic
207 498 238 560 in
268 496 412 561 carminis
434 495 578 560 Isthmici
607 495 708 581 quarti
736 516 766 561 r.
797 499 918 560 10-11
953 496 1110 562 Pindarus
1139 497 1264 562 duabus

134 609 257 667 tautum
280 601 375 665 rebus
398 607 526 685 praeter
549 600 673 665 divitias
696 620 850 665 summam
871 601 962 666 nobie
978 601 1063 666 ritae
1079 600 1264 665 felicitatem

132 706 240 771 afferri
263 706 362 786 canit,
394 705 492 790 siquis
514 705 609 769 rebus
632 705 794 789 praeclare
816 706 913 788 gestis
936 703 1023 786 λόγον
1043 701 1134 769 dcliv
1155 701 1262 792 ἀκούῃ.

132 810 198 874 Ubi
220 831 291 872 oum
316 807 405 891 λόγον
426 805 514 874 ἐσλὸν
536 806 656 873 ἀκουέιν
678 809 888 874 substitutum
917 808 1064 873 rideatur
1092 830 1149 894 pro
1181 806 1263 894 λόγῳ

132 912 217 990 ἐσλὸς
239 914 305 977 sive
333 906 367 976 ai
393 911 527 990 ἀκουίιν,
560 911 648 995 λόγος
678 920 726 978 est
753 915 856 998 ipsum
886 934 1011 977 carmen
1040 919 1171 997 poetae,
1200 933 1263 997 quo

133 1018 284 1083 celebrati
300 1017 427 1081 victoris
442 1017 544 1100 gloria
558 1017 597 1080 ad
614 1019 800 1082 memoriam
814 1019 1097 1102 posteritatemque
1109 1015 1262 1102 proditur.

133 1122 259 1186 Deinde
283 1122 322 1186 ad
339 1122 554 1186 Aeacidarum
569 1122 698 1187 laudem
714 1123 872 1188 transiens
887 1143 1061 1208 numquam
1083 1143 1117 1187 se
1132 1121 1200 1185 sine
1215 1118 1263 1184 his

133 1227 208 1290 viris
231 1225 364 1309 hymnos
393 1227 551 1310 attingere
574 1224 695 1309 (ὕμνων
717 1224 879 1307 pedredan)
901 1228 934 1290 in
965 1246 993 1288 v.
1022 1229 1060 1290 18
1089 1225 1262 1309 praedicat.

132 1330 171 1394 In
193 1351 222 1396 v.
247 1333 287 1395 22
319 1337 425 1393 autem
457 1351 586 1395 carmen
615 1352 700 1394 nora
732 1331 939 1413 insigniturus
965 1330 1180 1415 appellatione
1209 1329 1263 1393 ad·

134 1436 293 1516 hortatur,
323 1441 359 1498 ut
389 1435 534 1517 Aeginae
565 1455 692 1520 quoque
723 1436 917 1518 praedicatio
950 1435 1141 1499 couveniens
1174 1432 1264 1521 ἀοιδᾷ

131 1539 311 1602 misceatur.
356 1538 425 1601 Iam
455 1544 624 1623 postquam
655 1539 686 1603 in
715 1561 746 1603 r.
770 1543 827 1619 24,
859 1540 915 1602 ubi
943 1539 1038 1603 etiam
1060 1536 1158 1601 fortes
1181 1539 1262 1601 inter

130 1643 245 1707 heroas
279 1642 450 1706 bellatores
484 1643 642 1726 poeticam
679 1640 806 1708 laudem
842 1648 1030 1706 consecutos
1070 1662 1139 1705 esse
1176 1640 1261 1724 dicit,

130 1746 263 1811 verbum
287 1744 378 1826 λόγον
399 1746 558 1831 repetivit,
581 1748 613 1810 iu
636 1768 667 1811 r.
692 1750 731 1810 48
760 1768 887 1811 carmen
917 1767 1009 1810 suum
1040 1744 1145 1810 denuo
1168 1745 1262 1809 laude

132 1855 300 1915 ornaturus
332 1852 417 1934 ipsas
447 1851 594 1914 victorias
626 1851 781 1915 mellitum
811 1852 979 1913 καλλίνικον
1006 1848 1113 1932 χάρμα
1145 1869 1261 1934 cupere

130 1955 294 2041 gloriatur.
344 1953 469 2018 Scilicet
502 1956 669 2019 καλλίνικον
701 1953 810 2038 χάρμα
848 1961 897 2019 est
933 1954 1068 2039 hymnus
1104 1953 1262 2018 iucundus

130 2065 226 2143 atque
248 2059 413 2122 victoriam
437 2057 600 2124 decorans.
638 2059 802 2124 Postremo
825 2059 856 2122 iu
874 2081 905 2122 v.
922 2061 962 2123 57
986 2065 1083 2143 poeta
1098 2058 1138 2122 ad
1155 2059 1262 2142 appel·

130 2164 281 2227 lationem
304 2160 398 2242 ὕμνος
420 2163 599 2226 revertitur.
637 2163 751 2247 Itaque
774 2182 911 2244 carmen,
935 2182 998 2246 qno
1022 2162 1153 2226 victoria
1176 2162 1261 2225 eele-

131 2267 256 2349 bratur,
289 2272 439 2351 quattuor
468 2266 598 2332 dirersis
631 2267 792 2331 vocabulis
823 2266 1000 2350 insignivit:
1036 2287 1066 2331 v.
1091 2268 1127 2329 11
1162 2263 1260 2346 λόγον,

130 2392 160 2435 v.
187 2373 225 2434 18
247 2369 354 2450 ὕμνον,
376 2392 407 2436 v.
432 2373 473 2435 22
496 2370 608 2450 ἀοιδάν,
630 2392 660 2436 V.
683 2375 725 2435 48
747 2371 915 2436 καλλίνικον
933 2370 1050 2454 χάρμα.
1089 2372 1260 2434 Praeterea

129 2477 162 2539 in
193 2476 337 2540 carminis
371 2476 530 2561 Olympici
564 2477 654 2561 primi
686 2497 713 2540 v.
749 2478 809 2540 102
843 2475 1061 2540 coronandum
1095 2474 1156 2539 sibi
1190 2495 1259 2539 esee

130 2578 306 2644 Hieronem
339 2581 477 2667 equestri
512 2581 607 2646 modo
644 2581 782 2664 Αἰαληλλλι
816 2586 919 2670 μολπᾷ
950 2581 1051 2659 oanit3
1087 2599 1259 2664 numquam

130 2684 213 2748 enim
236 2683 305 2746 fore
330 2681 419 2747 addit
447 2683 479 2746 in
502 2705 532 2748 v.
558 2685 628 2764 105,
660 2691 695 2747 ut
727 2683 884 2768 hospitem
916 2681 1123 2747 honestarum
1153 2702 1258 2745 rerum

129 2786 311 2872 peritiorem
334 2795 366 2851 et
387 2789 531 2872 potentia
553 2788 816 2872 praestantiorem
843 2793 979 2850 κλυταῖσι
1001 2784 1106 2866 ὓμνων
1128 2792 1260 2868 πτυχαῖς

129 2891 258 2967 (inclitis
290 2891 478 2975 hymnorum
509 2891 662 2972 flexibus)
696 2897 839 2955 exornet.
884 2890 951 2954 Iam
981 2891 1013 2954 in
1041 2913 1072 2956 v.
1098 2892 1158 2954 110
1191 2887 1259 2966 idda

129 2993 236 3076 λόγοιν,
269 3015 365 3079 quam
396 3016 480 3059 nova
512 3002 544 3059 et
575 2996 675 3059 curuli
706 2995 837 3059 victoria
867 2996 907 3059 ab
930 2995 1072 3059 Hierone
1102 3002 1195 3079 parta
1224 3016 1258 3060 se

130 3107 329 3184 reperturum
352 3119 422 3163 esse
444 3105 566 3181 sperat,
599 3099 730 3162 materia
763 3100 836 3165 novi
866 3099 1012 3163 carminis
1043 3097 1258 3184 intellegenda

129 3211 186 3284 eet,
203 3224 297 3288 quam
314 3204 392 3268 haec
407 3204 476 3288 ipsa
488 3202 620 3267 victoria
637 3203 665 3267 ei
681 3204 864 3287 praebitura
880 3209 957 3268 erat.
982 3201 1089 3287 Atque
1105 3203 1137 3265 in
1149 3224 1180 3268 u.
1196 3205 1256 3267 112

129 3314 227 3392 poeta
260 3327 385 3372 carmen
417 3329 508 3371 suum
535 3329 608 3372 oum
637 3308 699 3372 telo
732 3315 910 3392 comparat,
942 3327 1011 3371 cum
1041 3307 1167 3372 Musam
1197 3307 1258 3371 sibi

129 3410 356 3493 καρτερώτατον
385 3409 473 3492 βέλος
504 3413 589 3476 alere
620 3412 788 3498 praedicet.
845 3411 908 3475 Hic
939 3411 1036 3495 igitur
1067 3432 1192 3476 carmen
1224 3413 1256 3474 in

128 3537 158 3580 v.
184 3517 245 3579 102
267 3514 379 3592 μολπά,
404 3537 431 3582 v.
459 3518 518 3583 105
542 3514 644 3595 d'yrrog,
668 3539 697 3582 u.
720 3519 781 3581 110
804 3514 896 3598 λόχοι,
918 3536 946 3579 v,
967 3518 1026 3579 112
1048 3513 1136 3599 βέλος
1158 3516 1256 3581 uomi-

128 3627 238 3684 uatum
261 3626 318 3685 est.

229 3724 289 3789 Illa
312 3730 418 3789 autem
441 3727 587 3791 carminis
610 3747 680 3791 cum
703 3727 767 3791 telo
791 3724 995 3812 comparatio,
1020 3746 1102 3810 quae
1125 3724 1256 3789 aiacili·

128 3836 192 3893 tate
216 3830 452 3914 celeritateque,
475 3851 611 3915 quacum
642 3836 736 3915 poeta
768 3838 804 3894 ut
834 3830 981 3916 sagittam
1014 3829 1055 3893 ab
1086 3850 1178 3909 arcu,
1211 3829 1256 3892 ita

126 3953 240 4017 poema
263 3956 303 3997 ex
326 3940 432 3999 mente
459 3956 517 3998 sua
548 3934 588 3998 ad
622 3941 739 3999 certam
772 3935 928 4019 quandam
960 3942 1078 3998 metam
1110 3934 1254 3997 emittere

126 4043 240 4122 potest,
263 4039 399 4122 repetita
422 4038 554 4118 ridetur,
577 4040 608 4102 iu
631 4040 768 4104 carmine
785 4039 954 4124 Olympico
970 4059 1054 4102 nono
1073 4038 1255 4122 diligentius

125 4140 283 4205 illustrata
303 4147 361 4207 est.
407 4141 535 4207 Etenim
558 4163 630 4208 cum
651 4140 688 4206 τὸ
711 4142 895 4226 Ἀρχιλόχου
909 4142 1000 4224 μέλος
1019 4144 1061 4224 (r.
1080 4141 1114 4226 1)
1130 4142 1255 4207 nonnisi

127 4252 204 4325 turn,
223 4267 294 4311 eum
310 4247 410 4311 victor
426 4246 594 4332 Olympiae
609 4248 863 4312 comissatiouem
879 4246 1059 4329 celebravit,
1082 4246 1253 4329 suffecerit,

128 4370 211 4418 nuuc
234 4371 307 4416 vero
331 4351 483 4436 ampliore
505 4351 601 4416 laude
624 4353 736 4418 victori
759 4373 838 4437 opus
867 4352 925 4435 sit,
956 4352 986 4416 iu
1017 4373 1046 4416 v.
1070 4358 1090 4419 5
1113 4357 1144 4417 et
1165 4372 1252 4440 seqq.
