2956 4822
190 288 208 350 a
716 278 804 364 [244]

191 476 340 547 carmina,
363 496 446 561 quae
464 474 495 537 in
512 473 656 538 codicum
672 480 764 558 parte
781 473 973 556 continuata,
994 473 1025 536 in
1041 474 1152 538 ceteris
1168 473 1327 561 dirempta

190 584 272 661 sunt,
296 580 328 643 in
354 600 453 643 uuum
477 577 720 642 coniunxerunt.

296 680 376 745 (lum
396 680 466 762 hac,
490 701 573 765 quae
589 680 672 743 inter
688 679 799 763 poesin
816 679 937 763 epicam
954 690 986 744 et
1002 681 1134 767 lyricam
1150 682 1331 765 intercedit,

190 786 368 850 differentia
397 785 504 848 nescio
535 805 575 848 an
610 792 678 847 arte
709 783 877 847 coniuncta
908 784 947 847 sit
977 785 1076 850 altera
1102 784 1190 882 haep.
1246 785 1331 851 Nam

190 911 253 956 uon
274 889 378 954 solum
395 897 540 969 matrum,
556 888 610 950 sed
629 887 725 951 etiam
741 886 910 952 verborum
926 887 1083 953 delectum
1098 890 1123 953 si
1139 896 1331 974 spectamus,

191 995 280 1080 epica
303 995 424 1070 oratio,
456 1014 529 1057 cum
559 990 786 1076 aequabilitate
819 991 956 1075 quadam
979 993 1074 1072 fluat,
1103 993 1274 1079 simplicior
1298 1003 1332 1060 et

192 1097 342 1163 humilior
366 1095 602 1183 quodammodo
625 1116 693 1160 esse
713 1095 838 1159 videtur
861 1116 955 1181 quarn
972 1097 1065 1162 elatio
1081 1104 1177 1182 atque
1193 1097 1329 1164 altitudo

190 1202 366 1286 lyricorum
405 1200 587 1264 carminum.
648 1198 731 1263 Sane
775 1200 899 1264 etiarnsi
934 1202 975 1264 ab
1013 1199 1074 1265 illis
1118 1202 1331 1286 complurium

191 1326 343 1370 versuum
364 1302 608 1388 repetitionibus
625 1303 803 1386 recesseris,
827 1324 908 1388 quae
924 1324 944 1366 a
960 1304 1186 1388 posterioribus
1203 1305 1331 1369 demum

191 1409 294 1494 poetis
333 1408 456 1493 graecis
494 1407 596 1473 veteri
632 1406 726 1470 Iliadi
766 1416 798 1470 et
837 1405 1002 1491 Odysseae
1049 1408 1193 1474 adiectae
1239 1416 1330 1474 sunt:

191 1533 327 1597 magnus
373 1519 471 1576 restat
516 1532 666 1576 numerus
712 1517 870 1574 certarum
917 1519 949 1575 et
994 1513 1083 1597 quasi
1129 1513 1330 1577 sollemnium

191 1617 444 1703 appellationum
469 1626 500 1679 et
523 1615 730 1698 locutionum,
754 1635 837 1701 quae
852 1615 884 1678 in
899 1614 960 1679 illis
976 1618 1134 1701 poematis
1149 1618 1330 1683 sexcenties

191 1721 350 1806 repetitae
373 1724 457 1785 sunt.
502 1718 583 1784 Nam
607 1741 679 1783 cum
702 1728 839 1782 metrum
861 1739 970 1784 versus
1002 1720 1090 1784 heroi
1122 1717 1201 1783 sarri
1224 1722 1330 1805 στίχον

194 1824 340 1911 usurpati
365 1832 520 1910 posceret,
544 1830 579 1887 ut
601 1830 656 1887 aut
679 1823 823 1906 singulae
846 1823 988 1907 syllabae
1014 1822 1129 1908 longae
1153 1844 1223 1888 cum
1248 1825 1330 1889 binis

192 1929 349 1995 brevibus
373 1934 429 1991 aut
451 1927 546 1992 binae
570 1927 713 2012 syllabae
736 1926 852 2012 longao
874 1927 907 1990 in
931 1948 1027 1990 unum
1058 1927 1172 2012 pedem
1200 1928 1331 2013 collige-

191 2040 312 2114 rentur,
336 2031 396 2096 hac
419 2038 505 2095 certa
527 2032 600 2116 lege
624 2032 703 2116 epici
728 2037 844 2115 poetae
867 2030 959 2096 facile
983 2031 1103 2095 inducti
1125 2039 1208 2115 sunt,
1232 2039 1268 2095 ut
1289 2032 1328 2095 ad

194 2158 232 2202 ea
255 2136 453 2223 potissimum
477 2135 632 2199 vocabula
658 2134 949 2220 vocabulorumque
973 2135 1221 2218 coniunctiones,
1246 2157 1329 2221 quac

191 2243 222 2307 iu
249 2261 375 2307 versum
399 2239 530 2302 heroum
555 2250 630 2323 apte
654 2239 818 2322 cuderent,
848 2241 961 2303 iterum
986 2240 1165 2324 iterumque
1187 2260 1329 2304 recurre-

192 2353 266 2412 rent
289 2353 386 2429 atque
402 2345 564 2427 ingentem
580 2343 667 2405 illam
684 2343 806 2427 copiam
829 2349 1065 2428 perpetuorum,
1089 2364 1170 2426 quae
1187 2344 1331 2424 dicimus,

195 2436 413 2536 epithetorum
426 2455 641 2533 procrearent,
666 2447 781 2532 quibus
797 2446 886 2531 epics
906 2447 1006 2510 oratio
1022 2446 1180 2527 abundat,
1215 2447 1331 2532 ltaque

195 2560 312 2640 poetae
337 2551 417 2636 epici
442 2550 535 2615 deum
562 2550 612 2615 vsl
635 2551 795 2616 homiuem
819 2550 870 2615 rel
893 2573 959 2615 rem
982 2553 1045 2614 iam
1068 2572 1165 2633 supra
1189 2551 1229 2614 ab
1253 2551 1330 2635 ipsis

197 2658 392 2724 nominatam
416 2654 520 2719 denuo
545 2655 823 2718 commemoraturi
845 2655 945 2719 isdem
969 2657 1035 2719 fere
1051 2655 1213 2719 vocabulis
1236 2655 1332 2739 signi·

196 2762 292 2826 ficare
321 2761 435 2823 solent.
480 2758 525 2822 Ut
555 2780 596 2822 ex
625 2758 801 2841 sexcentis,
832 2779 914 2845 quse
947 2759 979 2821 in
1010 2759 1142 2824 Homeri
1173 2760 1332 2844 poematis

196 2865 408 2950 reperiuntur,
420 2862 573 2947 exemplis
582 2882 684 2925 uuum
694 2861 868 2926 alterumve
880 2864 1053 2948 proferam,
1065 2861 1126 2927 Od.
1138 2863 1152 2925 l
1166 2883 1193 2926 ν.
1203 2865 1330 2927 68-77

196 2968 366 3056 Neptunus
383 2977 496 3052 quater
513 2966 623 3030 eodem
640 2968 767 3030 nonrine
786 2965 964 3029 Ποσειδάων
979 2967 1160 3052 appellatus
1178 2975 1236 3047 est,
1260 2987 1331 3029 cum

198 3072 258 3138 Od.
268 3071 319 3136 lx
331 3094 361 3136 v.
370 3073 540 3136 345—364
552 3069 701 3156 Cyclopis
713 3092 827 3135 nomen
842 3079 953 3155 quater
966 3080 997 3135 et
1009 3070 1069 3135 Od.
1080 3069 1113 3133 X
1123 3091 1151 3133 a.
1161 3072 1332 3134 era-295

198 3174 304 3240 Circes
317 3196 433 3240 nomen
448 3175 615 3259 quinquies
627 3175 796 3259 repetitum
810 3174 861 3240 sit.
887 3175 954 3237 lam
966 3194 1039 3238 vero
1053 3174 1091 3239 Il.
1102 3174 1154 3238 ΙΙΙ
1164 3196 1194 3240 v.
1206 3177 1244 3238 16
1256 3212 1280 3220 -
1289 3179 1330 3241 37

198 3278 288 3343 Paris
319 3286 430 3363 quater
453 3273 656 3358 Ἀλέξανδρος
683 3278 822 3361 θεοειδής
852 3278 955 3341 dictus
986 3287 1048 3359 est,
1079 3280 1122 3341 ita
1153 3288 1188 3341 ut
1218 3278 1332 3343 eodem

197 3402 323 3466 semper
346 3382 488 3467 epitheto
509 3382 654 3465 apposito
675 3382 834 3461 paratoria
850 3391 1015 3464 augeatur.
1056 3381 1126 3455 Qua
1143 3382 1333 3466 repetitione

198 3486 370 3551 eorundem
392 3485 553 3549 nominum
578 3508 618 3550 no
646 3485 787 3550 taedium
810 3487 1014 3551 audientibus
1037 3494 1218 3568 moverent,
1242 3487 1332 3548 veriti

199 3590 220 3653 ii
243 3594 359 3673 poetae
382 3589 482 3675 lyrici,
497 3574 559 3674 ¹qui
583 3591 722 3653 carmina
745 3591 933 3675 politissima
961 3598 1031 3679 arte
1052 3589 1268 3674 perficiebant,
1291 3589 1331 3652 ad

198 3693 230 3757 id
269 3694 435 3757 artificium
470 3692 618 3757 videntur
657 3695 854 3778 confugisse,
893 3702 928 3758 ut
965 3694 1096 3758 deorum
1135 3693 1332 3777 heroumque

199 3798 326 3862 uomina
350 3798 499 3882 epithetis
525 3798 817 3862 circumscriberent
840 3808 936 3885 atque
956 3798 1017 3862 alia
1033 3818 1159 3882 qnoque
1177 3796 1333 3860 vocabula

198 3922 261 3965 nou
303 3922 375 3966 raro
418 3901 674 3965 artificiosissime
712 3904 881 3967 variarent.
948 3902 1042 3966 Certe
1083 3902 1164 3964 enim
1203 3899 1332 3963 Pindari

200 4005 340 4068 carmina
363 4011 451 4068 tanta
474 4005 725 4089 appellationum
749 4006 894 4071 ubertate
918 4014 950 4071 et
973 4006 1130 4069 variarum
1154 4005 1333 4068 translatio·

198 4127 275 4172 num
299 4109 391 4192 copia
414 4108 588 4189 abundant,
612 4119 648 4172 ut
670 4109 728 4173 nisi
754 4111 815 4174 hoc
838 4110 966 4174 nomina
984 4109 1126 4174 variandi
1149 4108 1254 4172 studio
1280 4110 1331 4172 vix

201 4211 342 4297 expediri
359 4213 470 4295 possit.
504 4210 602 4275 Cuius
618 4215 677 4276 arti
695 4223 863 4298 postquam
877 4212 1110 4296 Studemundo,
1128 4217 1334 4297 praeceptore

199 4335 268 4379 meo
291 4315 471 4398 carissimo,
495 4316 649 4379 suadente
674 4329 704 4380 et
729 4317 911 4403 impellente
944 4339 1001 4402 per
1030 4317 1155 4400 longius
1187 4316 1333 4403 temporis
