2956 4822
228 281 269 344 32
749 280 839 366 [aro]

228 473 349 539 IOVIS
378 473 510 537 deorum
540 473 689 557 principis
718 475 911 538 mentionem
939 474 1030 553 iacit,
1061 479 1129 543 sine
1153 480 1360 548 haesitatione

228 577 313 643 idem
348 598 463 642 nomen
497 578 624 661 saepius
658 579 782 662 repetit.
836 578 920 643 Sane
955 580 985 643 in
1020 583 1157 646 carmine
1192 583 1360 672 Olympico

231 682 355 746 decimo
378 681 523 765 Iuppiter
554 688 585 743 et
615 683 643 744 in
676 703 706 745 v.
731 688 749 745 4
779 688 811 746 et
839 683 870 746 in
900 702 928 746 ν.
953 686 993 747 24
1023 692 1055 749 et
1083 686 1113 749 in
1146 706 1173 752 v.
1198 692 1239 752 44
1272 699 1305 755 et
1328 693 1359 755 in

228 808 256 848 v.
271 788 309 849 81
337 795 368 848 et
392 786 422 847 in
441 805 467 846 v.
484 787 524 848 96
541 786 668 848 nomine
686 784 763 862 Διός
785 786 965 871 appellatur
981 789 1068 851 nulla
1085 790 1360 860 circumlocutione

227 890 425 974 interposito.
478 889 542 952 Per
573 889 653 953 banc
683 889 810 970 quidem
841 889 933 955 odam
964 902 1077 975 poeta,
1107 894 1291 979 priusquam
1321 899 1360 963 ad

228 992 361 1058 eandem
395 994 641 1078 appellationem
674 1002 869 1076 recurreret,
907 1016 1034 1080 semper
1068 1000 1141 1062 novi
1175 1003 1357 1086 systematis

227 1096 353 1162 initium
368 1096 459 1175 iecit;
483 1117 594 1160 verum
610 1098 640 1160 in
658 1098 795 1161 carmine
814 1096 978 1163 Nemeaeo
994 1101 1106 1184 altero,
1126 1102 1180 1165 ubi
1197 1110 1229 1167 et
1245 1106 1275 1168 in
1294 1127 1323 1171 v.
1341 1109 1359 1170 3

228 1210 260 1266 et
281 1202 311 1264 in
336 1221 364 1263 v.
389 1203 407 1263 5
432 1207 465 1262 et
488 1200 518 1261 iu
545 1221 575 1264 v.
600 1200 779 1282 allegitur
804 1199 893 1282 Διός,
925 1203 1027 1287 primo
1058 1204 1126 1269 loco
1157 1207 1240 1272 intra
1265 1230 1359 1274 unam
1437 1252 1441 1266 ι

226 1304 424 1388 eandemque
464 1304 627 1388 stropham
665 1302 749 1366 idem
783 1326 898 1369 nomen
934 1309 1103 1390 repetitum
1137 1316 1195 1375 est.
1254 1313 1358 1395 Adde,

228 1407 313 1494 quod
336 1408 367 1471 in
391 1407 537 1473 carminis
562 1407 718 1492 Olympici
740 1409 870 1472 alterius
896 1410 1037 1474 versibus
1061 1415 1089 1493 3,
1111 1413 1161 1480 58,
1179 1418 1229 1496 70,
1249 1419 1300 1498 76,
1317 1421 1357 1483 88

227 1513 401 1598 appellatio
418 1509 491 1587 Διός
507 1517 623 1589 exstat,
646 1533 717 1575 cum
733 1512 860 1577 nomine
876 1512 977 1596 Ζηνός
992 1514 1022 1577 in
1040 1517 1184 1582 carminis
1203 1518 1359 1607 Olympici

230 1617 313 1681 tertii
337 1615 449 1679 decimi
474 1635 503 1680 v.
529 1618 568 1678 74
593 1624 676 1679 etr.
700 1614 742 1680 88
772 1623 868 1701 poeta
897 1617 980 1681 intra
1008 1619 1091 1683 idem
1120 1631 1262 1707 systema
1285 1647 1361 1690 usus

225 1721 275 1785 sit.
315 1720 418 1783 Multa
441 1730 571 1804 possunt
591 1721 772 1782 coacervari
791 1742 831 1783 ex
851 1720 980 1784 Pindari
1000 1724 1190 1790 carminibus
1210 1730 1358 1813 exempla

229 1822 371 1888 eiusdem
393 1823 608 1909 repetitionis;
638 1844 710 1887 nam
743 1825 773 1887 iu
802 1824 947 1888 omnibus
979 1825 1046 1890 lere
1075 1831 1173 1894 semel
1206 1831 1361 1897 iterumve

227 1931 310 1994 Iovis
327 1928 443 1992 mentio
459 1929 543 1991 lacta
559 1934 616 1991 est.
649 1927 709 1991 Sed
726 1927 766 1991 ob
784 1927 814 1990 id
828 1928 942 2013 ipsum,
958 1931 1030 2015 quia
1043 1930 1188 2017 Iuppiter
1200 1935 1358 2000 laudando

229 2044 293 2098 tam
317 2052 413 2116 saepe
435 2031 609 2111 extollitur,
632 2031 791 2095 Pindarus
814 2033 994 2115 neglexisse
1011 2034 1135 2099 videtur
1151 2059 1263 2102 nomen
1282 2042 1359 2122 cius,

227 2138 309 2224 quod
332 2137 517 2220 praesertim
542 2135 733 2220 aprioribus
756 2137 860 2219 poetis
880 2137 942 2199 iam
960 2137 1085 2203 abunde
1103 2149 1186 2205 esset
1203 2152 1359 2227 ornatum,

229 2243 317 2305 novis
341 2261 465 2325 semper
488 2240 742 2326 circumscribere
766 2240 915 2305 artificiis.
939 2241 1083 2319 Accedit,
1107 2243 1189 2327 quod
1215 2247 1359 2329 repetitio

230 2345 314 2412 lovis
337 2345 486 2423 nominis,
510 2364 580 2406 cum
604 2343 859 2428 monosyllabum
882 2347 923 2408 sit
946 2352 1002 2409 aut
1027 2345 1231 2429 trisyllabum,
1262 2350 1359 2415 multo

227 2452 330 2513 minus
362 2447 493 2512 molesta
525 2454 573 2512 est
604 2468 698 2532 quam
729 2446 906 2530 longiorum
938 2449 1180 2530 vocabulorum,
1213 2461 1244 2515 et
1274 2454 1357 2538 quod

226 2557 306 2618 tales
322 2553 455 2616 duarum
475 2552 615 2614 brevium
631 2550 827 2635 syllabarum
843 2553 1089 2631 coniunctiones,
1105 2554 1213 2636 quales
1230 2564 1358 2620 exstant

226 2659 257 2721 in
281 2658 390 2721 formis
414 2653 496 2731 Διός,
522 2659 583 2730 Au',
608 2657 679 2731 Δία,
703 2657 732 2718 in
758 2655 892 2741 plurima
912 2664 1013 2721 metra
1028 2659 1189 2741 aptissime
1210 2660 1357 2725 cadunt.¹

226 2762 348 2825 Verum
380 2761 433 2824 ubi
466 2760 561 2823 deum
597 2762 697 2844 ipsum
729 2759 874 2843 precibus
907 2760 1093 2844 aggreditur
1125 2761 1283 2826 Pindarus
1317 2764 1356 2827 ad

226 2866 365 2929 animum
389 2864 456 2928 eius
479 2862 682 2944 movendum,
706 2871 761 2925 aut
784 2863 937 2948 ampliore
960 2864 1059 2927 utitur
1082 2865 1358 2931 circumlocutione

227 2980 282 3032 aut
312 2969 459 3032 vocativo
492 2971 557 3030 Ζεῦ
590 2989 698 3030 vocem
732 2966 828 3048 πάτερ
860 2967 958 3032 addit.
1012 2968 1062 3031 Ita
1095 2969 1207 3033 Iovem
1240 2971 1358 3035 affatur

226 3073 278 3138 Ol.
311 3072 344 3135 ΙΙ
376 3074 415 3135 12
448 3064 472 3132 nl
505 3068 616 3150 Κρόνιε
649 3077 705 3131 παῖ
723 3068 828 3146 Ῥἕαςς
861 3070 910 3134 Ol.
942 3070 987 3135 IV
1016 3075 1027 3134 l
1065 3070 1177 3154 ἐλατὴρ
1208 3072 1357 3152 ὑπέρτατε

225 3180 354 3257 βροντᾶς
376 3172 622 3252 ἀκαμαντόποδος
645 3175 720 3250 Ζεῦ,
750 3193 777 3235 V.
801 3175 820 3237 6
844 3167 868 3234 ol
895 3172 1016 3253 Κρόνου
1049 3183 1120 3250 παῖς
1152 3175 1202 3240 Ol.
1227 3176 1293 3241 VII
1318 3180 1356 3241 87

226 3274 250 3343 cl
268 3283 333 3342 Ζεῦ
355 3276 470 3355 accep,
493 3277 542 3341 Ol.
559 3275 641 3341 Xlll
659 3279 785 3340 23-25
810 3275 900 3341 iinar’
922 3273 995 3357 εῦρῦ
1019 3275 1161 3342 circionum
1180 3278 1358 3359 Ὀλυμπίας,

225 3387 291 3447 Ζεῦ
312 3380 418 3462 nu'rcp,
447 3401 476 3446 v.
502 3384 563 3444 110
592 3384 656 3443 Ζεῦ
666 3407 674 3455 ;
705 3381 904 3466 Pyth.129
933 3386 1007 3458 Ζεῦ,
1038 3403 1066 3446 v.
1090 3384 1129 3445 bl
1161 3386 1226 3446 Ζεῦ
1257 3385 1358 3461 τέλειε,

225 3507 255 3552 v.
280 3490 316 3551 ll
344 3486 501 3568 Κρονίεινν;
525 3485 616 3550 Nem.
638 3485 744 3549 11128
770 3486 918 3567 Κρονίων,
944 3510 972 3551 v.
990 3490 1027 3550 31
1053 3489 1118 3550 Ζεῦ
1140 3484 1245 3568 πάτερ,
1271 3508 1298 3554 ν,
1318 3491 1358 3552 53

226 3574 291 3655 Ζεῦ
314 3590 427 3673 odrae,
449 3589 543 3654 Nem.
566 3589 655 3653 X29
678 3592 743 3653 Ζεῦ
765 3587 872 3669 πάτερ,
895 3612 922 3654 v.
942 3593 981 3654 lb
1005 3589 1099 3671 πάτερ
1128 3592 1274 3670 llpovr'mr.
1320 3591 1357 3654 In

227 3718 291 3760 uno
304 3698 442 3761 carmine
456 3694 618 3759 Nemeaeo
632 3696 722 3758 tertio
735 3695 845 3758 Iovem
860 3697 890 3758 in
905 3718 933 3758 r.
946 3698 986 3758 65
1000 3697 1131 3779 simplici
1144 3697 1357 3781 appellatione

226 3803 291 3863 Ζεῦ
312 3800 457 3878 invocat,
490 3819 560 3861 cum
583 3799 613 3861 in
640 3798 878 3883 Olympicorum
904 3799 1040 3861 carmine
1063 3799 1155 3862 tertio
1179 3798 1302 3863 decimo
1326 3810 1357 3864 et

329 4081 337 4114 ¹
356 4079 412 4131 Iam
427 4081 561 4130 vetustum
576 4075 643 4128 illud
659 4074 925 4143 carmcuSclinuntc
939 4077 965 4127 in
978 4075 1115 4142 Apollinis
1129 4075 1230 4141 templo
1244 4075 1357 4126 incisum

224 4164 273 4231 (cl.
293 4167 356 4218 Otto
378 4164 533 4229 ssenndors,
558 4161 617 4215 ‘Die
636 4162 765 4229 Metopon
791 4179 843 4214 von
864 4160 1003 4227 Selinuut',
1029 4179 1091 4229 pag.
1116 4163 1149 4214 a?
1170 4162 1274 4225 0134),
1299 4178 1358 4213 cum

224 4261 375 4303 ceterorum
395 4251 506 4302 deorum
533 4249 713 4315 complurium
739 4250 849 4300 nomina
875 4249 1002 4314 epithetis
1027 4249 1232 4315 circumscripta
1251 4248 1358 4311 habeat,

225 4337 316 4390 lovem
338 4338 379 4390 bis
397 4337 491 4390 cadom
511 4336 697 4404 appellatione
717 4341 767 4390 Δία
786 4341 871 4388 uocat.
