2954 4816
294 1488 346 1551 Ab
388 1487 676 1551 iureconsultcrum
727 1486 944 1551 Romanorum
992 1487 1116 1572 seriptis
1169 1488 1326 1573 philologi

190 1592 341 1657 Germani
363 1591 470 1657 nescio
496 1612 561 1672 qua
584 1591 733 1656 commoti
758 1612 855 1654 eausa
878 1597 1001 1654 tantum
1029 1612 1095 1656 non
1118 1612 1228 1657 omnes
1251 1615 1323 1660 sese

188 1695 411 1776 abstinuerint,
444 1716 503 1760 noc
536 1700 663 1781 praeter
687 1693 878 1758 Carolum
908 1695 1224 1778 Lachmannum,
1255 1696 1325 1761 Io·

188 1818 326 1864 aunem
352 1796 597 1880 Vahleuum,
621 1797 888 1883 Rudolphum
913 1798 1187 1879 Schoellium,
1217 1807 1249 1864 et
1271 1801 1324 1885 qui

188 1900 382 1965 difficiliores
405 1901 607 1986 quaestiones
630 1899 672 1965 ad
688 1901 921 1965 iureconsultos
936 1901 1101 1967 Romanos
1125 1903 1324 1987 pertinentes

190 2011 406 2097 tractaverunt
435 2003 696 2070 Theodorum
720 2004 1009 2070 Mommsennm
1039 2000 1135 2090 atq'ue
1157 2004 1324 2071 Guilel-

189 2130 290 2172 mum
324 2106 651 2173 Studemundum
686 2109 758 2173 novi
789 2108 843 2195 qui
871 2108 903 2173 in
934 2115 1026 2193 parte
1056 2109 1111 2173 illa
1144 2110 1323 2174 litterarum

188 2211 404 2277 Romanarum
427 2211 521 2275 foede
544 2211 690 2294 neglecta
705 2213 912 2296 grammatica
926 2212 1034 2276 studia
1056 2212 1230 2296 posuerint.
1266 2214 1324 2277 At-

189 2315 242 2399 qui
264 2315 466 2400 philologieis
490 2334 571 2399 quac
586 2312 653 2378 κατ’
670 2313 782 2398 ἔξοχήν
804 2315 952 2379 dicuntur
968 2314 1081 2379 studiis
1097 2316 1193 2399 vulgo
1219 2317 1324 2381 omnia

189 2440 227 2484 ea
256 2418 519 2499 adnumerantur,
559 2440 641 2504 quaa
672 2418 712 2483 ad
743 2420 887 2502 singulas
917 2425 1001 2485 artes
1031 2425 1064 2483 et
1092 2418 1272 2505 disciplinas
1304 2442 1322 2484 a

190 2523 321 2588 Graecis
345 2529 376 2586 et
399 2522 553 2587 Romanis
576 2521 678 2587 cultas
700 2529 856 2607 spectant,
880 2523 979 2588 veluti
995 2521 1035 2585 ad
1056 2523 1324 2605 mathematicam,

189 2625 442 2706 astronomicam,
466 2626 628 2708 musicam,
653 2627 828 2711 physicam,
842 2626 1109 2711 mineralogioam,
1129 2625 1322 2704 botanicam,

188 2731 400 2817 zoologicam,
429 2730 618 2796 medicinam
642 2738 713 2812 cte,
744 2750 936 2815 quamquam
960 2730 1099 2794 Romani
1129 2730 1161 2793 in
1185 2729 1234 2794 his
1260 2728 1323 2794 dis-

189 2834 311 2921 ciplinis
339 2835 484 2899 omnihus
514 2855 627 2919 parum
652 2833 874 2918 profecerunt,
904 2854 968 2898 non
998 2832 1249 2899 adnumerantur
1271 2833 1323 2897 vel

188 2938 243 3001 vix
280 2937 529 3003 adnumerantur
565 2937 671 3002 studia
707 2938 739 3001 in
776 2937 1066 3003 iureconsultorum
1103 2936 1322 3002 Romanorum

188 3041 275 3107 libris
297 3043 462 3107 collocata.
508 3043 660 3107 Attamen
690 3050 814 3107 constat
844 3041 976 3106 noviciis
1005 3042 1132 3128 populis
1163 3039 1324 3125 proluisse

188 3146 340 3231 populum
364 3145 546 3210 Romanum
576 3165 648 3210 cum
678 3145 747 3209 aliis
777 3146 871 3210 rchus
903 3153 971 3210 tum
994 3145 1094 3209 tribus
1123 3144 1322 3229 potissimum

190 3251 254 3314 his:
277 3251 425 3335 exemplo
448 3270 555 3314 rerum
584 3270 604 3314 a
634 3250 755 3334 populo
778 3249 922 3314 Romano
953 3255 1118 3331 gestarum
1141 3254 1172 3312 et
1198 3247 1322 3312 iustitu-

189 3355 310 3419 tiouum
334 3354 380 3416 roi
401 3353 558 3437 publicae,
581 3354 657 3418 iuris
673 3354 804 3418 scientia
827 3375 846 3417 a
866 3351 1153 3438 iurisprudentihus
1168 3352 1322 3417 Romanis

189 3465 335 3543 promota
358 3464 455 3542 atque
479 3465 635 3536 enarrata,
659 3457 856 3522 Graecorum
884 3456 1002 3541 ingenii
1032 3455 1187 3520 fructibus
1209 3454 1324 3521 Latina
1357 3516 1360 3520 Α

189 3582 225 3625 ac
247 3561 389 3626 faciliore
412 3559 452 3624 ad
475 3560 727 3644 intellegendum
751 3561 852 3625 forma
868 3560 1055 3625 condonatis
1071 3567 1104 3623 et
1126 3559 1321 3645 propagatis.

189 3665 282 3729 Adde
305 3664 390 3749 quod
414 3663 509 3728 dictio
532 3665 818 3730 iureconsultorum
840 3664 1068 3744 Romanorum,
1095 3663 1185 3728 cuius
1209 3660 1322 3726 lunda·

189 3776 295 3835 menta
327 3790 345 3832 a
376 3769 486 3852 priscis
520 3769 757 3853 magistratibus
790 3770 871 3834 iacta
907 3774 1013 3851 crant,
1053 3788 1149 3852 quam
1183 3765 1218 3831 0.
1250 3765 1323 3830 Iulii

190 3872 352 3953 Caesaris,
382 3871 418 3936 O.
448 3872 561 3936 Licinii
589 3871 697 3948 Oalvi,
727 3872 893 3937 Octaviani
926 3871 1066 3957 Augusti
1099 3869 1251 3954 aequales
1282 3869 1321 3934 ad

189 3996 318 4040 auream
334 3983 550 4063 provexerunt
565 3976 744 4063 puritatem,
767 3998 824 4062 por
840 3977 970 4061 longam
985 3976 1186 4041 saeculorum
1209 3974 1323 4038 seriem

190 4086 286 4163 atque
316 4101 417 4166 usque
447 4079 487 4143 ad
517 4080 617 4165 ipsius
646 4080 847 4166 imperatoris
877 4078 1045 4144 Iustiniani
1075 4085 1221 4164 tempora
1256 4077 1322 4143 fere

190 4184 391 4271 incorrupta,
420 4183 446 4249 si
470 4205 541 4249 cum
565 4184 808 4269 provincialium
838 4185 1030 4270 scriptorum
1054 4183 1188 4256 barbare
1211 4180 1322 4253 balbu-

191 4289 336 4357 tientium
358 4289 446 4356 libris
470 4290 717 4380 comparaveris,
740 4289 899 4360 remansit.
