2970 4814
213 285 255 345 ω
648 278 912 366 -[m]-

211 466 401 554 μέτωπον
422 466 564 556 λέγεται,
597 458 668 534 οἷον
690 465 876 552 ὑπέρωπον,
912 463 952 534 τὸ
974 460 1125 554 ὖπεράνω
1154 472 1219 536 τῶν
1245 463 1347 536 ὥπῶν

212 567 309 663 ἤγουν
324 575 388 638 τῶν
403 565 630 660 ὃφθαλμῶνί).
652 567 691 638 τὸ
706 570 743 638 δέ
757 567 873 658 μικρὸν
887 565 1036 659 ἀνωτέρω
1051 571 1212 661 βρέγμα,
1228 571 1349 660 κυρίως

211 675 270 743 έπί
302 678 367 741 τῶν
396 671 536 762 νηπίων,
572 670 665 761 παρὰ
692 671 730 741 τὸ
759 668 854 762 ὓγρόν
880 668 964 742 είναι
995 675 1051 742 καί
1085 670 1216 744 ἁπαλὸν
1244 676 1348 745 έκεῖνο

209 776 248 848 τὸ
275 779 419 866 μέροςί).
463 774 501 847 τὸ
536 779 573 846 δὲ
596 778 697 863 μέσον
722 774 892 868 κορυφή,
926 775 977 847 ὅτι
1000 782 1060 846 τοῦ
1090 776 1229 869 κάρῃτός
1261 780 1350 848 ἐστιν

211 878 316 973 ὀροφή
326 886 363 970 8).
397 878 436 952 τὸ
459 882 496 950 δὲ
518 877 662 950 ὄπισθεν
681 879 791 972 ίνίον,
816 876 968 950 ἀπὸτοῦ
990 882 1023 950 έν
1044 885 1084 973 τῇ
1107 881 1288 970 καταβάσει
1309 887 1350 974 τῇ

212 981 282 1055 άπὸ
305 989 365 1077 τῆς
379 989 524 1076 κορυφῆς
546 982 635 1053 κάτω
660 983 758 1053 ἰέναι·
793 982 815 1076 ἢ
837 980 906 1053 άπὸ
933 988 992 1053 τοῦ
1014 985 1163 1053 ἐντεῦθεν
1185 982 1348 1074 άρχεσθαι

210 1087 270 1172 τὰς
295 1083 382 1173 ἶνας,
417 1085 514 1180 ἤγουν
541 1087 583 1157 τά
617 1093 711 1177 νεῦρα
720 1091 758 1177 ⁹).
810 1086 846 1157 αί
877 1090 913 1156 δέ
934 1083 1018 1170 ἶνες
1046 1087 1083 1158 τὸ
1114 1083 1199 1158 εἶναί
1226 1116 1262 1159 τε
1290 1092 1348 1159 καί

213 1191 404 1262 συνεστάναι
430 1194 611 1280 παρέχουσι
632 1196 680 1283 τῷ
707 1189 847 1279 σώματι,
871 1190 1053 1284 ἐπειδήπερ
1079 1195 1182 1263 ἵενται
1210 1191 1267 1262 διὰ
1289 1199 1349 1263 τοῦ

212 1294 428 1384 σώματοςῑθ).
472 1300 623 1365 τοιοῦτον
645 1296 682 1365 δέ
703 1296 774 1364 ἐστι
796 1296 853 1364 καί
875 1293 915 1364 τό

212 1413 271 1502 ,μί
293 1415 354 1507 γάρ
377 1416 425 1488 έτι
448 1416 572 1507 σάρκας
591 1444 628 1487 τε
648 1418 705 1486 καί
729 1413 828 1487 ὀστέα
850 1412 916 1499 ἶνες
929 1415 1115 1506 έχουσιν*)“
1137 1421 1243 1506 (OM
1259 1425 1347 1507 219).
1394 1433 1402 1445 '

213 1541 255 1608 τά
278 1540 315 1607 δὲ
336 1537 422 1627 πρὸς
442 1535 600 1630 μήνιγγας
622 1536 716 1607 ἔνθεν
731 1533 887 1607 κάκεῖθεν
908 1536 1102 1629 κρόταφοι
1116 1539 1273 1629 λέγονται,
1297 1539 1350 1611 ὅτι

211 1641 364 1733 κροίουσι
380 1641 439 1734 τὴν
451 1639 539 1734 ἁφὴν
551 1640 761 1729 παλλόμενοι,
779 1635 849 1712 οἷον
863 1640 1061 1733 κροάταφοι·
1078 1639 1122 1726 ὡς
1137 1645 1173 1713 δὲ
1185 1641 1349 1724 Ἀπολλό-

211 1752 328 1837 δωρος,
369 1745 419 1817 ὅτι
457 1744 725 1837 συγκεκρότηνται
754 1743 1006 1837 ἀμφοτέρωθεν·
1042 1751 1060 1816 ὁ
1087 1750 1198 1836 (scrib.
1221 1745 1279 1837 ὡς)
1313 1752 1350 1819 δέ

207 1849 345 1936 Ἀπίων,
369 1850 420 1922 ὅτι
438 1855 497 1942 τῆς
517 1849 659 1940 κόρσεως
680 1849 853 1935 ἅπτονται,
877 1851 1026 1921 τουτέστι
1053 1855 1113 1943 τῆς
1134 1855 1279 1945 κεφαλῆς
1290 1859 1342 1941 ¹⁰).

211 1952 347 2043 κόρσις
372 1956 409 2024 δὲ
430 1955 571 2043 λέγεται,
599 1951 644 2036 ὡς
669 1956 729 2042 μὲν
751 1950 1003 2045 Ἀπολλόδωρος
1025 1955 1153 2038 δίδωσι,
1186 1955 1279 2045 παρά
1309 1957 1348 2028 τὸ

211 2061 455 2148 κορυφοῦσθαι·
479 2056 512 2127 σί
534 2058 572 2127 δέ
592 2082 676 2149 φασι
693 2055 788 2146 παρά
805 2057 844 2128 τὸ
861 2058 1044 2147 κείρεσθαι,
1068 2060 1103 2143 ἐξ
1126 2049 1164 2128 οὗ
1186 2061 1243 2128 καί
1264 2088 1350 2150 κορ-

211 2159 352 2254 σωτήρ,
376 2159 474 2243 ὁτάς
495 2160 609 2249 τρίχας
630 2157 878 2251 άποκείρωνῑῑ).

298 2268 376 2334 Mel.
393 2271 530 2332 52-54.
563 2268 594 2352 1)
611 2268 666 2334 Or.
684 2271 736 2348 81,
753 2272 876 2334 10-23
894 2269 961 2351 (Et.
979 2269 1021 2335 M.
1039 2273 1111 2353 535,
1125 2274 1159 2349 33
1176 2273 1233 2338 cfr.
1251 2295 1351 2360 supra

213 2371 1349 2461 ωυυπυωωωωηεωωωεοωα

213 2478 281 2563 (Et.
301 2477 344 2550 M.
368 2480 441 2559 593,
459 2481 513 2550 35;
548 2478 605 2544 cfr.
632 2499 731 2564 supra
760 2501 789 2565 p.
809 2479 874 2564 33).
929 2479 962 2565 5)
998 2483 1135 2560 10014.
1186 2480 1220 2566 6)
1245 2485 1296 2562 98,
1323 2486 1349 2548 l.

215 2581 248 2666 7)
273 2585 364 2663 34,8.
410 2581 445 2667 8)
476 2584 557 2661 82,1
589 2580 660 2666 (afr.
684 2604 782 2668 supra
809 2605 839 2669 p.
860 2583 926 2668 20).
972 2583 1005 2668 9)
1031 2586 1121 2663 76,3
1150 2586 1221 2666 (cfr.
1250 2607 1351 2673 supra

214 2682 1041 2772 pmlmmammwzanffi

302 2786 348 2855 93
370 2783 514 2866 κιονίς;
548 2809 578 2852 v.
602 2781 719 2872 στόμα.

301 2891 349 2960 94
370 2886 506 2980 κνήμηε
541 2914 571 2957 v.
595 2889 718 2972 σκέλος.

302 2994 348 3063 95
370 2991 520 3061 κοιλίαε
555 3017 584 3061 v.
608 2991 741 3085 γαστήρ.

301 3099 348 3167 96
370 3094 527 3181 κόκκυξε
561 3123 592 3168 v.
615 3089 721 3191 ἦτρον.

302 3204 347 3271 97
371 3198 558 3292 κόλαφοςε
593 3228 624 3272 v.
647 3200 811 3271 δάκτυλοι.

300 3307 347 3375 98
369 3303 530 3374 κόλποιε
558 3304 651 3394 παρὰ
669 3304 708 3376 τὸ
728 3309 847 3389 κοῖλον,
875 3299 1059 3397 ὃσνγμαίνει
1081 3305 1119 3377 τὸ
1136 3307 1238 3395 βαθύ,
1259 3313 1351 3378 κοῖλ-

208 3434 281 3503 πος
295 3409 351 3477 καί
367 3405 540 3499 άφαιρέσει
555 3414 615 3478 τοῦ
632 3415 645 3477 i
668 3407 801 3492 κόλπος.
831 3413 884 3478 Et.
901 3412 945 3478 M.
963 3417 1035 3493 526,
1049 3418 1082 3490 5;
1107 3415 1161 3480 Or.
1179 3419 1292 3497 80,18.
1310 3456 1351 3465 -

217 3515 283 3582 Ofr.
307 3537 405 3602 supra
428 3538 458 3602 p.
480 3519 527 3582 16.

303 3617 350 3686 99
373 3612 573 3698 κόνδυλοςῑ
604 3641 632 3683 v.
656 3615 821 3686 δάκτυλοι.

283 3721 381 3788 100
374 3716 535 3807 κόπροςε
560 3748 653 3809 παρα
675 3719 713 3791 τὸ
735 3728 871 3807 χεῖσθαι
894 3720 951 3790 διὰ
978 3725 1038 3791 τοῦ
1058 3718 1179 3809 πόρου,
1207 3720 1353 3812 χόπορός

217 3850 268 3904 τις
288 3814 381 3905 οίσα,
407 3820 492 3890 κατὰ
517 3822 685 3916 συγκοπίμ
704 3825 761 3892 καί
789 3824 916 3954 τροπὴν
941 3829 1001 3895 τοῦ
1022 3854 1042 3910 χ
1069 3825 1116 3909 είς
1140 3850 1174 3894 κ
1208 3824 1352 3918 ἢοίονεί

217 3924 329 4008 κόπος,
353 3924 484 4015 βαρύνει
504 3925 564 4016 γὰρ
579 3925 617 3997 τὸ
633 3927 787 4016 περιττὸν
804 3928 985 4018 ἐγκείμενον
999 3931 1056 3998 καί
1072 3937 1175 3999 κοποῖ
1186 3933 1221 4018 ¹)
1245 3959 1352 4019 παρο-

217 4027 364 4098 δειτικὸν
386 4031 483 4099 δέ
436 4058 500 4098 των
515 4031 648 4121 ἐντέρων
663 4032 734 4101 έστί
754 4060 792 4102 το
780 4030 955 4101 κῶλον.
959 4032 998 4103 τὸ
1021 4035 1058 4102 δὲ
1080 4037 1202 4103 κῶλον
1223 4035 1352 4123 λέγεται

288 4224 312 4289 ·)
331 4218 364 4273 ου’
381 4223 435 4293 γάρ
453 4220 493 4275 ἔτι
511 4222 608 4292 σάρκες
626 4221 716 4277 τεκαὶ
736 4220 818 4277 ὀστέα
837 4211 896 4284 ίνυς
914 4222 1008 4293 ἔχουσι
1022 4224 1159 4289 Molestus,
1179 4243 1234 4280 non
1251 4226 1292 4280 Et.
1306 4226 1352 4281 Or.
