2970 4814
536 289 578 301 -
625 245 712 340 [225]
759 289 801 301 -
1192 251 1234 317 ω

100 437 210 509 διὰτὸ
226 438 317 509 ίνδον
331 434 414 509 εῖναι
430 445 550 530 βροτοῦ
560 444 595 530 ι).
619 437 639 533 ἡ
658 443 695 511 δέ
708 440 845 533 μήτρα,
868 439 962 530 παρὰ
978 438 1017 512 τὸ
1031 439 1137 533 μήτηρ
1153 435 1236 510 εἶναι

101 548 160 612 τοῦ
183 546 388 633 γεννωμένου,
412 542 457 627 ὡς
479 544 600 636 πατήρ,
624 544 737 635 πάτρα
758 544 845 614 κατὰ
861 545 1043 632 μετάθεσιν
1057 549 1116 613 τοῦ
1137 552 1157 633 ρ
1179 547 1236 614 καί

99 646 215 739 μήτηρ,
238 647 364 740 μήτρα·
393 647 416 740 ἢ
438 647 489 718 ὅτι
510 647 570 731 τὰς
592 648 730 734 ἐχούσας
751 646 851 740 αὐτὴν
865 650 1007 741 μητέρας
1022 656 1128 718 ποιεῖ·
1152 648 1237 718 κατὰ

100 754 137 820 δέ
151 781 251 837 τινας,
275 752 327 822 ὅτι
342 755 459 843 μέτρον
474 753 538 840 ἔχει
554 754 669 845 χρόνου
684 754 770 846 πρὸς
783 754 949 845 κάθαρσιν
964 756 1020 824 καί
1037 751 1236 844 οῖπότεξινῖ).

99 859 226 947 λέγεται
249 859 363 927 δὲκαὶ
387 857 504 950 νηδὺς
525 861 581 928 καὶ
605 858 741 950 δελφῦς
761 861 820 928 καὶ
843 856 996 948 ῦστέρα.
1028 858 1145 950 νηδὺς
1166 861 1234 948 μέν,

100 960 151 1031 ὅτι
173 958 258 1050 μεθ’
283 960 439 1053 ήδάτητος
464 964 598 1053 ἐνεργεῖ·
632 961 655 1056 ἢ
686 959 756 1033 άπδ
783 968 843 1034 τοῦ
865 968 1092 1055 διανινῆσθαι,
1124 962 1235 1034 ὅέστι

100 1070 326 1156 σεσωρεῦσθαι
359 1068 414 1135 καί
445 1071 690 1158 πεπληρῶσθαι
719 1066 932 1158 τραχύτητος·
961 1065 981 1158 ἢ
1010 1066 1061 1137 ὅτι
1087 1072 1106 1158 ή
1129 1065 1237 1157 παρά-

100 1174 210 1252 δευσις
240 1174 298 1259 τῆς
325 1175 448 1262 τροφῆς
475 1177 535 1240 τοῦ
563 1170 705 1261 ἐμβρύου
737 1167 807 1240 άπδ
835 1171 954 1262 ταίτης
972 1171 1117 1261 γίνεται,
1150 1170 1237 1240 νάειν

99 1272 159 1363 γάρ
191 1275 261 1342 ἐστι
289 1271 328 1342 τδ
364 1281 446 1364 ῥεῖν·
491 1272 512 1366 ἢ
545 1274 638 1365 παρὰ
664 1273 702 1344 τὸ
731 1265 773 1366 νη
802 1273 989 1366 στερητικὸν
1021 1277 1078 1344 καί
1111 1273 1150 1344 τὸ
1180 1267 1238 1358 δας

98 1376 224 1467 μόριον,
248 1375 298 1446 ὅτι
321 1379 379 1446 καί
403 1379 627 1460 παιδοποιΐας
647 1385 808 1468 στερεῖται
824 1380 881 1447 καί
897 1378 1073 1461 δυστοκίας
1094 1375 1237 1470 ῦφίστα-

99 1483 202 1571 ταιί).
234 1479 378 1571 δελφῦς
401 1482 445 1565 δέ,
471 1479 522 1550 ὅτι
542 1477 767 1572 άδελφοποιός
782 1483 889 1569 ἐστι’)
913 1483 969 1550 καὶ
992 1477 1120 1573 ἀδελφὰ
1142 1489 1237 1552 ποιεῖ

99 1589 141 1653 τὰ
163 1583 346 1672 τικτόμενα.
382 1579 557 1676 ῦδελφδς
578 1583 639 1674 γὰρ
662 1589 680 1654 δ
702 1587 738 1654 ἐκ
759 1590 816 1676 τῆς
839 1581 940 1678 αῖτής
963 1585 1111 1676 δελφύας,
1141 1582 1238 1677 ήγουν

99 1686 239 1778 μήτρας,
269 1689 325 1756 καὶ
348 1687 570 1779 δμόδελφος
596 1692 614 1757 ό
636 1684 886 1780 οῖτάδελφοςθ).
931 1684 1076 1778 ῦστέρα
1099 1691 1150 1771 δέ,
1185 1687 1235 1758 ὅτι

99 1789 232 1881 ῦστερον
260 1789 393 1860 πάντων
414 1796 479 1860 τιῦν
500 1788 606 1860 άλλων
627 1793 752 1882 μορίων
773 1791 834 1875 τὰς
854 1792 1014 1883 ἐνεργείας
1037 1789 1137 1883 αῦτής
1159 1793 1235 1861 έπι-

100 1894 280 1964 δείκνυται·
331 1892 353 1987 ἢ
385 1895 441 1965 διδι
480 1895 518 1966 τὸ
558 1895 695 1986 ίσχάτην
726 1904 861 1966 κεῖσθαι
894 1902 959 1965 τῶν
993 1895 1185 1985 σπλάγχνων
1193 1901 1235 1985 6)·

98 2002 250 2092 τρέφεται
277 2000 338 2090 γὰρ
367 2002 400 2070 ἐν
422 2007 462 2092 τῇ
491 2000 600 2094 μήτρᾳ
627 2000 666 2072 τὸ
698 2000 839 2091 έμβρυον
865 2004 922 2070 καί
951 1997 1091 2070 άναπνεῖ
1119 1997 1177 2070 οῦκ
1200 2000 1237 2070 ἐκ

100 2109 159 2173 τοῦ
181 2103 346 2192 στόματος
368 2100 436 2173 ἀλλ’
462 2106 498 2173 ἐκ
525 2110 584 2174 τοῦ
607 2102 773 2196 ὀμφαλοῦ,
805 2104 884 2175 ὅθεν
906 2107 962 2175 καὶ
985 2104 1044 2196 τήν
1066 2103 1235 2196 Δήμητρα,

99 2206 221 2299 τροφὸν
251 2201 360 2292 οῦσαν,
393 2205 540 2297 ῦμπνίαν
562 2205 779 2297 ὀνομάζουσιν
802 2209 833 2279 οῖ
856 2216 1047 2301 Κυρηναῖοι,
1077 2205 1121 2290 ὡς
1142 2208 1236 2297 παρὰ

100 2311 293 2403 Λυκόφρονι

152 2418 228 2501 ,καί
251 2421 366 2508 κτήσιν
389 2412 487 2508 άλλην
510 2412 656 2503 ὂμπνίαν
678 2416 873 2506 κειμηλίωνιι
896 2417 1201 2506 (Lycophr.1264)‚

100 2522 157 2589 καὶ
180 2517 308 2612 ῦμπνην
330 2518 387 2590 τδν
408 2519 638 2610 Δημητριακδν
660 2518 839 2608 καρπόνἿμ
873 2517 999 2610 εἴρηται
1029 2521 1065 2588 δέ
1087 2514 1238 2610 ὀμφαλὸς

102 2627 332 2715 μεταφορικῶς
361 2625 416 2692 καί
444 2624 502 2692 έπί
530 2629 589 2692 τοῦ
622 2626 719 2714 ζυγοῦ
746 2625 802 2692 καί
831 2625 889 2692 ε’πὶ
917 2628 977 2714 τῆς
1007 2618 1153 2704 ἀσπίδος
1178 2623 1235 2691 καί

100 2729 158 2796 έπί
188 2731 252 2796 τῶν
275 2722 380 2795 άλλων
402 2725 440 2796 τὸ
463 2728 563 2815 μέσον
573 2731 610 2816 ⁸).
664 2723 843 2818 ὀμφαλὸς
866 2729 901 2796 δέ
922 2725 1049 2817 είρηται
1078 2725 1170 2816 παρὰ
1197 2724 1235 2794 τὸ

101 2827 248 2918 ὂμπνεῖν,
273 2829 292 2901 ὅ
313 2832 401 2899 ἐστιν
424 2826 594 2900 ἀναπνεῖν·
618 2830 649 2899 οῖ
674 2833 710 2899 δέ
732 2829 825 2920 παρὰ
847 2829 885 2899 τό
910 2833 1026 2922 φαλλῶ
1041 2830 1191 2911 ἑοικέναι,
1216 2827 1235 2896 ὅ

99 2937 168 3004 ἐστι
192 2932 230 3005 τὸ
252 2932 385 3024 μόριον·
409 2933 565 3026 ἒκνρεμής
587 2933 647 3023 γάρ
669 2935 757 3003 ἔστιν
779 2935 813 3002 ἒν
834 2929 924 3024 ἀρχῇ,
948 2931 1014 3023 πρὸ
1035 2937 1094 3024 τής
1110 2929 1236 3002 ἀποτο-

98 3043 176 3130 μής·
210 3038 242 3108 οῖ
265 3040 302 3107 δέ
324 3034 394 3108 άπὸ
416 3042 476 3107 τοῦ
497 3040 574 3128 περὶ
599 3034 698 3107 αι’·τδν
720 3036 886 3106 είλεῖσθαι
909 3034 947 3105 τὸ
971 3035 1178 3125 γεννώμενον·
1202 3036 1233 3104 οῖ

101 3146 137 3212 δέ
160 3138 230 3213 άπδ
252 3147 311 3235 τῆς
333 3141 380 3225 είς
401 3140 439 3211 τῦ
463 3141 602 3230 ἔμβρυον
628 3139 889 3232 δμφυσήσεως9).
926 3138 997 3208 έστι
1020 3140 1056 3208 δέ
1077 3137 1115 3209 τὸ
1137 3141 1238 3226 μέσον

97 3253 156 3317 τοῦ
180 3246 379 3336 σῶματοςῖ).
428 3246 461 3314 έν
484 3247 520 3313 δὲ
540 3273 579 3336 τη
602 3245 721 3334 γενέσει
748 3248 807 3313 τοῦ
836 3242 920 3328 ζῶου
950 3244 1075 3332 λέγεται
1105 3246 1238 3332 πρῶτον

100 3351 292 3445 πήγνυσθαι
319 3347 420 3438 ῦμένα
447 3347 520 3419 τινὰ
547 3347 675 3432 λεπτόν,
705 3341 742 3419 δν
770 3351 905 3418 καλοῦσι
929 3345 1061 3436 χόριον
1083 3347 1140 3414 καί
1165 3340 1236 3434 ἆγ-

97 3462 204 3543 γεῖον
226 3455 282 3522 καί
306 3451 490 3543 δεύτερον
505 3454 560 3521 καῖ
578 3451 738 3542 ὕστερον
753 3453 810 3520 καὶ
826 3449 1072 3541 πρόρρηγμα.
1103 3447 1236 3536 χόριον

97 3560 217 3645 μένω),
250 3553 295 3639 ῶς
321 3558 471 3646 περιέχον
495 3555 533 3625 τὸ
559 3554 713 3643 ἔμβρυον·
748 3551 837 3648 ἢὼς
863 3554 981 3644 χιορίον
1006 3548 1106 3622 αῦτοῦ
1133 3548 1181 3621 ίίν·
1214 3550 1237 3644 ἢ

98 3660 233 3752 χορηγὸν
247 3665 312 3729 τῶν
327 3659 567 3751 διατρεφόντων
583 3655 664 3729 αῦτό
674 3663 728 3748 ιι)·
757 3656 779 3751 ἢ
798 3655 868 3728 ἀπὸ
889 3661 948 3726 τοῦ
967 3654 1179 3746 κεχωρηκέναι
1195 3653 1234 3724 τὸ

97 3764 236 3855 ἔμβρυον
258 3767 314 3835 καὶ
337 3763 379 3834 τὰ
395 3763 452 3833 σὺν
468 3760 573 3854 αὐτῷ·
603 3762 719 3846 καθῶς
741 3765 778 3832 δὲ
800 3759 892 3831 άλλοι
908 3763 1063 3851 λέγουσιν,
1088 3756 1158 3829 άπδ
1175 3762 1234 3827 τοῦ

97 3871 133 3938 ἐκ
147 3874 279 3939 πολλῶν
296 3867 496 3951 συνεστάναι,
519 3866 676 3958 καθάπερ
697 3865 834 3957 δχορός.
862 3863 1026 3954 άγγεῖον
1048 3864 1093 3946 δέ,
1117 3861 1173 3932 διὰ
1196 3860 1234 3932 τὸ

98 3974 341 4064 ἕμπεριστέγειν
368 3971 407 4041 τὸ
434 3971 574 4062 ἔμβρυον
605 3967 724 4062 ἀγγείῳ
752 3968 1004 4060 παραπλησίως.
1051 3965 1235 4056 δεύτερον

98 4079 133 4145 δέ
155 4079 212 4146 καί
236 4075 408 4167 ὕστερον,
439 4075 489 4147 ὅτι
518 4073 601 4164 μετὰ
623 4074 683 4168 τήν
704 4080 764 4145 τοῦ
785 4071 926 4163 ἐμβράου
949 4070 1088 4163 κομιδήν
1108 4072 1234 4140 ἐπακο-

95 4185 221 4252 λουθεῖ.
272 4179 508 4272 πρόρρηγμα
545 4180 596 4265 δέ,
636 4178 692 4248 διὰ
728 4179 766 4250 τὸ
801 4175 1070 4268 προρρήγνυσθαι
1105 4176 1162 4243 καὶ
1195 4173 1233 4244 τὸ

991 4284 1024 4340 18
