2948 4808
570 327 612 339 -
658 288 723 379 [a]
772 329 813 341 -
1241 300 1260 363 a

210 462 262 527 Ab
289 461 341 528 his
370 465 450 529 locis
476 464 616 530 ordienti
643 466 724 530 mihi
747 488 867 554 operae
890 470 1031 556 pretium
1060 492 1133 536 esse
1157 473 1260 537 visum

125 570 177 627 est
199 567 383 631 accuratius
412 570 625 654 perscrutari,
655 592 675 633 a
698 570 814 655 quibus
843 573 948 658 poetis
976 580 1009 638 et
1036 575 1153 659 quibus
1183 597 1260 640 eou-

125 666 306 734 dieionibus
330 670 490 736 diiambus
515 672 703 737 choriambo
727 681 784 739 aut
815 676 921 741 ionico
951 677 1092 743 admisso
1116 680 1260 745 variatus

125 773 176 838 sit.
214 774 283 839 Nec
303 782 413 839 tamen
430 797 542 841 omnes
559 778 779 863 quaestiones,
803 781 937 865 quaein
956 782 1017 846 hac
1040 782 1260 870 disputatione

123 877 240 962 attingi
263 887 410 965 possunt,
434 882 562 946 solvere
587 882 665 946 mihi
688 886 862 970 proposui,
886 885 945 949 sed
969 887 1048 950 satis
1070 886 1169 951 habui
1190 909 1258 952 ma-

122 982 238 1045 teriam
261 982 404 1070 undique
428 985 597 1050 collectam
620 987 652 1050 in
677 988 784 1052 medio
802 990 965 1075 posuisse,
989 999 1172 1077 qua'spero
1192 991 1260 1056 lore

121 1090 157 1147 ut
180 1086 202 1148 ii
225 1086 373 1151 homines
396 1088 482 1153 docti
497 1096 639 1170 utantur,
662 1092 715 1175 qui
739 1094 921 1179 posteriore
945 1099 1093 1180 ternpore
1117 1094 1168 1158 his
1191 1093 1258 1159 dis-

122 1191 351 1275 quisitionibus
375 1214 508 1279 operam
532 1196 727 1281 impertiant.

589 1390 603 1394 .-
612 1389 792 1396 ,νο-...ῳ

628 1531 705 1599 (lar.
728 1532 756 1598 Ι.

458 1651 518 1716 DE
544 1651 634 1718 USU
658 1652 925 1720 OHORIAMBI.

649 1791 722 1867 §L

204 1909 357 1995 Plerique
380 1911 478 1977 hodie
503 1912 710 1976 consentiunt
732 1912 952 1976 choriambum
977 1912 1055 1976 nihil
1072 1913 1161 1978 aliud
1183 1937 1256 1979 esse

118 2034 214 2097 quam
243 2013 406 2100 dipodiam
429 2014 621 2100 dactylicam
646 2017 878 2095 catalecticam,
903 2015 936 2079 id
959 2024 1007 2080 est
1160 2019 1249 2105 posi-

115 2123 185 2181 tum
208 2139 280 2183 esse
304 2121 417 2184 volunt
439 2141 498 2207 pro
528 2167 545 2190 ,.,
559 2179 575 2191 ,
590 2170 625 2200 ,,
640 2167 668 2189 L.
693 2118 802 2184 hatis
826 2129 875 2184 est
898 2119 993 2183 unius
1017 2117 1253 2207 Westphalii¹)

116 2222 302 2308 exemplum
344 2224 512 2309 proferre,
560 2224 615 2311 qui
953 2223 1090 2308 primum
1139 2226 1251 2310 glyco-

116 2346 211 2389 neum
255 2328 481 2392 catalecticum
522 2333 617 2392 vocat
658 2333 755 2412 atque
792 2383 940 2398 .....
954 2384 971 2390 -
987 2386 1002 2398 ,
1019 2384 1037 2390 -
1067 2349 1171 2413 aeque
1213 2352 1251 2393 ac

115 2485 163 2500 ,,
176 2486 343 2502 ,,,,,,
375 2432 413 2495 iis
436 2431 580 2496 numeris
604 2431 769 2509 attribuit,
793 2430 910 2515 quibus
933 2452 953 2495 a
976 2431 1186 2517 scriptoribus
1211 2433 1251 2498 de

115 2556 149 2599 re
173 2535 307 2599 metrica
330 2535 562 2620 logaocdorum
584 2556 700 2600 nornen
725 2534 836 2599 datum
865 2540 925 2601 est.
971 2535 1136 2599 Aliorsum
1159 2536 1249 2601 duci-

114 2660 187 2703 mur
210 2639 428 2705 Studernundi
453 2640 626 2721 sententia,
651 2640 786 2725 quinon
809 2660 914 2723 pauca
937 2638 1068 2725 quidem
1092 2639 1166 2703 cola
1186 2640 1252 2703 for·
1343 2674 1344 2677 ¹

114 2762 188 2806 mae
347 2743 394 2807 ita
422 2742 466 2806 ad
498 2741 674 2827 logaoedos
706 2741 880 2806 referenda
910 2763 982 2806 esse
1014 2742 1180 2823 concedit,
1216 2750 1251 2807 ut

115 2846 247 2911 schema
271 2903 317 2917 -,
332 2901 380 2916 ,-
403 2845 567 2933 dipodiam
600 2844 824 2931 logaoedicam
857 2845 1083 2910 catalecticum
1112 2845 1250 2921 efficiat;

114 2948 191 3013 alibi
215 2955 335 3029 tamen,
361 2970 399 3014 ac
423 2950 564 3014 maxime
588 2950 621 3013 in
644 2949 824 3013 iamborum
848 2948 977 3026 vicinia,
1002 2970 1073 3013 curn
1090 2949 1122 3013 in
1141 2949 1251 3013 multis

112 3053 264 3119 versibus
281 3054 430 3119 iambicis
442 3048 528 3119 κατὰ
545 3048 698 3138 συζυγίαν
713 3053 897 3138 compositis
914 3052 1014 3116 levior
1025 3052 1108 3116 ictus
1127 3088 1145 3122 2
1162 3053 1249 3138 prio-

112 3180 191 3239 rem,
214 3159 326 3223 fortior
383 3160 599 3246 posteriorem
621 3156 770 3243 dipodiae
793 3155 952 3220 iambicae
975 3155 1007 3240 (
1028 3196 1072 3227 2„
1086 3155 1120 3240 L)
1140 3157 1249 3220 locum

112 3269 258 3349 occupet,
282 3263 376 3327 facile
399 3264 469 3328 fieri
492 3263 636 3350 potuisse
660 3267 783 3340 censet,
807 3266 853 3340 ut,
878 3260 1010 3323 mutatis
1035 3260 1170 3344 syllabis
1192 3257 1212 3331 ’,
1232 3299 1247 3330 2

110 3367 142 3430 in
160 3409 179 3439 ὲ
192 3416 223 3446 „,
236 3387 278 3430 ex
293 3365 435 3431 diiambo
451 3366 636 3431 efficeretur
651 3363 856 3429 choriambus
874 3404 893 3434 2
910 3422 926 3433 ,
943 3422 960 3434 ,
972 3410 992 3433 L
1005 3363 1116 3449 (quem
1133 3384 1247 3428 ascen-

111 3469 243 3535 dentem
273 3472 439 3535 nominare
469 3470 611 3549 solebat,
646 3489 687 3533 ne
717 3489 789 3533 cum
821 3466 1176 3538 descendente
1210 3490 1247 3531 ac

109 3574 281 3639 trochaicis
303 3575 448 3639 numeris
465 3580 604 3659 cognato
621 3571 899 3659 confunderetur),
921 3572 1064 3655 itemque
1080 3577 1125 3650 ut,
1148 3572 1245 3656 sylla-

110 3679 159 3743 bis
190 3721 241 3750 ὲ,
271 3680 403 3743 mutatis
435 3680 468 3743 in
501 3714 566 3757 ,;,
599 3700 641 3743 ex
672 3676 813 3741 diiambo
850 3675 1034 3740 efficeretur
1067 3675 1192 3739 ionicus
1228 3699 1247 3740 a

88 3785 234 3851 ,minore
259 3823 384 3862 Νη,
412 3781 555 3847 fortioris
578 3781 704 3846 metrici
728 3781 810 3843 ictus
835 3779 1040 3863 sedensque
1064 3778 1115 3841 hic
1139 3800 1245 3864 neque

108 3889 175 3953 illic
198 3895 333 3952 mutata.

194 3992 374 4059 Videamus
396 4013 492 4071 nunc,
517 3990 677 4076 quomodo
701 3990 743 4054 ad
765 3990 851 4054 hane
872 3988 1069 4054 sententiam
1085 3987 1245 4071 quadrent

107 4119 157 4178 ea,
181 4118 264 4181 quae
288 4096 329 4160 de
354 4095 538 4160 choriambo
562 4095 697 4182 protulit
712 4093 941 4179 Hephaestion
965 4092 1095 4156 saeculo
1117 4114 1147 4188 p.
1168 4090 1244 4155 Chr.

179 4274 200 4336 ¹)
219 4268 376 4337 Westphal,
396 4266 568 4338 griechisehe
587 4265 690 4319 Metrilr
709 4266 754 4319 11²
773 4267 863 4333 (rate)
882 4282 908 4334 p.
930 4264 987 4317 718.
