3030 4816
682 302 771 385 [375]
1250 307 1290 370 aa

162 495 379 559 Kirchhotfius
403 494 502 576 (arch.
527 493 627 579 Zeitg.
644 493 813 558 XXXVII
829 515 882 578 pg.
902 494 988 578 153),
1012 496 1167 580 lapicidae
1187 519 1293 561 errore

163 601 354 662 ΤΕΤΕΡΕΙ
371 619 429 682 pro
457 601 651 661 TETEPAI
675 604 845 662 exaratum
868 619 939 663 esse
968 606 1064 681 ratus,
1096 602 1170 685 quia
1199 623 1294 667 uoca-

160 703 269 768 bulum
292 708 425 786 κεφαλᾶς
447 709 611 785 sequatur.
655 700 814 766 Emendat
829 702 926 786 igitur
942 699 1056 791 τὴτὲρᾳ
1079 706 1145 787 χερὶ
1160 711 1293 789 κεφαλᾶς

159 806 335 888 ὑπερέβαλε.
382 803 475 878 Quod
497 802 648 891 Roehlius
672 804 807 883 refutat,
831 825 902 869 oum
925 825 1029 890 neque
1052 805 1204 871 dialectos
1229 807 1293 872 ulla

160 909 292 975 Aeolica
315 917 371 972 aot
393 908 509 972 Dorica
530 929 611 971 uoce
634 906 735 989 ἕτερος
757 908 829 992 (pro
853 906 973 992 dream)
997 916 1104 974 utatur
1126 917 1158 975 et
1180 911 1292 976 eadem

159 1012 320 1098 inscriptio
344 1017 419 1075 ante
442 1010 543 1075 cresin
567 1009 704 1074 litteram
729 1019 858 1076 tenuem
882 1013 1028 1094 neglecto
1051 1014 1161 1099 spiritu
1178 1036 1292 1101 aspero

159 1122 274 1184 seruet.
311 1151 348 1161 —
386 1113 530 1179 Concidit
558 1115 659 1179 omnis
682 1114 850 1196 dubitatio,
873 1115 899 1180 si
921 1113 1051 1201 κεφαλάς
1073 1119 1292 1184 accusatiuum

159 1220 307 1307 pluratiui
330 1219 453 1283 numeri
476 1217 620 1302 accipias.

261 1324 354 1398 Quod
377 1324 408 1387 in
431 1323 553 1388 Eleis
576 1325 728 1389 titulis
750 1323 795 1408 μή
819 1346 876 1409 per
899 1325 1002 1391 cresin
1026 1347 1097 1391 eum
1113 1329 1290 1412 posteriora

158 1429 316 1494 uocabulo
340 1429 490 1512 iungunt:
521 1426 694 1509 μὴπιθεῖαν
716 1428 742 1494 I.
769 1428 805 1493 G.
829 1428 868 1494 A.
893 1431 964 1508 112,
988 1433 1018 1496 2.
1043 1468 1083 1480 -
1107 1430 1292 1514 μήπιποεόν-

158 1559 219 1597 των
244 1535 314 1612 112,
338 1537 367 1597 4.
386 1570 418 1577 -·
447 1527 561 1614 μῆνποι
587 1535 656 1610 112,
680 1535 709 1598 6.
735 1570 775 1580 -
797 1531 998 1616 μὴνπεδὲοιαν
1016 1537 1086 1616 118,
1102 1537 1135 1617 3,
1157 1535 1188 1599 id
1208 1536 1290 1601 falso

157 1636 224 1702 fieri
247 1637 323 1700 mihi
346 1634 479 1710 uidetur,
503 1636 653 1720 quoniam
677 1635 824 1720 exemplo
842 1637 969 1701 omnino
994 1645 1080 1702 caret
1101 1638 1147 1722 μή
1163 1641 1289 1724 negatio

156 1743 189 1806 in
214 1741 292 1805 crasi
316 1739 421 1826 posita
445 1737 501 1821 (da
522 1732 625 1817 μα’λλᾶ
648 1739 722 1804 uide
746 1738 869 1824 supra).
915 1741 986 1825 Ego
1010 1743 1198 1826 aphaeresin
1230 1744 1290 1809 illis

165 1847 195 1909 in
221 1845 376 1928 exemplis
398 1842 632 1928 agnoscendam
655 1865 723 1909 esse
738 1844 872 1909 arbitror
886 1842 932 1928 μή
954 1845 1099 1924 ’cadaloa
1120 1846 1290 1935 pp’mnoe·

155 1917 263 2025 laroc,
286 1946 331 2029 pi]
355 1947 440 2025 ’onon
471 1948 516 2030 μή
539 1946 715 2026 ’acediosum
749 1971 821 2013 cum
853 1957 921 2014 eta
955 1949 1074 2014 uocalis
1106 1972 1202 2035 saepe
1234 1972 1291 2037 per

34 2042 35 2048 ἵ
158 2052 342 2136 aphaeresin
367 2051 498 2115 tollatur
523 2058 555 2117 et
572 2050 686 2116 Eleum
707 2054 889 2138 exemplum
905 2053 1015 2118 similia
1031 2053 1242 2137 aphaereseos
1258 2055 1289 2119 in

156 2161 305 2240 promptu
329 2155 369 2219 sit
399 2161 449 2217 roi
476 2152 588 2221 ’arada'
611 2155 638 2220 I.
664 2155 702 2220 G.
724 2155 764 2220 A.
790 2158 861 2236 110,
893 2159 921 2221 9.
960 2194 995 2204 -
1032 2157 1214 2222 Boeckhius
1247 2159 1290 2224 ibi

159 2260 261 2323 crasin
284 2258 405 2339 statuit,
429 2280 499 2322 cum
523 2260 607 2324 dicat
630 2258 679 2340 (C.
703 2259 729 2324 I.
756 2258 793 2324 G.
819 2260 888 2342 ll):
923 2259 1064 2342 ,accedit
1093 2261 1290 2347 synaloephe

157 2359 317 2450 rpvrcdr‘,
349 2370 472 2426 retenta
494 2369 600 2428 tomen
630 2364 732 2427 littera
756 2370 897 2429 econtra
927 2369 1085 2449 receptam
1115 2364 1211 2431 hodie
1241 2389 1290 2430 re·

156 2469 274 2551 gulam,
304 2487 386 2551 quae
417 2468 446 2530 in
472 2468 637 2533 Aeolismo
663 2467 747 2532 haud
780 2468 875 2533 dubie
906 2489 968 2532 non
1003 2469 1198 2534 obtinebat“.
1245 2470 1288 2534 At
1354 2466 1357 2472 ’
1461 2482 1465 2490 ⁴

156 2577 280 2634 retenta
302 2570 408 2634 littera
429 2600 437 2633 ι
462 2572 552 2635 nobis
578 2571 747 2655 persuadet
771 2572 809 2635 de
834 2574 913 2637 crasi
937 2574 1070 2657 cogitari
1097 2595 1160 2637 non
1184 2593 1288 2657 posse,

156 2695 228 2738 nam
259 2675 290 2736 in
314 2673 393 2738 Elea
423 2697 549 2761 quoque
579 2675 746 2740 dialecton
776 2676 896 2741 uocalis
927 2698 1041 2741 uocem
1073 2676 1223 2742 claudens
1256 2677 1285 2741 in

156 2778 236 2842 crasi
260 2777 392 2861 tollitur,
417 2791 451 2843 ut
473 2781 504 2843 in
528 2778 697 2861 ardno'racoz
721 2802 778 2865 pro
808 2783 857 2844 acl
888 2778 1038 2860 ὁπόταροι.
1084 2780 1287 2866 Quapropter

156 2889 206 2944 τοῖ
223 2879 336 2945 ’accit'
360 2883 558 2948 scribendum
583 2889 639 2949 est.
659 2921 694 2931 -
719 2884 893 2948 Praeterea
916 2909 930 2947 ε
954 2884 1072 2948 uocalis
1095 2885 1191 2948 elisae
1212 2896 1286 2968 post

153 2983 198 3065 μή
220 2986 420 3069 negationem
445 2986 559 3052 Chium
591 2992 638 3052 est
668 2989 849 3073 exemplum
873 2988 897 3052 I.
923 2987 960 3052 G.
984 2987 1024 3053 A.
1049 2990 1109 3053 381
1135 2990 1155 3054 b
1178 2992 1219 3054 23
1240 2986 1286 3073 μὴ

154 3086 316 3166 ’λάσσονες

256 3190 289 3261 4.
334 3202 576 3283 ῃᾸΓη-τη.
621 3197 771 3263 Attica
804 3195 1215 3287 dialectusz'dp’pa'pp.

255 3298 401 3364 Ionica
434 3299 656 3365 dialectus:
704 3296 785 3390 τῆρῃ
818 3303 844 3368 Ι.
884 3301 920 3366 G.
955 3302 994 3367 A.
1031 3304 1093 3366 384
1127 3301 1288 3385 (Samos),

153 3396 251 3482 τῆ]ρει
275 3401 358 3468 Bull.
380 3402 426 3467 VI
452 3407 513 3467 190
535 3406 567 3468 in
589 3405 794 3491 inscriptione
817 3406 995 3490 Amorgina
1017 3427 1074 3492 pro
1098 3411 1138 3492 τῇ
1151 3404 1244 3492 Ἥρῃ.

255 3504 443 3571 Boeotia:
466 3505 544 3590 κῆκα
561 3506 663 3572 Cauer
682 3512 753 3592 107,
771 3511 812 3573 46
835 3531 891 3594 pro
910 3506 947 3591 κὴ
972 3503 1030 3592 ἧκα
1045 3538 1087 3562 =
1102 3508 1167 3575 dor.
1192 3508 1287 3573 καῖκα.

256 3605 288 3677 5.
334 3619 414 3695 ηηῑ·
441 3631 607 3698 εοεηυ.
660 3612 843 3678 Atticae
884 3613 1006 3679 formae
1045 3609 1188 3697 ηὑσέβεια
1228 3634 1290 3679 non

155 3707 259 3775 habeo
283 3712 369 3797 quod
393 3734 584 3799 comparem.

248 3977 312 4044 ΙΙΙ.
357 4001 383 4053 o,
408 4002 444 4057 os,
468 4003 502 4045 oo
525 4004 612 4047 cunr
636 3985 931 4068 sequentihus
953 3985 1196 4052 uocalibus.

255 4121 282 4190 1.
326 4134 640 4204 o,os‚oo-lo=

305 4225 331 4294 1.
376 4252 405 4292 α.
452 4232 604 4296 Attica
627 4232 869 4298 dialectus:
892 4233 980 4318 ἁνήρ.
998 4274 1036 4283 -
1055 4242 1179 4316 τᾶντρον
1203 4234 1236 4299 C.
1260 4237 1286 4302 Ῑ.

151 4331 193 4397 A.
218 4335 281 4396 423
305 4335 335 4399 in
360 4335 562 4419 inscriptione
584 4337 777 4401 Archedemi
802 4336 947 4422 Theraei,
977 4340 1007 4403 in
1032 4360 1094 4425 qua
1117 4340 1288 4407 nonnullae
