2954 4822
174 1024 382 1148 Fragmenta
406 1061 481 1127 libri
506 1061 622 1127 Sorani
643 1061 797 1148 Ephesii,
826 1062 918 1126 euius
945 1062 998 1127 hie
1027 1063 1226 1127 circumferri

94 1165 178 1231 solet
206 1165 320 1230 titulus
345 1160 557 1252 ἐτυμολογίαι
579 1164 638 1231 τοῦ
661 1158 816 1249 σώματος
836 1166 896 1231 τοῦ
920 1158 1111 1251 ἀνθρώπου,
1134 1173 1224 1252 post-

90 1291 186 1355 quam
220 1276 354 1336 auctore
390 1270 591 1336 Guilelmo
628 1268 870 1335 Studemund
902 1276 1115 1356 praeceptore
1152 1291 1225 1334 mec

90 1375 256 1440 carissimo
280 1374 399 1460 collegi
419 1381 453 1440 et
472 1373 610 1454 restitui,
629 1375 861 1440 commentatio
881 1372 996 1438 Pauli
1015 1373 1131 1459 Voigt
1153 1373 1225 1438 dili·

89 1479 201 1564 gentia
224 1484 258 1544 et
280 1479 403 1564 ingenii
427 1477 577 1545 acumine
601 1478 756 1564 insignis,
780 1499 864 1564 quae
888 1476 1074 1543 inscribitur
1092 1471 1225 1542 ‘Sorani

90 1581 226 1669 Ephesii
261 1582 347 1648 liber
384 1582 424 1648 de
460 1582 666 1669 etymologiis
707 1580 854 1669 eorporis
894 1581 1027 1645 humani
1065 1587 1226 1667 quatenus

91 1688 218 1752 restitui
241 1679 357 1773 possit'
385 1686 711 1774 (Gryphianum),
735 1687 767 1751 in
791 1707 907 1751 manus
931 1685 1011 1750 mihi
1033 1683 1155 1750 incidit.

175 1791 222 1856 Ut
241 1791 453 1857 nibilominus
467 1799 594 1878 partem
614 1812 735 1874 eorum,
752 1812 835 1878 quae
851 1790 1121 1877 conscripseram,
1143 1790 1225 1876 pub·

92 1895 143 1959 liei
171 1894 252 1960 iuris
280 1894 440 1977 iacerem,
469 1895 596 1961 duabus
620 1895 660 1961 de
688 1896 797 1961 causis
824 1896 946 1960 lectum
975 1901 1037 1961 est.
1080 1893 1225 1958 Primum

90 1997 174 2062 enim
198 1997 238 2063 de
263 1999 428 2064 nonnullis
456 1998 553 2064 rebus
581 2021 619 2064 ee
642 1999 819 2086 praecipue
852 1998 893 2064 de
917 1996 989 2062 libri
1013 1997 1226 2083 inscriptione

90 2101 183 2166 aliter
217 2100 321 2166 sentio
354 2108 452 2189 atque
481 2088 649 2189 Voigtius‚
684 2111 752 2169 tum
788 2109 897 2169 autem
934 2103 1004 2168 sola
1036 2103 1225 2167 lemmatum

92 2204 165 2269 libri
189 2204 327 2270 Soranei
349 2199 603 2291 fragmentorum
628 2207 840 2287 enumeratio,
864 2228 960 2291 quam
984 2204 1136 2291 Voigtius
1160 2202 1225 2268 dis-

90 2307 251 2393 quisitioni
280 2329 359 2373 suae
389 2308 529 2390 addidit,
558 2309 599 2374 ad
623 2310 766 2375 indolem
794 2317 827 2375 et
855 2318 1005 2374 naturam
1034 2308 1107 2374 libri
1135 2308 1225 2373 illius

90 2413 217 2498 penitus
241 2412 502 2497 cognoscendam
526 2435 642 2500 parum
666 2415 817 2481 sufficere
841 2415 920 2479 mihi
943 2412 1124 2478 videbatur.

581 2827 687 2894 Oscor
709 2827 736 2894 Ι.

619 2965 691 3043 §L

163 3067 274 3134 Duos
296 3090 390 3154 qnos
415 3069 567 3135 excitat
588 3067 813 3153 Hesychius
838 3067 1010 3132 Soranos
1034 3089 1151 3132 unum

471 3171 719 3258 eundemque
744 3193 845 3237 esse.

172 3308 269 3396 Apud
287 3309 421 3374 Suidam
439 3310 460 3376 i.
477 3332 505 3375 e.
522 3308 609 3396 apud
625 3308 829 3396 Hesychium
849 3308 1012 3373 Milesium
1037 3307 1077 3373 de
1094 3308 1221 3373 duobus

90 3411 219 3479 Soranis
242 3414 327 3480 haee
350 3420 483 3479 exstant
506 3414 707 3479 testimonie:

171 3512 356 3603 Σωρανὸς
380 3511 572 3603 Μενάνδρου
595 3514 651 3582 καὶ
672 3512 806 3603 Φοίβης,
827 3508 978 3603 Ἐφέσιος
1001 3509 1122 3598 ἱατρός,
1147 3515 1222 3581 δια-

92 3616 213 3706 τρίψας
241 3619 274 3686 ἓν
294 3613 523 3709 Ἀλεξανδρείᾳ
552 3618 609 3686 καὶ
639 3617 672 3686 ἐν
698 3621 738 3707 τῇ
756 3613 863 3707 Ῥώμῃ
894 3617 930 3685 δὲ
959 3613 1133 3703 ἱατρειίσας
1162 3616 1221 3684 ἐπὶ

95 3726 257 3810 Τραϊανοῦ
279 3721 336 3790 καὶ
356 3717 531 3811 Ἀδριανοῦ
556 3725 621 3790 τῶν
650 3722 825 3808 βασιλέων,
855 3718 971 3808 βιβλία
998 3745 1034 3788 τε
1061 3716 1221 3803 συντάξας

87 3827 225 3894 πλεῖστα
248 3826 305 3894 καὶ
329 3825 497 3895 κάλλιστα.

172 3926 353 4018 ,reparer
377 3924 541 4020 Ἐφέσιος,
571 3926 685 4017 ἰατρὸς
712 3925 878 4016 νεώτερος·
910 3932 1078 4016 γυναικεῖα
1104 3926 1220 4015 βιβλία

86 4029 123 4116 d,
145 4032 241 4121 βίους
264 4031 384 4121 ἰατρῶν
406 4034 463 4101 καὶ
487 4033 629 4122 αἱρέσεις
657 4032 714 4100 καί
744 4028 954 4120 συντάγματα
977 4029 1093 4118 βιβλία
1115 4029 1139 4099 ι’
1162 4032 1219 4100 καὶ

87 4131 167 4205 ίίλλα
189 4135 344 4228 διάφορα.

962 4240 1014 4296 14*
