2956 4822
664 274 755 365 [aar]
1236 276 1276 346 ιο

144 470 365 558 Olympiorum
388 493 429 537 ex
452 472 608 549 oleastro,
631 472 822 558 Pythiorum
846 494 887 537 ex
910 473 1001 536 lauro
1025 494 1129 539 nexae
1160 472 1276 538 luerint

142 583 281 642 testante
304 575 474 642 scholiasta
496 575 551 658 (cl.
569 575 768 641 Boackhium
784 598 815 661 p.
832 574 879 660 5).
912 575 1065 641 Similiter
1081 576 1115 640 in
1130 577 1276 641 carminis

142 680 297 750 Nemeaei
320 678 403 743 sexti
426 700 454 746 v.
480 681 519 742 18
541 685 638 763 poeta
660 699 824 762 coronam,
848 702 944 765 quam
967 680 1152 766 Olympicus
1174 681 1277 745 uictor

141 783 275 869 adeptus
293 790 369 862 arat,
388 779 475 863 ἔρνεα
492 777 546 845 ἄνι’
563 780 701 867 Ἀλφεοῦ
716 778 898 863 neminavit,
914 789 946 847 at
960 791 1128 869 postquam
1144 784 1176 848 in
1191 807 1222 850 u.
1235 787 1276 850 26

141 897 271 971 gentem
287 886 370 950 illius
386 885 590 950 victoriarum
605 886 808 951 multitudine
824 887 981 971 insignem
992 887 1104 968 ταμίαν
1116 886 1277 973 στεφάνων

132 990 230 1072 'dixit
253 992 286 1054 in
303 1013 333 1055 v.
349 993 390 1054 42
408 989 599 1053 vocabulum
616 987 768 1073 στέφανος
783 991 1043 1056 artificiosissime
1059 993 1105 1055 ita
1120 993 1276 1058 uariatum

141 1101 200 1177 est,
224 1101 260 1157 ut
282 1113 400 1157 corona
414 1091 556 1157 Nemeae
578 1095 609 1158 in
633 1094 716 1158 ludis
738 1102 831 1178 parta
852 1093 967 1176 βοτάνα
986 1093 1005 1158 ἁ
1025 1094 1146 1173 λέοντος
1169 1098 1277 1182 appal-

141 1199 275 1279 laretur‚
306 1217 378 1261 cum
410 1203 482 1281 post
511 1198 640 1263 leonem
668 1197 867 1264 Nemeaeum
898 1200 938 1264 ab
971 1200 1111 1265 Hercule
1142 1206 1274 1264 stratum

141 1302 250 1386 apium
271 1300 313 1364 ibi
337 1308 479 1366 crescens
503 1303 628 1367 coronis
648 1303 800 1368 uictorum
824 1311 1041 1368 consecratum
1064 1326 1133 1369 esse
1156 1303 1272 1368 tabulis

144 1413 227 1471 esset
250 1405 409 1469 traditum.
455 1406 591 1470 Oleastri
615 1414 721 1471 autem
743 1427 872 1488 nomen,
895 1426 987 1490 quem
1013 1408 1173 1492 quomodo
1193 1407 1274 1473 Her·

143 1509 227 1574 cules
253 1493 294 1572 ab
318 1508 538 1593 Hyperboreis
563 1509 744 1594 Olympiam
774 1510 815 1574 ad
844 1511 931 1574 Iovis
960 1512 1066 1575 lucum
1098 1512 1275 1576 ornandum

141 1614 301 1693 attulerit,
333 1614 365 1676 in
397 1614 535 1678 carmina
566 1612 735 1697 Olympico
765 1616 859 1678 tertio
890 1622 1071 1693 enarratur,
1106 1624 1204 1701 poeta
1233 1637 1273 1681 na

140 1717 385 1802 appellationem
415 1717 533 1799 ἐλαίας,
571 1739 652 1801 quae
682 1718 714 1781 in
746 1741 776 1782 v.
802 1721 843 1781 13Ἰ
871 1719 1001 1801 legitur,
1034 1724 1209 1803 repeteret,
1242 1719 1274 1782 in

142 1844 173 1886 v.
209 1824 246 1885 18
283 1820 414 1883 artifieio
454 1821 592 1904 quodam
638 1819 759 1902 σκιαρόν
796 1821 939 1906 φύτευμα
975 1820 1065 1897 ξυνόν
1098 1821 1275 1904 ἀνθρώποις

142 1925 278 1989 vocavit.
331 1924 484 1989 Omnibus
520 1925 602 1987 enim
636 1921 722 1989 Iovis
758 1925 917 2010 Olympici
952 1926 1057 1989 lucum
1092 1929 1275 2011 petentibus

142 2030 246 2094 oliuae
280 2028 424 2092 umbram
456 2028 662 2112 praebebant.
716 2028 784 2094 Nec
813 2031 916 2094 minus
946 2031 977 2094 in
1006 2052 1036 2095 v.
1067 2032 1108 2094 32
1139 2029 1275 2111 δένδρεα,

141 2154 223 2218 quae
246 2132 422 2196 Herculem
448 2132 489 2196 ad
512 2132 637 2196 Istriam
667 2133 846 2217 profectum
879 2133 1069 2197 admiratum
1101 2156 1171 2199 esse
1200 2135 1274 2198 Pin·

144 2239 239 2301 darus
262 2246 385 2317 narrat,
410 2238 512 2302 olivae
535 2237 765 2320 intellegendas
787 2246 871 2302 sunt.

245 2341 352 2414 Quid?
374 2362 445 2404 cum
462 2363 526 2406 nou
541 2341 645 2406 solum
661 2363 755 2406 unam
772 2343 945 2424 uictoriam,
960 2366 979 2408 a
995 2363 1058 2427 qua
1074 2343 1274 2407 occasionem

139 2445 284 2511 carminis
307 2452 505 2528 sumpserat,
535 2445 712 2526 celebrare,
743 2446 799 2511 sed
829 2449 925 2511 etiarn
953 2447 1095 2510 omnium
1116 2455 1211 2511 antea
1232 2446 1273 2510 ab

141 2549 254 2613 eodem
288 2551 354 2614 viro
397 2556 559 2634 partarum
594 2551 798 2614 victoriarum
836 2553 1020 2615 memoriam
1054 2549 1272 2632 redintegrare

140 2655 264 2732 soleret,
288 2675 384 2736 quam
407 2655 533 2737 egregie
559 2661 590 2716 et
614 2654 756 2718 sollerter
778 2654 935 2719 Pindarus
959 2676 1026 2718 rem
1049 2652 1135 2717 <lictu
1157 2652 1274 2736 simpli·

141 2759 299 2822 eissimam
333 2757 514 2836 ,victoriam
544 2757 695 2840 adipisci“
730 2759 886 2822 uariauit?
933 2757 1040 2822 Veluti
1073 2759 1105 2821 in
1135 2758 1273 2822 carmine

142 2860 307 2944 Olympico
332 2881 415 2924 nono
440 2881 460 2923 a
482 2880 577 2924 versu
601 2863 641 2923 84
665 2882 768 2945 usqua
792 2860 831 2924 ad
855 2864 895 2924 99
919 2859 1122 2945 Epharmosti
1140 2860 1273 2943 Opuntii

140 2967 292 3029 uictoriae
336 2964 396 3027 hoc
442 2972 535 3048 pacto
581 2972 785 3029 enumeratae
830 2971 919 3030 sunt:
972 2968 1002 3029 in
1049 2964 1272 3030 certaminibus

139 3065 296 3134 Isthmiois
333 3066 482 3151 κράτησεν
519 3067 623 3150 ἔργον,
662 3069 806 3133 Corinthi
837 3070 865 3133 ei
895 3068 950 3133 tto
980 3067 1114 3150 ἐγένοντο
1144 3068 1273 3152 χάρμαι,

138 3176 216 3259 Argi
247 3173 362 3257 ἔσχεθε
392 3177 482 3250 κῦδος
512 3171 648 3255 ἀνδρῶν,
686 3181 755 3250 παῖς
788 3195 863 3243 vero
893 3173 1043 3255 Athenis,
1081 3172 1272 3238 Marathona

138 3278 228 3360 μένεν
246 3277 351 3360 ἀγῶνα
374 3276 595 3359 πρεσβυτέρων,
620 3278 808 3344 Parrhasiae
831 3281 862 3342 in
888 3280 965 3343 urba
981 3278 1138 3342 Arcadica
1154 3278 1271 3365 populo

139 3381 322 3463 θαυμαστός
345 3380 403 3445 ἐαὶν
421 3380 515 3467 (ydra,
537 3381 689 3448 Pellanae
705 3388 831 3464 ψυχρᾶν
845 3379 984 3446 εὐδιανόν
999 3380 1161 3466 φάρμακον
1176 3380 1271 3463 αὐρᾶν

140 3486 296 3570 (laenam)
330 3484 402 3569 φέρι
439 3488 611 3570 praemium
646 3488 815 3566 victoriae,
850 3486 981 3551 Thebae
1016 3493 1047 3551 et
1081 3486 1206 3550 Eleusis
1243 3487 1271 3549 ei

140 3590 271 3666 σύνδικος
293 3588 471 3671 ἀγλαΐαισιν.
512 3587 577 3653 Iam
596 3591 740 3655 carminis
757 3591 893 3676 proximi
910 3610 974 3656 av.
991 3593 1031 3653 64
1047 3611 1146 3674 usque
1163 3589 1203 3651 ad
1221 3591 1271 3671 72,

139 3696 193 3779 qui
224 3695 315 3779 primi
348 3694 495 3758 victorias
525 3695 556 3758 in
585 3696 679 3759 uariis
712 3694 859 3759 ludorum
891 3716 931 3758 ex
954 3692 1075 3778 praeda
1097 3693 1209 3757 bellica
1231 3692 1272 3756 ab

140 3798 282 3863 Hercule
318 3799 536 3863 institutorum
580 3801 751 3883 generibus
788 3799 1041 3882 reportaverint,
1086 3798 1270 3882 exponitur:

140 3904 267 3968 σταδίου
289 3900 468 3984 ἀρίστευσεν
490 3902 590 3967 stuta
611 3902 696 3967 τόνον
720 3903 861 3984 annus,
884 3900 966 3990 ιιιίλρ
988 3901 1136 3965 κυδαίνων
1154 3899 1273 3981 Τιγέαν

137 4005 312 4088 Echemus,
344 4002 433 4089 ἔφερε
460 4013 581 4088 πυγμᾶς
614 4005 699 4084 τέλος
722 4007 897 4093 Doryelus,
928 4004 976 4068 ἀν’
1002 4006 1119 4068 innonat
1149 4001 1271 4085 τέτρασι

139 4109 251 4196 Samus
275 4109 358 4193 (soil.
374 4110 462 4196 ἔσυρε
487 4108 598 4194 τέλος),
621 4108 723 4177 ἄκοντι
747 4111 836 4175 ἔλασε
861 4108 974 4175 σκοιιόν
989 4109 1154 4191 Phrastor‚
1176 4113 1272 4188 μᾶκος

136 4211 212 4278 ἔδικε
235 4213 337 4302 πέτρῳ
359 4212 435 4297 ὑπὲρ
458 4211 600 4278 ἁπάντων
624 4215 751 4281 Nicetis.

239 4319 328 4394 Quae
351 4318 475 4384 dicendi
497 4320 633 4386 uarietas
657 4342 730 4384 cum
760 4320 877 4406 ubique
906 4319 992 4404 lora,
1022 4317 1079 4384 sed
1112 4337 1272 4402 nusquam
