2962 4800
676 263 744 348 [95]
1234 274 1275 335 39

150 455 192 518 im
207 454 500 538 Redirrqunpssotec
522 454 581 518 dus
596 453 696 539 Irupf.
715 477 757 519 ea
779 463 891 538 seteen,
914 457 1033 522 rocetta
1057 480 1088 522 es
1110 460 1191 524 cuch
1212 460 1280 525 tier

149 560 253 642 attip,
282 579 329 623 wo
357 578 389 623 es
415 558 504 623 daran
529 579 591 623 cus
622 559 682 623 dea
710 559 783 624 oden
814 561 1026 645 nnqefttrrterr
1058 561 1209 628 (triades
1236 567 1279 629 im

150 663 309 728 [adiectio
331 663 434 728 stetten
457 671 580 728 maraste.

252 767 393 832 Maxime
421 774 528 832 autem
551 768 591 832 ab
614 767 672 832 hoc
699 768 794 832 distat
821 769 957 834 Tobler¹
988 769 1121 835 eandem
1144 793 1210 837 rem
1232 774 1276 839 sio

148 872 373 956 interpretans:

252 975 320 1039 Der
341 975 457 1039 Εὔνηον
478 975 549 1059 petet
571 977 605 1039 in
627 976 740 1040 soterem
754 976 868 1060 feinen
893 975 974 1040 Sion
995 976 1079 1062 (fiir
1102 977 1151 1042 die
1170 979 1278 1063 Scotto,

149 1079 232 1143 nicht
250 1078 314 1163 fuir
334 1080 383 1143 die
397 1077 540 1158 Person)
561 1101 596 1145 so
619 1082 697 1163 coeit,
721 1081 770 1144 dte
784 1080 984 1165 Mopttettett
999 1082 1066 1144 und
1081 1081 1280 1167 Necessarie·

148 1182 209 1247 lectt
223 1182 391 1265 pleicttscro
402 1185 450 1248 cta
461 1186 565 1268 arripe,
582 1185 657 1249 ottes
671 1184 871 1250 meresctttictre
883 1183 976 1249 Thon
991 1187 1279 1268 preidestinierende

152 1286 307 1372 Ordonnp
325 1287 547 1372 anfeafuasen,
570 1288 680 1353 welche
694 1309 782 1353 zwar
794 1290 856 1371 fiir
871 1289 930 1353 dero
944 1288 1113 1354 Mensores
1129 1289 1278 1355 destinarat

150 1390 206 1474 ist,
231 1391 304 1454 oder
325 1412 379 1474 so,
402 1392 478 1456 dosa
500 1391 564 1456 ihm
585 1392 686 1457 nichts
708 1392 801 1476 tibetq
824 1392 930 1474 bleidt,
953 1395 1002 1458 cta
1024 1395 1058 1456 tn
1080 1393 1206 1458 diesetbe
1226 1416 1279 1459 cm

149 1494 271 1558 rechten
296 1493 369 1559 Orte
396 1496 464 1559 sicto
493 1496 695 1580 eioeufttqea.
744 1495 800 1559 Wo
830 1496 896 1560 dies
927 1496 1010 1561 nieht
1038 1497 1206 1581 peschiettt,
1236 1500 1279 1562 du

149 1596 276 1661 errtstett
299 1598 381 1662 aueo
401 1619 461 1663 oon
482 1599 539 1662 der
561 1597 747 1683 Gepcnwort
769 1621 829 1664 ons
850 1600 1055 1687 dicAnsictct
1078 1602 1127 1664 uls
1148 1603 1193 1665 sei
1214 1604 1280 1667 eine

149 1701 298 1766 oiettcr'cht
320 1702 414 1767 schoa
432 1705 525 1787 torpe
539 1723 595 1766 cor
611 1704 677 1767 dem
692 1704 831 1768 Momerrt
845 1704 898 1769 des
913 1703 1082 1783 Hondetns
1096 1704 1279 1770 hostendere

149 1802 341 1888 Getepenhec‘t
364 1806 439 1870 oder
454 1805 568 1888 Pfle'cht
588 1812 747 1870 ceredumt
770 1807 895 1871 worden
901 1827 914 1887 ;
936 1806 1034 1870 daher
1057 1808 1115 1871 das
1134 1807 1235 1894 Impf.

251 1907 296 1972 At
311 1909 463 1974 nonnulla
479 1909 615 1991 obstant,
637 1930 677 1973 ne
693 1909 820 1974 Tobleri
834 1910 1023 1975 sententiam
1039 1911 1275 1996 amplectamur.

149 2009 232 2075 Nam
261 2012 345 2076 idem
374 2012 560 2078 iudicavisse
591 2012 714 2077 videtur
737 2020 768 2078 et
791 2014 899 2078 sentiri
922 2035 1045 2099 semper
1067 2015 1098 2078 in
1122 2015 1277 2080 eiusmodi

150 2118 317 2182 enuntiatis
348 2117 524 2203 imperfecti
552 2118 715 2202 praeteriti
743 2120 900 2184 notionem
924 2126 956 2183 et
979 2120 1123 2185 omnibus
1145 2121 1278 2186 saeculis

149 2220 285 2285 eundem
314 2221 411 2286 fuisse
440 2243 551 2286 eorum
583 2243 665 2307 quas
699 2222 837 2288 diximus
869 2223 1040 2288 verborum
1069 2244 1170 2288 usum.
1214 2223 1279 2289 Sed

150 2325 293 2408 quamvis
315 2333 351 2390 ut
373 2325 536 2411 praeteriti
558 2325 820 2410 significationem
839 2328 871 2390 in
887 2328 932 2391 eis
946 2348 1027 2412 quae
1043 2326 1103 2391 huc
1118 2327 1277 2412 pertinent

149 2428 319 2491 enuntiatis
342 2428 528 2512 indagarent
551 2429 689 2493 maxime
712 2450 840 2514 operam
870 2429 1032 2509 dederint,
1060 2436 1168 2494 tamen
1198 2431 1278 2495 nihil

149 2551 202 2595 cos
232 2532 401 2616 profecisse
433 2553 504 2596 eum
527 2531 640 2596 Fothio
674 2534 906 2599 concedendum
937 2541 1003 2615 est,
1034 2540 1103 2598 tum
1131 2554 1172 2598 ex
1201 2534 1277 2618 ipsis

150 2635 304 2719 exemplis
326 2657 345 2699 a
368 2634 484 2700 Fothio
513 2637 534 2701 l.
558 2657 584 2701 c.
607 2656 637 2721 p.
661 2638 723 2700 264
746 2644 777 2701 et
800 2658 819 2701 a
841 2627 1005 2720 Draegero
1031 2636 1052 2700 l.
1075 2658 1101 2700 c.
1123 2634 1139 2698 I
1161 2657 1191 2721 p.
1214 2639 1275 2701 297

150 2739 306 2823 congestis
328 2747 470 2824 apparet.

252 2842 290 2906 In
319 2843 475 2908 Plautinis
503 2864 579 2908 vero
613 2840 728 2909 fabulis
755 2845 878 2909 nullum
909 2842 1065 2909 eiusmodi
1093 2843 1276 2928 exemplum

151 2947 294 3012 occurrit.
331 2945 443 3032 Neque
465 2946 498 3011 id
522 2948 651 3027 mirum3
674 2969 748 3011 nam
770 2948 823 3032 qui
845 2948 914 3012 fieri
934 2947 1048 3032 potuit,
1071 2947 1192 3010 utiam
1215 2945 1277 3010 illis

148 3051 342 3137 temporibus
371 3052 472 3116 altera
500 3051 661 3116 indicativi
689 3051 880 3136 permutatio
903 3051 1081 3128 exsisteret,
1111 3051 1136 3114 si
1166 3070 1276 3113 verum

149 3163 196 3221 est
218 3155 301 3240 quod
323 3177 418 3240 supra
440 3156 669 3221 demonstrasse
691 3155 768 3219 mihi
791 3155 910 3235 videor,
933 3155 984 3219 vel
1006 3155 1109 3240 ipsum
1130 3154 1275 3219 coniunc-

149 3259 248 3322 tivum
264 3258 602 3343 imperfectiPlautina
618 3265 722 3324 aetate
744 3259 869 3324 initium
892 3264 1015 3323 tantum
1037 3258 1277 3343 permutationis

149 3383 273 3446 passum
296 3384 364 3428 esse
387 3370 419 3427 et
441 3363 611 3427 obtinuisse
634 3364 666 3426 in
688 3364 869 3427 universum
898 3383 968 3427 eam
990 3384 1071 3453 quae
1093 3363 1134 3427 ab
1156 3362 1276 3445 origine

150 3466 180 3530 ei
211 3467 304 3531 insita
336 3467 432 3532 fuerit
462 3468 525 3531 vim
547 3468 732 3552 praeteriti?
776 3465 897 3531 Verum
920 3472 975 3531 aut
992 3452 1097 3530 'fallor
1127 3472 1181 3530 aut
1209 3472 1277 3529 tum

150 3569 276 3633 demum
299 3571 399 3635 altera
421 3571 477 3635 illa
499 3573 701 3636 commutatio
723 3572 808 3636 nasci
829 3577 970 3655 poterat,
994 3591 1065 3654 cum
1087 3569 1276 3634 coniunctivi

148 3674 238 3758 impf.
262 3675 293 3737 in
317 3680 437 3739 enuntt.
461 3675 571 3741 oondd.
595 3676 737 3760 perfecta
768 3682 837 3739 erat
859 3676 991 3739 mutatio
1013 3676 1044 3738 in
1067 3674 1192 3758 vulgari
1214 3674 1277 3739 elo·

148 3777 233 3862 quio,
256 3778 339 3862 quod
355 3776 512 3843 Ciceronis
527 3778 594 3843 fere
609 3785 713 3843 aetate
728 3779 848 3843 factum
870 3798 938 3843 esse
960 3800 1056 3864 supra
1079 3778 1276 3843 oonieoimus.

250 3879 364 3966 Itaque
394 3881 479 3946 Foth
509 3882 705 3946 attractionis
738 3881 877 3968 quadam
900 3881 930 3944 xi
951 3881 1066 3946 factam
1091 3901 1161 3947 esse
1189 3879 1275 3944 illam

149 3985 358 4049 mutationem
380 3993 468 4051 recte
491 3987 641 4050 statuisse
664 3986 741 4049 mihi
764 3985 899 4050 videtur.
944 3983 1072 4049 Etenim
1095 3985 1122 4048 si
1144 3983 1279 4048 actionis

149 4087 354 4173 adpraesens
376 4096 501 4175 tempus
523 4090 719 4175 respicientis
743 4089 859 4154 mentio
882 4087 986 4170 fiebat,
1009 4088 1097 4152 nulla
1119 4087 1182 4152 alia
1205 4087 1277 4152 olim

252 4317 260 4350 ¹
279 4316 437 4370 Zoitschrift
454 4315 499 4370 itlr
517 4316 803 4386 Volkerpsychologic
820 4315 848 4368 11
866 4332 892 4384 p.
911 4313 944 4367 st
963 4331 1003 4384 sq.
