2962 4800
220 253 238 314 o
754 251 802 335 [a]

321 444 357 526 b)
381 446 428 508 tit.
459 442 585 526 Myconi
615 441 645 504 in
679 443 781 507 insula
811 443 967 509 inventus.
1006 482 1041 491 —
1085 445 1144 509 Ed.
1192 447 1243 510 Le
1283 448 1372 514 Baa-

218 550 450 632 Waddiogton,
472 548 548 611 Asie
570 547 644 612 min.
668 568 698 610 u.
721 548 805 611 2059
828 568 858 630 p.
882 549 953 611 457.

320 671 394 736 Hae
409 670 491 734 duae
506 668 721 752 inscriptiones
737 665 810 745 (Va
834 675 865 731 et
885 668 958 751 Vb)
975 669 1056 733 adeo
1072 669 1154 733 inter
1170 693 1205 734 se
1223 693 1369 739 consen·

217 779 308 857 tium,
330 785 366 840 ut
389 772 573 858 apographa
596 773 689 835 unlus
713 769 917 856 eiusdemque
940 773 1021 836 tituli
1038 795 1091 837 eas
1108 795 1178 838 esse
1205 775 1367 842 Keilius¹

217 883 337 968 optimo
353 882 421 944 iure
436 884 575 944 moueat.
614 877 701 956 Quas
718 898 788 941 curn
804 878 836 941 in
852 878 1010 960 integrum
1025 879 1190 942 restituere
1209 880 1367 946 nondum

217 984 395 1068 contigerit,
418 983 494 1046 setis
517 981 620 1047 habeo
644 982 704 1046 hoc
728 982 798 1045 loco
822 1002 1096 1046 commemorasse.

319 1104 544 1181 Quaestionem
579 1104 696 1186 ipsam,
739 1124 810 1167 cum
841 1103 983 1186 singulas
1022 1101 1061 1166 de
1095 1103 1209 1188 quibus
1247 1106 1367 1189 agitur

215 1210 436 1294 inscriptiones
461 1214 655 1288 tractarent,
683 1208 743 1270 tam
774 1207 948 1292 attigerunt
972 1207 1182 1292 nonnullaque
1213 1230 1365 1294 exposu-

214 1321 308 1380 erunt
332 1312 390 1376 viri
414 1311 498 1375 docti
523 1312 570 1374 hi:

316 1434 343 1498 Ι.
366 1433 557 1512 Boeclrths,
582 1431 616 1498 O.
632 1432 658 1496 Ι.
671 1430 710 1498 G.
736 1429 770 1496 Il
793 1454 823 1495 u.
848 1433 941 1509 2656,
964 1431 1002 1497 cf.
1021 1430 1136 1516 Opusc.
1158 1431 1208 1495 IV
1224 1453 1258 1516 p.
1277 1436 1363 1501 331.

317 1553 360 1617 II.
384 1552 506 1617 Keilius
526 1553 607 1634 „Zur
620 1551 750 1638 Sylloge
764 1551 904 1635 inscript.
918 1551 1076 1617 Boeotio.“
1095 1551 1208 1616 Jahrb.
1222 1553 1244 1618 f.
1259 1556 1364 1623 class.

213 1655 327 1721 Philet.
353 1656 455 1741 suppl.
480 1653 528 1717 lV
552 1677 582 1739 p.
607 1658 669 1718 618
686 1676 751 1739 sqq.
968 1703 973 1714 .

316 1758 376 1823 III.
400 1759 555 1843 Rayetus‚
578 1758 656 1823 Rev.
682 1757 764 1822 arch.
790 1757 943 1823 XXXIII
966 1780 997 1842 p.
1024 1759 1081 1820 107
1096 1778 1162 1842 sqq.

317 1861 376 1928 IV.
399 1862 673 1945 Dittenbergerus,
698 1862 807 1927 Herm.
831 1862 913 1926 XVI
937 1883 967 1946 p.
993 1863 1171 1925 loe—176.

316 1966 356 2030 V.
381 1967 503 2029 Anthea
530 1966 589 2046 „de
612 1967 772 2050 emptione
796 1966 979 2031 venditione
995 1966 1210 2029 Graecorum“
1239 1968 1361 2049 (Halia

213 2069 374 2134 Saxonum
404 2067 510 2150 1885).
550 2069 601 2133 Ad
636 2070 802 2136 sacerdotii
827 2068 1022 2134 Graecorum
1056 2069 1251 2154 emptionem
1276 2094 1362 2140 ven·

215 2172 366 2238 ditionem
391 2174 621 2238 enucleandam
652 2174 774 2238 Anthes
798 2175 913 2260 Rayeti
946 2183 978 2237 et
1009 2173 1253 2256 Ditteubergeri
1279 2200 1363 2243 sen-

213 2277 327 2351 tenties
350 2277 537 2361 plerumque
560 2278 725 2361 amplexus
758 2297 856 2363 pauca
891 2279 1004 2340 attulit.
1050 2277 1154 2350 Quam
1186 2298 1363 2346 commen·

198 2380 373 2458 tationem,
392 2402 464 2444 cum
479 2401 549 2445 sero
567 2383 775 2465 cognoverim,
792 2382 852 2446 nisi
867 2382 898 2445 iu
910 2381 1168 2446 adnotationibus
1184 2385 1359 2467 respicere

214 2503 276 2547 uon
299 2484 397 2569 potui.

675 2782 880 2791 ——cuu—

577 3045 615 3126 A.
658 3045 717 3127 llll
746 3046 980 3129 laurinus,

740 3224 756 3304 y
783 3227 808 3285 1.

459 3376 533 3438 QUA
559 3378 702 3430 AETATE
728 3377 853 3431 TITULI
879 3377 988 3431 incisi
1013 3370 1101 3431 SINT.

314 3531 576 3617 Inscriptionuiu,
620 3555 697 3619 quaa
734 3557 831 3619 supra
869 3536 1071 3615 enumeravi,
1112 3535 1234 3598 nullam
1276 3548 1362 3607 aute

211 3633 389 3698 Alexandri
411 3634 520 3714 Magni
541 3643 685 3722 tempore
709 3649 872 3703 exaratam
897 3659 965 3703 esse
989 3645 1120 3703 constat.

313 3736 482 3822 Erythraei
515 3742 596 3803 tituli
621 3751 778 3823 aetatem,
807 3763 898 3827 quem
923 3743 1033 3806 ultimo
1058 3740 1233 3805 Alexandri
1266 3766 1361 3814 auno

210 3863 274 3905 non
298 3842 504 3926 antiquiorem
530 3867 599 3910 esse
628 3867 669 3910 ex
699 3845 802 3909 divino
826 3846 1001 3911 Alexandri
1047 3846 1099 3930 qui
1123 3868 1152 3908 v.
1178 3846 1364 3916 11000111-

210 3953 402 4010 memoratur
425 3948 511 4011 cultu
531 3949 673 4032 colligas,
698 3951 837 4013 omnium
853 3951 1091 4014 accuratissime
1107 3948 1245 4013 definire
1262 3952 1361 4023 lieet.

210 4049 358 4114 Alterum
381 4051 463 4115 enlm
485 4051 608 4116 titulum
631 4054 732 4136 ipsum
749 4075 874 4138 quoque
892 4052 1038 4142 Erythris
1053 4053 1229 4133 inventum,
1254 4077 1360 4140 quem

315 4296 323 4331 ¹
343 4293 439 4346 Jahrb.
458 4294 477 4348 f.
497 4296 575 4348 otass.
594 4297 688 4349 ΡΙιίΙοΙ.
708 4299 795 4366 suppl.
815 4296 862 4350 IV.
882 4313 907 4364 p.
926 4296 985 4354 619.
