2954 4822
556 294 595 303 -
643 256 730 343 [ios]
778 295 819 304 -
1217 263 1259 326 ετ

119 445 215 509 modo
250 454 326 510 anto
364 447 488 511 ionicos
519 448 672 527 occurrit,
705 455 803 534 atquc
841 470 910 513 ran.
941 452 1018 528 324,
1048 454 1120 512 1=
1143 455 1255 529 340,1

119 548 172 626 (cf.
196 570 227 633 p.
244 552 318 632 Ι75).
365 549 506 615 Ultimus
535 573 648 615 vorans
672 551 812 618 dimeter
836 554 994 618 iambicus
1019 554 1148 618 videtur·
1172 577 1257 620 osse.

205 764 332 829 Duobis
355 771 530 851 praeterea
551 766 631 829 locis
654 765 770 831 eodem
787 767 892 849 modo,
925 790 987 854 quo
1013 792 1079 834 ran.
1102 774 1257 852 324,1=

121 873 223 951 340st
252 870 307 951 (ol.
331 892 362 956 p.
388 873 451 951 75),
475 877 550 936 ante
574 872 697 935 ionicos
721 873 826 936 forma
848 915 894 940 o.
909 918 944 938 a.
969 881 1124 959 usurpata
1147 882 1215 940 est:

399 1007 546 1094 Euripid.
570 1007 740 1073 Phoeniss.
769 1012 974 1074 1539-1541

124 1123 176 1186 01.
205 1117 238 1186 τί
260 1114 305 1204 μ’,
329 1109 356 1185 oi
378 1117 535 1205 παρθένε,
564 1116 788 1206 βακτρεύμασι
815 1122 944 1209 τυφλοῦ
973 1120 1079 1202 ποδὸς
1107 1121 1260 1211 ἐξάγαγες

1041 1227 1074 1306 ἐς
1096 1231 1168 1317 φῶς
1194 1263 1254 1302 ππ

205 1323 320 1416 λεχήρη
344 1323 485 1393 σκοτίων
507 1325 544 1392 ἐκ
566 1323 730 1410 θαλάμων
753 1325 1015 1415 οἰκτροτάτοισιν
1028 1325 1200 1419 δάκρυσιν,

208 1427 339 1518 [πολιὸν
361 1426 498 1516 αἰθέρος
521 1424 644 1519 ἀφανὲς
666 1428 810 1514 εἴδωλον,
834 1427 856 1522 ἢ
878 1432 968 1500 νέκυν
991 1432 1129 1522 ἔνερθεν,
1153 1433 1175 1527 ἢ

206 1533 332 1603 πτανὸν
355 1530 507 1624 bremon]

120 1972 233 2037 Verba
264 1964 590 2061 λεχήρη-δάκρυσιν
620 1992 686 2035 non
716 1972 932 2057 probabiliter
962 1975 1008 2038 ita
1038 1975 1150 2040 divisit
1180 1977 1260 2042 Din-

120 2076 255 2157 dorlius,
287 2083 323 2141 ut
353 2076 487 2162 syllabis
511 2068 773 2161 οἱκτροτοὶτοισιν
797 2071 953 2163 δάκρυσιν
983 2079 1157 2146 dimetrum
1182 2082 1259 2146 olm-

120 2182 313 2246 riambioum
352 2180 481 2266 (ionicis
517 2180 666 2244 versibus
707 2179 931 2266 subiunctum)
967 2184 1123 2249 efficeret.
1184 2185 1258 2251 Duo

121 2307 232 2350 versus
256 2286 360 2350 ultimi
384 2285 533 2350 huonon
557 2284 730 2370 pertinent.

357 2423 431 2509 Iph.
455 2423 531 2489 nui.
558 2425 1010 2508 ill-175=192-196¹)

376 2528 519 2617 Ἀχαιῶν
542 2527 699 2619 στρατιὰν
721 2527 765 2612 ὡς
788 2529 987 2618 κατιὸοίμαν

380 2631 544 2723 ΙἈχααῦν
566 2661 601 2703 τε
623 2631 753 2716 πλάτας
776 2633 999 2723 ναυσιπόρους

432 2733 566 2829 ἠιθέων,
591 2730 647 2819 οὓς
665 2741 671 2826 Ι
690 2739 748 2806 ἐπὶ
776 2738 874 2827 Τροί-

431 2872 471 2912 αν
493 2841 625 2925 ἐλάταις
646 2840 847 2927 χιλιόναυσιν
867 2849 871 2926 Ι

430 2945 486 3017 τὸν
508 2945 633 3031 ξανθὸν
656 2948 825 3016 Μενέλαον
848 2951 914 3017 κτλ.

119 3405 291 3470 Facillime
320 3404 418 3468 ionici
447 3403 690 3482 continuantur,
723 3403 751 3467 si
781 3423 896 3467 versus
930 3401 977 3467 ita
1005 3402 1194 3467 dividuntur
1221 3410 1257 3466 ut

120 3532 219 3595 supra
240 3509 368 3574 lineolis
393 3507 610 3592 significatum
635 3513 695 3573 est.
738 3506 864 3571 Versus
896 3505 972 3570 indo
1004 3501 1105 3572 στὸν
1133 3502 1257 3586 ξανθὸν

125 3636 189 3679 uon
213 3612 364 3679 videntur
387 3611 596 3676 consociandi
620 3633 693 3676 osse
718 3633 790 3675 cum
814 3610 1100 3696 praecedentibus.

206 3715 273 3780 Vix
295 3714 429 3779 dubium
461 3720 525 3794 cst,
555 3713 630 3799 quin
661 3713 837 3777 Persarum
869 3712 1004 3797 stropha
1027 3715 1197 3776 648-652
1214 3747 1254 3768 =

119 3823 289 3885 653-657
313 3819 376 3883 huc
399 3840 463 3882 non
479 3820 654 3904 pertineat.
691 3817 775 3881 Nam
792 3818 939 3901 quamvis
960 3816 1085 3901 priores
1102 3816 1165 3880 duo
1184 3839 1254 3882 ver-

119 3946 175 3989 sus
199 3922 393 3987 choriambis
416 3927 449 3985 et
473 3921 587 3985 ionicis
612 3920 783 4006 compositi
815 3942 888 3985 esse
919 3919 1104 3999 videantur,
1139 3921 1254 3985 tertius

117 4028 238 4094 idonea
266 4027 486 4113 explicatione
518 4034 621 4107 caret,
652 4027 714 4090 nisi
746 4025 971 4110 logaoedicum
1003 4031 1113 4108 putes;
1145 4026 1254 4111 itaque

189 4239 209 4305 ¹)
228 4234 328 4303 Christ,
346 4233 524 4291 continuum
542 4251 569 4305 p.
587 4232 629 4286 ol.
