2962 4800
738 278 805 360 [38]

308 472 341 553 3)
365 472 487 543 Restat,
517 478 552 533 ut
576 489 777 553 quaeramus,
801 469 1005 551 quamobrem
1030 471 1221 536 sacerdotii
1249 475 1375 558 emptio

202 577 339 639 venditio
356 576 499 638 instituta
523 575 572 636 sit.
618 572 666 634 Ae
689 573 822 656 primum
848 571 971 654 quidem
997 575 1146 637 maxime
1175 579 1371 640 cavendum

201 687 258 759 est,
282 701 321 741 ue
338 678 536 741 Boeckhium
560 677 659 739 secuti
678 675 758 737 banc
774 676 968 738 Graecorum
985 677 1276 744 consuetudinem
1296 702 1370 743 curn

202 804 300 867 prava
323 782 387 862 illa,
410 802 504 865 quam
528 781 622 842 medii
645 780 715 842 aeri
739 781 934 862 temporibus
960 780 1098 842 valuisse
1123 783 1218 845 inter
1250 806 1370 848 omnes

202 893 334 955 constat,
368 883 602 968 quodammode
632 882 864 945 confundamus
888 889 943 945 arrt
973 903 1217 966 comparemus.
1282 887 1369 950 Nan]

202 990 398 1053 Graecorum
415 988 567 1066 venditi0,
585 1008 776 1070 quamquam
794 1007 813 1047 a
829 986 986 1071 Dionysio
1004 986 1227 1073 improbatur,
1253 999 1368 1054 tamen

202 1093 242 1155 ab
267 1091 320 1153 iilo
345 1091 441 1153 medii
471 1091 541 1153 aevi
572 1089 673 1152 abusu
703 1109 741 1150 co
774 1090 899 1152 nomine
930 1091 1065 1151 maxime
1097 1088 1225 1173 differt,
1262 1095 1368 1178 quod,

202 1217 275 1258 cum
293 1194 467 1277 Dionysius
484 1192 645 1275 emptione
661 1191 838 1255 sacerdotia
858 1193 965 1273 qrraeri
983 1191 1095 1254 eodem
1115 1193 1189 1256 iure
1213 1218 1257 1258 ac
1275 1206 1368 1261 sorte

202 1299 330 1378 iudicet,
353 1319 417 1360 non
440 1295 562 1376 fraude,
587 1296 642 1359 scd
666 1297 737 1378 lege
753 1295 917 1359 venditata
934 1302 1006 1359 suut
1022 1296 1221 1362 sacerdotia.
1259 1301 1366 1365 Prac-

202 1410 291 1465 terca
314 1403 352 1465 ad
378 1402 531 1485 pietatem
564 1421 639 1481 erga
672 1400 749 1463 deos
781 1399 1030 1482 religionemque
1062 1402 1364 1466 comminuendam

203 1512 237 1568 ut
253 1506 395 1583 simonia,
419 1524 501 1587 quae
516 1504 707 1582 nominatur,
733 1503 872 1582 maximi,
896 1504 940 1564 ita
957 1502 1074 1564 minimi
1095 1503 1183 1584 apud
1205 1504 1362 1570 Graecos

201 1610 261 1672 fuit
284 1607 445 1691 ponderis,
469 1604 552 1689 quod
571 1606 723 1667 nonnulla
739 1605 917 1669 sacerdotia
939 1604 1096 1667 venibant.
1144 1609 1362 1674 Graecorum

203 1712 285 1773 enim
309 1708 492 1772 sacerdotes
516 1729 647 1792 corpore
672 1709 799 1792 vitaque
821 1709 954 1789 integri¹
980 1715 1011 1771 et
1026 1708 1133 1771 civcs2
1157 1731 1233 1774 esse
1253 1713 1360 1777 debe·

202 1813 280 1875 bant
312 1832 417 1894 neque
449 1812 580 1875 scientia
612 1811 649 1873 iis
683 1833 763 1894 opus
795 1819 863 1874 crat
896 1810 1095 1893 dogmatica3
1129 1815 1185 1896 qui
1222 1824 1362 1897 praeter

202 1915 319 1997 templa
349 1913 489 1975 ruenda³
523 1920 554 1975 et
589 1913 795 1976 celebrandos
832 1913 897 1976 dies
931 1914 1029 1977 festos
1063 1914 1138 1977 nibil
1176 1920 1359 2000 curabant,

205 2017 401 2099 deorumque
419 2016 522 2078 cuitus
539 2038 578 2078 nc
595 2038 614 2078 a
631 2024 755 2099 patrum
770 2038 855 2080 more
868 2017 1054 2095 diseederet,
1070 2018 1215 2082 maxime
1228 2021 1361 2087 dabant

204 2141 344 2203 operam.
386 2120 511 2203 Itaque,
536 2121 603 2183 sive
625 2130 712 2185 sorte
728 2123 794 2183 sive
811 2123 971 2205 emptione
987 2122 1229 2205 quaerebantur
1244 2148 1362 2189 saeer-

204 2222 302 2301 dotia,
325 2223 507 2285 sacerdotes
530 2224 590 2307 ipsi
616 2245 672 2287 nec
702 2225 872 2289 deteriores
903 2247 961 2289 nec
990 2225 1243 2307 praestantiores
1279 2251 1356 2293 esse

204 2325 407 2401 videbantur,
432 2347 490 2388 nec
514 2348 604 2389 secus
622 2326 796 2412 Dionysius
818 2338 923 2411 empta
941 2349 1031 2391 sacra
1046 2328 1085 2389 ab
1102 2327 1175 2406 iliis,
1203 2351 1295 2413 quae
1314 2336 1356 2397 ad

205 2435 321 2492 sortem
333 2428 576 2504 revocabantur,
588 2430 631 2491 ita
644 2428 803 2505 disceruit,
816 2437 851 2491 ut
864 2431 1112 2494 sacerdotiorum
1123 2430 1357 2498 venditionem

205 2530 345 2614 φαύλως,
380 2530 575 2594 sortitionem
600 2530 822 2610 ἀπερισκέπτως
852 2533 1028 2595 institutam
1059 2552 1127 2594 esse
1158 2534 1357 2604 arbitretur.

206 2635 311 2709 Quam
336 2636 531 2717 emptionem
552 2635 767 2698 venditionem
785 2656 855 2697 cum
873 2635 945 2698 inde
961 2636 1000 2697 ab
1019 2635 1196 2699 Alexandri
1215 2639 1355 2706 demum

205 2739 400 2820 temporibus
424 2737 561 2800 valuisse
586 2739 836 2819 cognoverimus,
869 2740 899 2802 in
924 2738 1101 2801 civitatibus
1126 2738 1219 2802 bellis
1245 2751 1356 2828 atque

205 2841 338 2903 excidiis
354 2841 392 2903 ad
411 2840 548 2923 inopiam
566 2841 701 2904 redactis
719 2850 825 2906 natam
843 2864 913 2906 csse
930 2842 1131 2904 manifestum
1147 2850 1208 2907 est.
1235 2846 1358 2932 Atque

204 2952 239 3007 ut
255 2943 395 3007 Asianae
419 2943 564 3007 civitates
580 2943 630 3005 vel
654 2946 793 3007 maxime
820 2945 926 3008 vexari
943 2952 1038 3026 atque
1063 2944 1180 3006 turbari
1206 2960 1357 3031 coeptae

204 3053 287 3126 sunt,
312 3048 355 3109 ita
378 3046 419 3109 ibi
444 3047 578 3129 primum
603 3047 853 3110 sacerdotiorum
878 3047 1090 3110 venditionem
1115 3046 1145 3106 in
1166 3068 1229 3111 usn
1246 3051 1355 3119 fuisse

203 3148 347 3213 vidimus.
372 3149 601 3213 Halicarnassii
618 3148 745 3233 quidem
763 3152 840 3215 urbe
854 3151 893 3214 ab
908 3149 1090 3215 Alexandro
1105 3151 1223 3232 Magno
1239 3153 1357 3221 diruta

204 3254 288 3317 vires
311 3253 459 3335 colligere
483 3262 513 3316 et
536 3273 689 3317 revocare
718 3254 921 3319 studuerunt.
968 3255 1059 3329 Quod
1083 3261 1119 3316 ut
1149 3253 1356 3341 efficeretur,

203 3357 285 3420 hanc
308 3377 435 3441 quoque
458 3356 640 3421 sacerdotes
664 3359 877 3421 constituendi
893 3358 1049 3422 rationem
1072 3357 1250 3422 institutam
1276 3383 1356 3429 esse

205 3459 374 3523 verisimile
399 3466 456 3524 est.
500 3459 756 3524 Sacerdotiorum
781 3462 876 3544 igitur
901 3461 1044 3525 venditio
1068 3460 1146 3523 nihil
1169 3461 1260 3526 aliud
1288 3468 1356 3532 uisi

203 3563 330 3644 liturgia
365 3563 520 3646 quaedam
558 3563 654 3628 fuisse
688 3564 830 3642 videtur,
864 3586 926 3648 qua
962 3565 1071 3628 civitas
1105 3563 1200 3628 rebus
1238 3568 1355 3635 dubiis

204 3665 319 3729 civium
342 3667 494 3749 pecunias
524 3667 564 3729 ad
596 3688 630 3730 sc
659 3676 836 3733 revocaret.
883 3667 976 3731 Cives
1005 3674 1112 3732 autem
1143 3689 1207 3732 non
1242 3676 1356 3742 solum

203 3768 344 3849 honoris,
368 3769 423 3833 sed
448 3771 542 3834 etiam
567 3779 717 3854 quaestus
734 3792 829 3836 eausa
845 3771 1024 3835 sacerdotia
1041 3779 1196 3836 emerunt.
1228 3774 1356 3862 Itaque
1396 3810 1398 3814 ·

204 3872 343 3936 maxime
367 3872 540 3936 dolendum
565 3881 623 3955 est,
647 3875 731 3959 quod
756 3896 819 3939 non
843 3877 906 3939 iam
930 3876 995 3940 erui
1020 3881 1135 3960 potest,
1159 3887 1286 3960 quanta
1317 3894 1355 3950 et

309 4122 318 4156 ¹
337 4122 371 4174 et.
392 4124 479 4191 Etym.
500 4124 538 4177 M.
556 4141 583 4190 p.
604 4124 659 4177 176.

306 4210 317 4242 ²
335 4209 371 4262 ct.
388 4210 463 4262 Dem.
478 4210 575 4262 Eubnl.
595 4209 664 4275 §⁴1ss.
678 4211 737 4262 adv.
752 4212 850 4264 Neaer.
868 4212 882 4276 ξ
899 4211 941 4263 75.
960 4212 1039 4263 Ross.
1054 4213 1135 4264 inser.
1149 4228 1189 4278 gr.
1204 4214 1251 4267 111
1267 4235 1296 4284 p.
1310 4222 1357 4276 59,

307 4291 369 4345 ³rt.
390 4295 472 4347 Arist.
492 4296 550 4348 Pol.
570 4296 610 4347 VI
628 4296 653 4348 5.
