2962 4800
688 293 755 376 [rs]
1248 296 1289 358 23

157 489 412 570 irnpetravissam.
467 486 528 550 His
550 487 646 569 igitur
670 486 773 549 vorbis
798 487 1067 570 interpretandum
1092 509 1160 551 esse
1186 489 1290 553 locum

156 597 261 656 nostro
284 613 427 656 sermons
456 599 550 675 puto:
585 589 680 654 Deua
709 610 798 653 wenis
825 590 876 653 icis
908 590 973 671 auf
998 591 1112 674 irpeod
1139 593 1205 656 eine
1227 594 1290 657 Art

157 695 211 760 aa
232 697 318 761 horte
340 696 518 760 bestimmen
538 693 660 758 ledones
685 695 888 779 wopaupetseu
912 733 951 743 -
970 695 1066 758 Mate
1088 716 1192 779 panop
1214 696 1291 761 trabe

155 800 206 864 teo
227 802 291 864 mir
313 800 454 884 popedon.

259 904 373 990 Itaque
395 905 443 969 his
465 904 580 968 additis
602 904 679 967 loeis
701 904 916 968 coniunctivus
944 905 1033 989 impf.
1059 905 1145 968 14ies
1173 905 1290 988 legitur

156 1012 188 1074 in
211 1009 364 1075 eiusmodi
386 1009 563 1072 enuntiatis.
609 1007 779 1071 Praeteriti
801 1015 908 1072 autem
937 1008 984 1071 vis
1006 1009 1032 1072 si
1054 1030 1116 1071 non
1139 1008 1171 1071 in
1190 1009 1289 1072 omni·

158 1115 225 1195 bus,
251 1120 285 1176 at
309 1113 342 1176 in
370 1111 518 1176 undecim
540 1111 710 1176 enuntiatis
740 1110 936 1194 perspicitur.
981 1111 1289 1196 Plusquamperfeoti

156 1219 236 1281 coni.
259 1237 333 1282 vero
356 1216 522 1301 quinquies
544 1216 630 1300 apud
645 1215 797 1280 Plautum
821 1237 892 1280 curn
916 1216 1083 1280 indicativo
1099 1222 1199 1301 praet.
1216 1236 1289 1279 con·

96 1319 100 1332 '
156 1321 293 1385 sociatur
316 1319 369 1399 (of.
385 1318 593 1384 Rothheimer
615 1341 648 1404 p.
671 1318 736 1399 47).

257 1423 375 1488 Contra
398 1424 429 1487 in
454 1421 644 1488 Halmianae
667 1424 805 1508 sylloges
827 1422 1020 1487 orationibus
1044 1424 1123 1488 coni.
1139 1424 1239 1508 plusq.
1257 1424 1289 1487 in

156 1529 272 1612 protasi
296 1527 462 1593 duodecies
489 1528 622 1611 legitur,
655 1528 736 1592 coni.
751 1519 849 1612 'impi
872 1527 1036 1612 praeteriti
1065 1528 1097 1589 vi
1126 1526 1288 1611 praeditus

155 1632 266 1706 octies;
299 1638 410 1716 quater
433 1631 472 1695 de
495 1632 617 1696 actione
647 1632 806 1715 praesenti
837 1637 1016 1715 usurpatur.
1062 1630 1233 1694 Praeterea
1262 1631 1289 1694 si

155 1736 391 1800 enuntiatorum
421 1757 587 1799 numerum
619 1756 799 1820 compares,
830 1755 962 1819 quorum
994 1735 1023 1798 in
1057 1734 1188 1818 apodosi
1222 1734 1287 1799 ind.

154 1859 267 1924 praes,
299 1839 331 1902 in
363 1839 483 1923 protasi
515 1841 593 1904 coni.
625 1845 680 1903 aut
709 1840 884 1923 praesentis
917 1843 973 1902 aut
1006 1837 1138 1922 perfecti
1173 1844 1287 1916 exstat,

155 1943 289 2007 eandem
311 1942 393 2006 inter
415 1942 494 2006 haec
517 1964 643 2027 quoque
667 1944 830 2007 enuntiata
852 1942 1046 2007 intercedere
1076 1941 1287 2006 differentiam

155 2053 250 2132 atque
265 2048 347 2111 inter
362 2067 410 2125 aa,
434 2046 473 2110 de
489 2046 601 2130 quibus
616 2047 745 2112 uberius
760 2068 858 2132 supra
880 2047 1027 2124 diximus,
1049 2047 1138 2110 nullo
1161 2046 1287 2130 negotio

156 2155 362 2236 cognoscitur.
396 2152 493 2236 Apud
509 2152 659 2239 Plautum
682 2153 766 2216 enim
789 2153 964 2235 nonaginta
987 2151 1054 2215 fere
1077 2152 1143 2215 eius
1162 2151 1288 2233 generis

154 2258 302 2340 exempla
325 2263 492 2320 occurrunt
515 2253 571 2339 (ci.
588 2255 795 2321 Rothheimer
817 2278 849 2341 p.
866 2258 907 2320 43
923 2253 1015 2340 sqq),
1039 2255 1072 2318 in
1095 2253 1288 2318 orationibus

153 2360 193 2424 ab
216 2359 347 2423 Halmio
371 2358 463 2423 editis
488 2359 600 2442 viginti
623 2360 771 2444 quinque.

684 2533 824 2615 §a

256 2670 304 2735 Ac
325 2693 366 2735 ne
388 2693 427 2735 ea
449 2671 576 2756 quidem
599 2672 762 2736 enuntiata
785 2692 913 2755 prorsus
934 2669 1133 2753 neglegenda
1148 2678 1231 2747 sunt,
1254 2671 1286 2736 in

153 2775 267 2859 quibus
289 2776 507 2839 coniunctivus
522 2775 610 2859 irnpf.
628 2774 710 2839 nude
726 2776 845 2859 positus
860 2781 916 2848 est,
940 2776 1007 2838 sive
1022 2774 1212 2838 coniunctivi
1231 2782 1287 2839 aut

152 2879 258 2942 iussivi
274 2899 369 2963 quem
387 2886 501 2942 vocant
523 2886 578 2942 aut
600 2878 799 2942 deliberativi
821 2899 898 2964 prae
920 2899 953 2942 se
972 2878 1033 2942 fert
1050 2878 1197 2962 speciem,
1219 2879 1287 2943 sive

153 2982 377 3046 condicionalis
397 2982 481 3045 notio
499 2982 680 3064 cogitationi
701 2982 861 3046 subicitur.
908 2981 956 3044 Ac
975 2982 1079 3045 nescio
1100 3003 1140 3045 an
1163 2982 1287 3045 nullum

152 3103 285 3172 usquam
313 3086 378 3149 eius
409 3086 534 3167 generis
565 3086 764 3149 enuntiatum
796 3085 881 3169 apud
904 3085 1055 3148 Plautum
1079 3092 1223 3149 occurrat
1246 3084 1287 3148 ad

152 3190 325 3274 praesentis
348 3189 497 3272 temporis
520 3188 678 3253 notionem
701 3189 871 3270 accedens3
901 3209 1012 3252 verum
1043 3190 1207 3274 praeteriti
1239 3191 1285 3254 vis

152 3295 296 3358 omnibus
318 3294 396 3357 locis
418 3293 542 3357 videtur
565 3313 657 3376 possc
681 3295 834 3376 cognosci.
880 3292 964 3356 Nam
987 3301 1020 3358 et
1035 3294 1190 3378 (iepperti
1213 3315 1286 3358 con·

152 3398 271 3462 iectura
293 3398 390 3462 Poen.
412 3400 473 3461 359
496 3418 560 3461 noo
583 3415 695 3479 aequos
716 3399 751 3460 ta
773 3419 819 3461 me
836 3418 914 3462 esses
930 3397 1126 3483 repudianda
1148 3404 1196 3460 est
1210 3418 1286 3480 prae

152 3503 355 3567 Ambrosiani
377 3503 544 3587 scriptura:
574 3523 636 3566 oron
664 3520 777 3584 aequos
806 3504 839 3565 io
864 3524 910 3566 me
934 3524 982 3581 es;
1009 3523 1110 3587 neque
1135 3500 1286 3565 librorum
1311 3519 1315 3533 ¹

152 3607 305 3671 memoria
327 3606 470 3671 nituntur
493 3607 514 3670 ii
538 3608 591 3692 qui
616 3606 709 3671 Truc.
728 3608 786 3670 501
810 3606 861 3670 vel
883 3628 930 3670 rna
953 3607 1104 3688 rnoteficio
1127 3605 1287 3669 oisemo?

152 3711 202 3774 vel
226 3732 281 3795 epo
304 3713 440 3792 rrrotfteio
463 3710 638 3775 vincerem?
660 3710 890 3775 restituendum
913 3732 981 3775 esse
1003 3711 1147 3774 arbitrati
1168 3716 1249 3773 sunt.

255 3815 425 3878 Praeteriti
456 3836 530 3879 vcro
562 3814 827 3898 significationem
849 3814 897 3878 his
920 3815 973 3899 qui
1005 3819 1179 3898 sequuntur
1209 3815 1287 3878 locis

151 3942 319 4005 agnoscas:

151 4025 242 4110 Capt.
268 4026 329 4088 704
631 4044 689 4085 eur
711 4044 741 4086 as
765 4044 863 4087 arisae
886 4023 1012 4087 mentiri
1034 4022 1132 4085 rothi?
1154 4043 1184 4085 ::

408 4127 490 4207 Quia
512 4147 588 4189 oero
611 4124 790 4190 obessent
813 4128 870 4209 itti,
893 4128 967 4211 quoi
989 4146 1116 4210 operam
1139 4124 1263 4192 dabam.

152 4229 222 4295 Cas.
236 4229 267 4293 V
282 4234 314 4314 2,
337 4233 379 4295 30
411 4230 474 4295 Sed
507 4251 598 4315 quom
632 4231 752 4314 sopito,
784 4252 847 4295 noa
880 4229 988 4293 tabuit
1019 4229 1179 4312 plotium,
1212 4249 1286 4292 oum

902 4340 1007 4399 esset
1023 4333 1182 4420 frigidus.
