2962 4800
680 297 748 386 [91]
1240 305 1282 371 35

152 495 240 581 impf.
265 496 296 559 in
327 501 449 559 enuntt.
473 494 585 559 condd.
610 488 681 558 cum
712 494 882 578 praeterito
913 500 1054 579 tempore
1085 495 1283 580 aliquatenus

151 599 358 680 cohaerebat,
389 600 415 662 is
446 598 541 662 velim
570 598 768 678 meminerit,
798 618 894 682 quam
922 599 1068 684 proxima
1098 601 1282 683 cognatione

151 703 335 767 Plautinum
365 701 515 786 loquendi
545 721 644 784 genus
673 722 744 765 cum
773 701 898 785 vulgari
921 701 1136 766 Romanorum
1158 704 1282 788 eloquio

151 810 319 888 cognatum
342 805 392 868 sit.
428 803 510 867 Sane
533 802 708 880 Terentius,
731 803 784 888 qui
807 804 931 887 vulgari
954 804 1079 890 eloquio
1102 805 1168 870 fere
1190 827 1283 892 repu-

150 909 236 973 diato
260 907 523 973 nobilissimorum
554 927 730 971 sermonem
759 908 791 970 in
821 907 990 972 comoediis
1018 908 1135 973 imitari
1163 917 1196 973 et
1227 931 1283 976 ex-

149 1014 286 1098 primere
318 1012 447 1103 maluit,
480 1012 513 1074 in
536 1011 799 1076 condicionalium
821 1033 944 1096 quoque
968 1014 1200 1078 enuntiatorum
1223 1036 1282 1080 usu

149 1117 189 1181 ad
205 1117 442 1181 Ciceronianam
464 1114 722 1179 consuetudinem
737 1115 865 1200 propius
880 1114 1020 1181 accessit.
1056 1115 1168 1203 Neque
1184 1117 1281 1202 igitur

150 1220 261 1285 Cicero
285 1226 339 1283 aut
360 1219 480 1303 primus
501 1224 556 1282 aut
580 1223 741 1302 tamquam
763 1239 843 1282 unus
866 1240 906 1283 ex
928 1220 1037 1304 primis
1052 1241 1123 1284 eam
1139 1242 1282 1285 normam

151 1324 183 1387 in
200 1322 398 1388 coniunctivo
415 1321 592 1406 imperfecti
608 1321 788 1406 usurpando
811 1328 935 1386 secutus
958 1328 1013 1398 est,
1037 1322 1077 1386 de
1100 1344 1163 1407 qua
1184 1345 1280 1409 supra

150 1427 293 1512 pluribus
316 1426 393 1490 dixi.
437 1425 545 1488 Unum
576 1425 707 1489 afferam
729 1424 912 1508 exemplum
935 1446 977 1489 ex
1000 1425 1141 1490 Terentii
1163 1425 1280 1492 fabulis

150 1531 291 1615 petitum,
315 1550 375 1614 quo
391 1529 466 1592 satis
481 1528 557 1591 mihi
580 1528 690 1592 videor
712 1527 928 1592 demonstrare
950 1549 1053 1612 posse,
1077 1551 1172 1615 quam
1194 1536 1279 1595 recte

151 1634 333 1698 Terentium
352 1631 392 1696 ad
408 1631 566 1696 Ciceronis
588 1631 737 1715 loquendi
759 1631 1018 1696 consuetudinem
1042 1633 1170 1718 propius
1192 1654 1279 1698 acce·

150 1737 224 1801 dere
248 1735 471 1801 contenderim.
515 1735 668 1819 Legimus
690 1735 774 1800 enim
796 1735 829 1799 in
850 1734 979 1819 Adelph
1003 1737 1111 1800 v.104
1133 1758 1217 1822 sqq:

958 1886 992 1944 tu
1014 1902 1097 1946 nunc
1120 1882 1178 1947 tibi

533 1984 575 2048 Id
597 1983 687 2049 laudi
709 1983 809 2066 ducis,
831 1984 914 2069 quod
936 1992 1002 2049 tum
1018 1985 1127 2068 fecisti
1146 1987 1281 2072 inopia?

147 2115 271 2194 tempu,
300 2106 506 2193 praeteritum
520 2084 724 2302 lIm'arirunst
734 2110 747 2169 ,·
792 2109 866 2152 nam
903 2090 932 2153 ai
975 2109 1015 2153 cs
1015 2111 1044 2276 p
1049 2098 1086 2154 et
1122 2091 1205 2155 unde
1245 2092 1281 2156 id

1049 2193 1176 2275 ieret,

518 2369 808 2579 [Faceremua.
846 2397 873 2454 et
910 2397 945 2455 ta
981 2391 1070 2455 illam
1108 2395 1214 2471 tuom,
1250 2391 1280 2453 ai

939 2513 1056 2558 casea
1077 2493 1176 2575 horno,

533 2595 706 2660 Sineres
728 2617 812 2661 nunc
831 2598 950 2679 facere,
975 2597 1048 2661 dum
1065 2602 1276 2680 parcitatem

1093 2701 1173 2780 licet,

144 2554 268 2633 tempus
289 2567 437 2632 praesens
517 2585 529 2792 l

516 2864 642 2964 [Potius
663 2899 767 2963 quara
792 2928 799 2945 .
824 2928 863 2944 ..

145 2958 268 3035 tempus
291 2951 431 3015 summm
516 2983 689 3088 {Alieniore
711 2990 901 3068 aetatepost
919 2985 1096 3067 faceret
1119 2989 1231 3046 tomen.

664 3301 682 3385 e
706 3305 756 3368 14.

243 3493 323 3559 Inde
342 3515 361 3558 a
381 3493 520 3558 Terentii
537 3499 642 3557 aetate
660 3492 738 3557 haec
757 3498 934 3576 temporum
950 3489 1039 3556 verbi
1055 3491 1087 3555 in
1102 3491 1272 3556 enuntiatis

142 3596 406 3663 condicionalibus
437 3596 567 3659 mutatio
600 3595 742 3659 celeriter
771 3596 816 3658 ita
837 3594 932 3658 latius
961 3600 1071 3678 patere
1093 3594 1207 3679 coepit,
1237 3601 1272 3658 ut

142 3724 183 3767 ex
206 3701 364 3767 Ciceronis
386 3699 510 3784 scriptis
532 3706 674 3763 sescenta
707 3697 863 3783 expiscari
891 3697 990 3782 possis
1020 3697 1186 3782 exempla,
1218 3696 1273 3762 ubi

143 3807 221 3870 coni.
251 3804 341 3890 impf.
373 3805 404 3868 in
440 3809 561 3869 enuntt.
594 3801 703 3867 condd.
733 3801 774 3866 ad
808 3801 951 3865 futurum
984 3807 1108 3886 tempus
1138 3807 1269 3886 spectat.

141 3910 230 3984 Quae
262 3930 334 3973 oum
363 3909 407 3971 ita
437 3907 514 3981 sint,
543 3907 597 3970 vix
621 3906 735 3971 mirum
765 3904 843 3969 illud
874 3912 937 3986 est,
968 3904 1051 3990 quod
1073 3905 1106 3968 in
1130 3904 1272 3988 epistulis

140 4010 364 4092 Ciceronianis,
388 4031 469 4095 quae
492 4009 682 4073 familiarem
704 4029 880 4073 sermonem
900 4009 1000 4092 magis
1019 4007 1162 4072 redolent
1176 4028 1273 4092 quam

140 4123 245 4180 cetera
267 4114 425 4180 Ciceronis
454 4115 586 4198 scripta,
616 4133 717 4197 pauca
739 4113 887 4196 leguntur
909 4112 1058 4195 exempla
1080 4110 1271 4175 coniunctivi

140 4218 228 4302 impf.
254 4219 286 4282 in
317 4224 438 4283 enuntt.
462 4216 571 4281 condd.
594 4216 639 4279 ita
669 4215 777 4300 positi,
807 4222 843 4279 ut
873 4213 914 4278 ad
945 4214 1150 4299 praeteritum
1172 4214 1270 4299 respi-

140 4321 238 4385 ciatur
262 4329 394 4407 tempus.
424 4319 531 4405 Atque
555 4317 634 4383 adeo
656 4319 804 4404 pauciora
826 4324 899 4383 sunt
913 4316 992 4382 haec
1006 4316 1164 4401 exempla,
1189 4337 1270 4400 quae

1135 4419 1171 4471 f„
