2956 4822
276 1416 363 1479 lnter
385 1416 497 1500 poesin
522 1415 721 1479 Graecorum
746 1416 867 1500 epicam
893 1413 924 1479 et
947 1415 1076 1500 lyricam
1109 1438 1179 1479 cum
1211 1420 1310 1482 mults

173 1522 233 1584 alia
257 1520 457 1584 intercedunt
480 1520 674 1592 discrimina,
699 1529 765 1582 tum
791 1529 905 1604 poetae
929 1521 1010 1603 epici
1033 1521 1071 1582 ad
1097 1528 1199 1584 certas
1223 1523 1309 1605 leges

174 1625 246 1689 inde
270 1627 310 1688 ab
334 1623 467 1687 Homeri
492 1625 687 1707 temporibus
713 1626 901 1690 constitutas
926 1625 1048 1706 alligati
1072 1646 1134 1687 non
1159 1625 1197 1687 ud
1217 1648 1309 1689 sunm

175 1729 356 1807 arbitrium,
388 1728 442 1790 sed
474 1729 647 1792 secundum
679 1728 821 1812 priorum
849 1735 1015 1812 poetarum
1046 1750 1136 1791 usum
1162 1738 1312 1813 poemata

174 1832 366 1914 scribebant,
391 1833 497 1916 lyricis
521 1843 627 1894 autem
652 1833 750 1894 multo
775 1833 875 1894 maior
898 1839 966 1894 erut
989 1831 1115 1895 licentia
1145 1834 1174 1895 in
1201 1835 1310 1896 carmi·

174 1937 266 2000 nibus
290 1934 477 2020 pangendis.
524 1935 604 1998 Nam
630 1957 700 1998 cum
724 1938 862 1998 carmina
885 1936 964 2020 epici
989 1937 1166 2018 argumenti
1196 1939 1308 2000 eodem

173 2062 268 2103 versu
301 2040 399 2103 heroo
431 2037 507 2101 κατά
532 2041 636 2121 στίχον
665 2026 938 2123 οουεοτίρὲεὶείηῐ
969 2060 1071 2122 neque
1102 2040 1183 2102 ullus
1213 2051 1310 2124 poeta

174 2165 293 2207 novum
317 2150 453 2206 metrum
478 2141 516 2204 ad
546 2143 699 2205 eiusmodi
728 2151 950 2224 argumentum
983 2144 1133 2205 continuo
1163 2152 1310 2227 poemate

175 2246 411 2330 depingendum
429 2246 579 2308 adbibere
597 2268 692 2308 ausus
709 2250 759 2324 sit,
778 2246 864 2329 lyrici
884 2253 971 2309 tanta
989 2254 1120 2309 utuntur
1138 2258 1309 2311 metrorum

175 2352 344 2430 varietate,
377 2358 412 2413 ut
442 2372 586 2413 summae
616 2351 653 2413 iis
676 2350 764 2413 laudi
789 2350 917 2412 ductum
942 2371 1012 2413 esse
1037 2351 1183 2414 rideatur
1206 2353 1320 2414 multi-1

172 2454 486 2538 plicibus-variisque
510 2454 656 2517 versibus
680 2455 820 2516 carmina
843 2454 1015 2517 includere.
1062 2454 1177 2517 Nonne
1201 2456 1310 2539 aple-

174 2558 276 2642 risque
309 2580 348 2622 ex
379 2558 559 2620 clarissimis
588 2559 689 2642 poetis
721 2559 848 2621 nomina
885 2565 1052 2621 traxerunt
1085 2567 1195 2634 metra,
1228 2580 1309 2642 quae

175 2672 231 2725 aut
269 2662 404 2746 primum
450 2670 506 2725 aut
551 2661 779 2745 perfectissimo
825 2663 865 2724 ab
904 2663 940 2724 iis
980 2663 1156 2744 composita
1197 2665 1309 2726 crant?

176 2767 313 2829 llaxirnc
337 2773 445 2828 autem
469 2767 530 2829 hoo
553 2787 706 2829 novorum
732 2773 905 2828 metrorum
934 2765 1072 2829 studium
1098 2774 1129 2828 et
1153 2766 1310 2850 cupiditas

175 2870 206 2932 in
234 2871 366 2933 choricis
390 2869 579 2953 conspicitur
602 2869 715 2953 poetis.
761 2869 889 2932 Etenim
915 2891 984 2932 cum
1008 2871 1037 2931 in
1063 2858 1175 2931 ceteris
1206 2872 1310 2954 poesis

174 2975 290 3058 lyricae
314 2973 483 3056 generibus
509 2981 539 3038 et
563 2975 599 3048 ia,
623 2976 674 3056 qui
700 2981 834 3037 metrum
860 2975 1042 3050 invenerat,
1070 2973 1182 3037 eodem
1207 2984 1309 3037 metro

173 3079 299 3162 saepius
323 3078 363 3142 ad
388 3078 528 3141 carolino
550 3077 720 3162 pangenda
745 3083 896 3157 uteretur,
921 3084 953 3140 et
969 3077 1037 3139 aliis
1053 3079 1169 3161 poetis,
1193 3079 1217 3139 si
1235 3079 1310 3162 ipsis

174 3203 285 3266 parum
310 3183 472 3245 sollertiae
495 3181 612 3261 inerat,
638 3204 656 3243 a
680 3181 851 3244 maioribus
877 3181 1005 3243 inventu
1032 3188 1131 3244 metra
1157 3202 1311 3266 usurpare

174 3287 300 3364 liceret,
330 3287 470 3349 carmina
501 3286 629 3349 chorica
661 3287 699 3349 ad
734 3308 831 3348 unum
865 3286 968 3349 omnia
1000 3286 1133 3348 diuersis
1164 3286 1244 3348 iuter
1275 3310 1310 3349 se

174 3391 283 3453 metris
316 3397 346 3452 ct
379 3391 554 3472 composita
584 3400 657 3453 sunt
692 3400 723 3453 et
755 3391 902 3474 componi
929 3393 997 3452 sine
1021 3390 1116 3453 (lubio
1140 3389 1309 3455 debebant.

174 3493 288 3578 ltaque
317 3492 493 3576 Pindarus,
531 3495 679 3578 princeps
714 3494 884 3577 lyricorum
916 3494 1129 3572 Grureorum,
1168 3495 1310 3575 singulos

175 3598 278 3677 viros,
302 3597 355 3680 qui
380 3597 545 3681 Olympia,
570 3597 700 3682 Pythia,
724 3596 861 3677 Nemea,
885 3598 1020 3660 lstlrmia
1044 3600 1198 3675 vicerant,
1220 3599 1310 3661 noris

176 3709 208 3767 et
243 3704 280 3765 ad
317 3702 374 3765 bas
413 3704 497 3787 ipsas
536 3702 737 3764 victoriarum
778 3702 960 3765 occasiones
998 3702 1133 3765 inventis
1171 3702 1309 3766 numeris

174 3807 345 3870 celebrarit
368 3828 426 3870 nec
450 3805 522 3889 plus
546 3804 644 3868 semel
668 3806 697 3867 in
728 3795 851 3867 duobus
880 3805 1090 3867 carminibus'
1120 3806 1150 3867 in
1175 3804 1309 3868 eundem

176 3911 276 3974 virum
322 3910 446 3995 scriptis
487 3909 617 3972 oonsilio
664 3918 696 3971 et
740 3911 862 3972 ratione
901 3908 1015 3971 ductus
1058 3909 1169 3971 codem
1208 3916 1309 3971 metro

174 4037 249 4078 usus
274 4024 332 4079 est.
379 4013 443 4078 Sed
466 4036 505 4077 ne
530 4013 611 4075 hano
643 4013 769 4097 quidem
793 4013 1014 4097 repetitionem
1047 4012 1188 4076 eiusdem
1218 4014 1308 4076 metri

175 4119 374 4183 tolerandam
398 4119 459 4181 rati
481 4117 605 4204 plurimi
631 4139 671 4180 ex
696 4117 925 4181 recentioribus
958 4116 1136 4179 editoribus
1166 4116 1230 4179 duo
1256 4117 1309 4180 illa

178 4252 219 4259 .-

277 4316 285 4347 ¹
306 4313 399 4366 Istlrm.
420 4310 463 4362 IlI
482 4316 510 4362 et
531 4312 576 4362 ll'.

1156 4390 1207 4445 lb*
