2954 4808
129 324 134 334 .
217 279 236 340 e
316 202 319 209 ι
739 270 829 358 [ue]

215 466 387 532 sententias
411 473 558 530 accurate
578 464 793 551 perquireret3
816 435 1021 530 nec‘dubium
1037 471 1098 548 est,
1115 465 1213 553 quin,
1232 467 1261 531 si
1280 463 1382 531 simili

216 568 365 634 modain
390 575 493 633 totum
523 576 704 654 temporum
734 589 773 634 ac
803 569 970 635 modorum
1002 589 1096 633 usum
1129 570 1379 657 inquisivisset,

216 673 362 738 omnibus
384 673 523 737 numeria
545 673 724 738 absolutum
750 671 791 736 de
822 671 870 737 his
900 673 997 739 rebus
1027 676 1312 740 commentarium
1344 676 1378 740 in

215 779 320 843 lucem
345 778 487 842 editurus
511 777 618 844 luerit.
665 777 757 852 Quae
782 799 853 841 cum
876 778 920 843 ita
940 779 1013 857 sint,
1035 778 1193 865 equidem
1209 779 1375 866 syntaxis

216 882 303 948 verbi
326 882 367 947 ab
390 881 622 948 Haesensteino
645 881 738 946 nimis
761 882 901 948 breviter
924 888 1090 947 tractatam
1114 883 1373 950 retractandam

215 987 349 1073 suscepi.

316 1089 403 1154 Luco
427 1087 541 1152 clarius
563 1087 730 1175 apparebit
746 1089 949 1153 Ammianum
973 1110 1036 1153 non
1061 1089 1171 1173 modo,
1197 1099 1236 1154 ut
1263 1091 1368 1155 homi-

215 1214 289 1257 nem
318 1191 448 1256 natione
479 1190 636 1256 Graecum
668 1200 700 1255 et
732 1191 864 1255 militem
895 1192 1077 1258 Romanum
1110 1198 1141 1256 et
1175 1201 1367 1260 structuras

215 1296 355 1362 Graecae
378 1293 559 1360 adhibuisse
589 1300 620 1359 et
649 1316 743 1359 usum
773 1295 903 1380 linguae
934 1295 1073 1381 vulgaris
1103 1303 1258 1361 secutum
1293 1320 1365 1364 essa

213 1405 309 1485 atque
344 1399 427 1463 inter
460 1419 495 1462 se
529 1385 769 1483 permiscuisse,
806 1399 861 1464 sed
897 1400 992 1464 etiam
1026 1400 1123 1467 modo
1157 1401 1362 1486 optimorum

213 1504 403 1590 scriptorum
426 1522 528 1586 genus
551 1501 677 1567 dicendi
700 1522 769 1568 essa
791 1503 948 1568 imitatum
973 1503 1067 1570 modo
1091 1504 1276 1589 peculiares
1299 1506 1361 1571 sibi

214 1628 342 1674 normas
375 1628 414 1672 ac
443 1627 540 1691 saepe
568 1605 723 1670 absurdas
753 1607 945 1694 ineptasque
975 1607 1118 1673 licentias
1148 1609 1360 1674 constituisse

212 1718 268 1776 aut
290 1733 310 1776 a
333 1711 540 1795 grammatico
565 1708 715 1796 quodam,
738 1710 827 1775 cuius
843 1731 942 1797 opera
957 1712 1070 1777 litteris
1086 1710 1194 1777 latinis
1210 1712 1358 1778 imbutus

213 1823 309 1897 esset,
331 1815 521 1881 constitutae
545 1816 715 1900 accepisse.

317 1917 387 1983 Iam
409 1920 510 2005 primo
531 1918 612 1983 libro
641 1917 681 1983 de
712 1925 893 2003 temporum
921 1942 981 1986 usu
1011 1918 1171 1997 disseram,
1202 1927 1305 2007 atque
1324 1923 1356 1986 in

214 2022 320 2108 priore
344 2022 438 2088 huius
461 2022 532 2087 libri
549 2029 639 2107 parte
656 2020 696 2087 de
712 2031 903 2108 temporum,
927 2024 1041 2111 quibus
1057 2045 1107 2089 ree
1122 2025 1224 2088 semel
1239 2034 1355 2110 gestae

214 2126 446 2211 exprimuntur,
470 2147 529 2190 usu
553 2126 733 2211 disputabo,
755 2127 786 2192 in
817 2128 918 2193 altera
949 2135 1041 2214 parte
1064 2135 1247 2193 ceterorum
1276 2136 1356 2195 tem·

214 2250 329 2315 porum
358 2230 511 2295 rationem
544 2251 714 2316 exponam.
759 2230 872 2297 Altero
903 2232 984 2298 libro
1017 2230 1057 2297 de
1088 2231 1260 2299 modorum
1294 2256 1355 2300 usu

214 2334 327 2402 dicam.

580 2641 760 2738 LIBER
796 2643 980 2740 PRIOR.

499 2825 565 2908 or
600 2793 913 2911 raurormr
948 2828 1067 2911 usu,

662 2985 840 3062 CAPUT
870 2990 898 3061 l.

214 3141 262 3194 DE
282 3141 497 3201 Taurorum,
518 3141 651 3205 QUIBUS
672 3141 738 3194 RES
762 3142 881 3195 SRMEL
907 3144 1048 3198 GESTAE
1068 3142 1357 3212 EXPRIMUNTUR,

739 3228 820 3282 USU.

571 3349 589 3430 ς
614 3350 642 3414 1.
667 3318 994 3417 ‘mnrcsrrvus

316 3478 380 3544 Res
402 3483 508 3562 gestas
530 3479 574 3541 ita
597 3485 723 3543 enarrat
738 3479 938 3563 AmmIanue,
962 3489 1082 3546 utnon
1107 3482 1257 3548 omnibus
1273 3485 1353 3551 locis

213 3581 326 3646 eodem
359 3591 468 3646 utatur
498 3591 652 3667 tempore.
708 3583 928 3650 Mamorautur
961 3587 1043 3651 enim
1075 3586 1219 3652 actiones
1254 3590 1355 3656 semel

213 3688 405 3770 praeteritae
430 3706 490 3771 ope
513 3693 665 3773 quattuor
686 3688 877 3753 formarum:

320 3795 352 3871 l)
376 3792 507 3876 perfecti
531 3791 703 3867 indicativi,

316 3897 351 3975 2)
377 3896 551 3978 praesentis
574 3895 744 3974 indicativi,

316 4001 351 4078 3)
375 3997 675 4085 plusquamperfecti
697 4000 870 4084 indicativi,

316 4100 352 4184 4)
376 4101 552 4187 imperfecti
575 4104 748 4170 indicativi.

317 4203 369 4268 Rx
392 4205 440 4268 his
463 4213 614 4292 quattuor
633 4208 832 4291 temporibus
848 4209 926 4275 nibil
941 4212 1017 4276 novi
1032 4213 1115 4278 inest
1129 4211 1161 4276 in
1177 4213 1355 4283 indicativo

214 4305 346 4391 perfecti
370 4309 492 4388 eodem,
514 4331 577 4397 quo
595 4312 710 4377 Graeci
732 4314 852 4378 aoristo
878 4315 1060 4400 utebantur,
1083 4315 1180 4382 modo
1206 4321 1355 4406 usurpati
