2962 4800
745 282 812 366 [94]

665 577 813 660 CAPUT
840 577 886 659 ΙΙ.

214 793 274 859 DE
305 791 375 858 uls
405 788 676 856 ENUNTIATIS
706 786 1129 870 CONDIOIONALIBUS‚
1163 787 1376 862 QUORUM

213 913 261 978 IN
291 911 482 978 PROTASI
513 910 851 988 corrueremus,
880 909 929 973 IN
950 906 1149 973 APODOSI
1180 908 1375 974 INDICA-

544 1031 677 1098 TIVUS
708 1031 890 1096 POSITUS
924 1029 1013 1095 EST.

743 1248 813 1330 §n

315 1412 387 1477 Non
409 1413 567 1498 acquievit
589 1414 700 1497 lingua
714 1413 813 1476 latina
829 1413 860 1476 in
878 1413 922 1477 eis
937 1410 1155 1492 coniunctivis,
1178 1411 1223 1475 de
1241 1414 1366 1497 quibus

212 1517 304 1583 modo
315 1517 459 1602 pluribus
471 1517 684 1600 disseruimus,
696 1516 928 1601 permutandis3
940 1514 995 1579 sed
1006 1513 1217 1577 indicativum
1228 1538 1365 1602 quoque

212 1622 389 1706 imperfecti
400 1621 474 1686 inde
486 1643 505 1685 a
518 1621 676 1686 Ciceronis
691 1627 796 1687 aetate
813 1641 884 1684 eum
900 1619 1071 1683 indicative
1086 1621 1270 1703 praesentis
1286 1642 1364 1704 per·

214 1730 337 1789 mutare
352 1725 465 1809 coepit.
503 1724 593 1799 Quae
615 1726 806 1809 permutatio
822 1723 963 1808 profecta
985 1728 1032 1786 est
1054 1721 1094 1785 ab
1115 1722 1161 1785 eis
1176 1724 1364 1788 enuntiatis

212 1826 498 1909 condicionalibus,
530 1849 663 1913 quorum
684 1828 718 1891 in
739 1828 858 1912 protasi
886 1833 941 1889 aut
971 1825 1147 1910 imperfecti
1178 1833 1238 1889 aut
1269 1828 1363 1912 plus·

214 1930 444 2016 quemperfecti
472 1932 707 2012 coniunctivus,
738 1932 771 1995 in
793 1930 924 2016 apodesi
954 1930 1140 1993 indicativus
1169 1930 1361 2014 imperfecti

214 2033 369 2099 eiusmodi
385 2033 485 2116 verbi,
501 2034 594 2120 quale
609 2038 657 2099 est
668 2054 761 2118 posse
772 2034 822 2098 vel
835 2032 950 2114 debere,
965 2033 1104 2117 positum
1116 2038 1194 2096 erat.
1224 2032 1360 2101 Deinde

214 2143 281 2200 tmn
303 2158 428 2223 quoque
450 2137 538 2202 illam
560 2139 828 2222 permutationem
850 2159 960 2223 passee
983 2143 1054 2201 sunt
1076 2135 1210 2213 formae,
1240 2139 1359 2222 quales

213 2245 287 2303 sunt
316 2246 460 2323 poteram
490 2240 650 2322 debebam,
682 2262 752 2305 oum
783 2262 846 2305 non
868 2241 1024 2326 expressis
1045 2238 1148 2303 verbis
1174 2238 1357 2327 adscripta,

214 2342 269 2407 sed
292 2342 509 2408 subaudienda
532 2350 656 2408 tentum
678 2351 747 2408 erat
769 2343 919 2408 condicio.
959 2343 1070 2429 Itaque
1089 2348 1238 2426 poteram
1261 2365 1357 2408 usur·

214 2447 284 2531 pari
307 2454 453 2531 coeptum
475 2453 523 2512 est
545 2469 602 2532 pre
624 2469 661 2512 eo
685 2448 768 2533 quod
784 2456 832 2512 est
854 2449 904 2511 es
926 2447 1048 2530 locante,
1071 2445 1213 2511 debebam
1230 2468 1293 2532 pro
1313 2472 1355 2514 eo

212 2549 294 2635 quod
318 2557 365 2615 est
387 2549 438 2613 ich
459 2556 583 2628 reiteste.
628 2552 736 2636 Atque
759 2552 833 2617 satis
856 2558 965 2616 notum
987 2557 1051 2631 est,
1081 2557 1253 2636 postquam
1277 2573 1354 2636 per·

212 2653 343 2738 vulgato
365 2654 424 2719 hoo
447 2675 505 2718 usu
528 2654 638 2738 lingue
660 2656 760 2719 letina
782 2655 924 2741 pluribus
942 2661 1103 2739 tamquam
1119 2655 1215 2718 ramis
1231 2655 1353 2720 diffusa

210 2763 275 2835 est,
306 2756 380 2822 inde
412 2764 515 2822 ortum
553 2779 621 2822 esse
656 2758 783 2842 linguae
820 2759 1062 2842 francogallicae
1096 2756 1352 2823 condicionalem

210 2881 305 2945 quern
324 2860 432 2925 dicunt
449 2860 576 2925 modurn
592 2860 751 2946 loquendi.
775 2861 981 2927 Consentiunt
996 2862 1092 2945 igitur
1107 2859 1251 2924 homines
1264 2860 1352 2927 docti

209 2963 299 3028 verbi
322 2965 438 3030 formas
461 2968 552 3048 tales,
581 2966 683 3052 qualis
706 2973 754 3031 est
768 2964 953 3049 j’oimerais
976 2994 1017 3019 =
1042 2965 1092 3028 ich
1115 2963 1222 3028 wiirdc
1251 2965 1352 3029 lichen

208 3067 242 3130 in
257 3067 366 3152 lingua
381 3069 616 3154 francogallica,
628 3069 809 3135 referendas
825 3091 892 3135 esse
907 3070 948 3134 ed
964 3069 1135 3154 genuinam
1151 3068 1350 3133 locutionem

209 3191 318 3234 amara
339 3171 497 3238 habebam.
542 3171 592 3238 De
614 3173 674 3238 hac
697 3181 875 3259 temporum
906 3173 1148 3238 commutatione
1180 3171 1349 3257 disputans

207 3271 310 3338 Fothl
334 3273 382 3339 his
405 3276 510 3341 verbis
533 3298 660 3341 oausam
683 3279 750 3342 eius
772 3284 805 3342 et
825 3278 978 3362 originem
994 3277 1116 3362 assequi
1132 3282 1264 3340 conatus
1281 3284 1349 3341 est:

310 3378 382 3442 Dos
410 3378 511 3464 Impf.
536 3381 569 3444 in
601 3381 723 3446 coloten
754 3381 870 3445 scaen
903 3379 1010 3444 terrm
1043 3382 1159 3443 raeiner
1188 3378 1348 3464 Meteone

207 3480 289 3544 nach
312 3481 447 3566 darauf,
470 3483 547 3548 dass
570 3484 627 3548 der
649 3485 698 3549 dic
720 3484 912 3568 Bcdiapunq
943 3483 1136 3548 crethelteade
1157 3481 1349 3564 Nebenscta,

207 3603 282 3668 moy
297 3605 331 3647 cr
345 3606 411 3648 crea
425 3588 460 3649 io
480 3585 519 3648 W
519 3593 607 3651 ortes
621 3587 834 3672 aospecrtckt
857 3588 932 3652 oder
954 3586 1183 3671 rtrozopecacat
1207 3589 1345 3670 werdae

207 3687 294 3750 einen
310 3686 395 3754 Corsi.
411 3689 513 3774 Iorpf.
530 3691 663 3772 catticlt,
687 3691 753 3757 read
774 3692 897 3755 trierrm't
922 3691 1028 3756 werde
1049 3690 1115 3754 sict
1130 3692 1180 3754 cin
1200 3689 1346 3756 Prc‘s’seae

207 3789 259 3854 dee
273 3790 449 3857 Indicctr'os
463 3796 506 3858 im
521 3795 724 3879 Hascptsotae
745 3795 830 3858 nicht
851 3802 908 3879 pet
931 3803 1098 3879 vertrapea
1119 3794 1227 3859 turben.
1259 3793 1345 3860 Eine

206 3896 333 3976 paroisse
344 3887 525 3963 Attractr'oa
548 3900 615 3963 also
638 3900 705 3963 aad
727 3900 795 3963 weil
817 3920 891 3963 mco
914 3899 1089 3983 iibertoupt
1104 3897 1245 3983 pcwdtnt
1262 3920 1345 3978 war,

206 4061 410 4072 --.-

309 4155 417 4222 ¹Foth,
443 4156 494 4210 Die
512 4157 721 4225 Verschiebung
747 4158 923 4211 lateinisehsr
949 4159 1086 4226 Tempora
1107 4159 1140 4217 ⁴in
1168 4157 1221 4208 den
1249 4174 1344 4214 roma·

206 4239 320 4293 nisohen
348 4241 504 4309 Spraohcn‚
537 4243 565 4294 in
593 4244 738 4299 Boshmsri
768 4240 958 4299 ‘Romanisohe
989 4243 1110 4299 Studisn¹
1140 4243 1234 4297 Iasoic.
1271 4246 1345 4300 VIII

205 4326 385 4396 Argentorati
405 4324 480 4391 1876.
499 4343 524 4397 p.
543 4325 595 4380 965
613 4344 653 4398 sq.
