3030 4816
277 315 315 376 12
794 305 884 388 [358]

274 501 300 564 oi
318 501 390 580 ἐμοί
405 536 439 543 -
460 497 560 580 οὑμοί,
584 504 624 585 τῇ
642 494 737 584 ἡμέρᾳ
756 537 792 545 -
812 494 945 586 θήμέρᾳ,
961 499 1008 561 καὶ
1028 500 1165 561 ἐνταῦθα
1183 534 1218 541 -
1238 498 1425 580 κάνταῦθα,

275 603 306 668 ai
329 603 511 685 ἀγαθαί-
535 602 662 684 ἀγαθαί.
708 602 820 686 Itaque
842 632 850 665 ι
874 601 1067 686 adscriptum
1092 625 1154 668 non
1178 604 1325 688 ponitur,
1362 607 1422 671 nisi

275 709 329 772 ubi
347 707 387 771 ad
404 708 614 792 posteriorem
637 706 770 770 duarum
794 707 949 771 uocalium
973 727 1030 789 per
1046 707 1145 771 crasin
1168 709 1419 774 coniuncturum

275 814 423 898 pertinet,
446 819 481 874 ut
504 811 536 874 in
554 811 602 873 καὶ
625 805 691 872 εἶτα
710 845 747 855 -
763 803 850 897 κᾷτα,
873 806 934 891 ἐγώ
957 807 1025 873 οἶδα
1042 847 1077 855 -
1098 804 1197 898 ἐγῷδα
1221 812 1355 892 (contra
1370 816 1419 875 καὶ

274 915 375 980 ἔπειτα
415 952 452 962 -
491 912 629 987 κᾶιιιιτα,
668 919 713 1001 τῷ
750 909 830 1001 ὄχλῳ
870 950 908 958 -
947 911 1084 1003 τῶχλῳ).
1146 915 1252 978 Aliter
1298 917 1418 981 statuit

275 1020 488 1097 Thiereehius,
512 1019 552 1082 de
574 1039 637 1103 quo
661 1018 742 1081 infra
765 1017 879 1083 dicam.

378 1127 408 1189 5.
447 1124 480 1188 si
496 1123 688 1186 uocabulum
704 1123 863 1206 posterius
879 1123 1025 1206 incipito
1039 1122 1145 1186 uocali
1161 1123 1275 1207 spiritu
1291 1144 1412 1208 aspero

275 1227 431 1313 praedita,
454 1229 542 1312 prius
565 1233 620 1290 aut
642 1227 766 1290 articuli
789 1226 891 1290 forma
915 1234 963 1290 est
987 1235 1044 1290 aut
1068 1227 1119 1289 καί
1139 1227 1264 1310 copula,
1288 1228 1321 1291 in
1347 1229 1414 1293 dia·

274 1333 375 1415 lectis,
401 1353 482 1417 quae
498 1353 561 1397 non
580 1337 750 1408 piladem,
769 1332 874 1394 tenuis
889 1357 907 1394 τ
923 1332 973 1395 vel
990 1357 1005 1393 κ
1021 1337 1162 1394 mutatur
1177 1332 1208 1394 in
1224 1333 1414 1416 aspiratam,

275 1444 310 1501 ut
327 1434 362 1501 ro*
376 1435 485 1519 ἅτερον
498 1476 537 1486 -
551 1433 695 1519 θᾶιιροι,
718 1438 766 1499 καὶ
783 1434 798 1498 ὁ
816 1472 854 1482 -
869 1434 929 1519 χιό,
946 1444 1005 1501 etc.
1039 1435 1090 1500 De
1106 1436 1212 1519 psilosi
1228 1436 1303 1500 uide
1319 1437 1413 1503 infra.

380 1546 409 1604 d.
454 1540 589 1604 Articuli
612 1540 732 1605 formae
757 1540 870 1624 spiritu
900 1560 1012 1624 aspero
1043 1541 1215 1604 instructae
1247 1541 1348 1604 etiam
1380 1543 1413 1606 in

276 1646 355 1710 crasi
378 1647 523 1730 spiritum
539 1646 687 1726 retinent,
710 1654 745 1710 ut
761 1643 778 1709 ὁ
792 1644 870 1727 α’νήρ
887 1680 926 1690 -
943 1642 1034 1727 ἁνήρ,
1049 1644 1165 1708 Dorice
1180 1642 1280 1729 ‹bvp‘ffi
1305 1643 1321 1707 ό
1339 1643 1413 1727 ἐμός

276 1787 316 1796 -
340 1747 444 1829 οὑμός.
489 1748 538 1812 De
562 1750 671 1834 psilosi
693 1749 768 1814 uide
790 1749 882 1813 intra.

380 1856 408 1918 7.
454 1851 571 1934 Cnosis,
589 1854 717 1936 quaein
737 1859 888 1918 contextu
906 1853 1075 1917 uerborum
1091 1874 1154 1916 non
1170 1852 1329 1937 scribitur,
1354 1854 1411 1918 sed

277 1959 308 2022 in
332 1955 566 2040 pronuntiando
599 1957 689 2020 metri
723 1977 817 2021 causa
840 1956 1009 2021 statuenda
1039 1966 1103 2035 est,
1132 1956 1248 2020 rectius
1280 1959 1412 2024 nomine

275 2062 487 2148 syninesie
510 2059 658 2126 induitur.

379 2167 490 2230 Pauca
513 2165 659 2230 addenda
682 2173 757 2230 sunt
779 2166 819 2231 de
843 2167 1094 2231 accentibus
1118 2186 1298 2232 arascos.

383 2276 408 2333 l.
454 2268 533 2333 Cum
557 2291 613 2354 per
636 2269 737 2334 crasin
760 2271 824 2334 duo
848 2270 1004 2335 uocabula
1026 2272 1057 2334 in
1089 2292 1185 2335 unum
1219 2271 1413 2352 coalescant,

276 2375 337 2438 hoc
360 2397 456 2438 unum
481 2375 672 2439 uocabulum
695 2377 749 2438 uni
772 2375 988 2441 tantummodo
1012 2377 1158 2439 accentui
1181 2398 1294 2460 parere
1317 2398 1414 2461 posse

276 2479 338 2542 ianr
362 2501 458 2564 supra
480 2478 624 2542 uidimus.
660 2479 821 2543 Accentus
839 2479 985 2542 uocabuli
1002 2478 1219 2564 praecedentis
1238 2487 1268 2543 et
1285 2481 1411 2545 minore

276 2581 421 2666 pondere
445 2582 580 2667 praediti
604 2583 761 2647 omittitur
783 2591 879 2665 atque
904 2604 923 2646 a
944 2585 1125 2668 posterioris
1154 2583 1242 2647 uocis
1272 2594 1411 2650 accentu

277 2682 388 2749 eadem
412 2685 546 2771 syllaba,
570 2707 653 2769 quae
676 2690 770 2748 antea
793 2706 865 2749 eum
888 2687 969 2766 tulit,
992 2688 1113 2769 feritur,
1137 2693 1172 2750 ut
1186 2684 1225 2749 toi
1243 2685 1352 2768 ἀγαθά
1373 2725 1409 2733 -

274 2786 411 2869 adportet,
436 2786 501 2852 ὅσαι
525 2786 635 2871 ἡμέραι
659 2824 698 2833 -
724 2786 883 2872 όσήμέραι,
906 2792 955 2854 cui
979 2791 1122 2854 nonnulli
1148 2790 1291 2854 homines
1323 2790 1411 2855 docti

275 2892 356 2974 falso
381 2891 540 2977 duplicem
564 2892 706 2956 tribuunt
728 2899 892 2957 accentum
915 2892 1074 2976 ὅιιὴμὲραι.

380 2999 409 3060 2.
456 2997 489 3060 Si
513 2997 704 3061 uocabulum
728 3001 885 3084 posterius
901 3006 949 3063 est
965 3005 1190 3084 paroxytouon
1206 2999 1411 3084 disyllabum,

277 3101 366 3165 cuius
390 3100 513 3186 syllaba
537 3109 682 3166 extrema
706 3113 753 3167 est
776 3104 890 3181 breuis,
914 3109 1062 3167 accentus
1087 3105 1166 3167 crasi
1188 3103 1273 3166 faeta
1294 3124 1411 3168 seeun-

276 3204 350 3267 dum
374 3208 515 3288 regulam
538 3206 571 3270 in
594 3208 832 3272 circumflexum
858 3215 1005 3290 mutatur,
1030 3214 1064 3271 ut
1086 3205 1120 3270 αὶ
1143 3206 1212 3283 ἔπος
1235 3244 1263 3250 -
1286 3201 1411 3287 rodcog,

277 3312 313 3370 τά
328 3305 404 3371 ἄλλα
429 3347 454 3353 «
470 3303 574 3373 τᾶλλα.
607 3311 807 3395 Quamquam
825 3320 910 3375 certo
927 3312 1074 3377 constitui
1091 3333 1155 3376 non
1172 3316 1287 3396 potest,
1302 3316 1412 3374 utrum

275 3412 389 3476 Graeci
414 3403 509 3478 τὲἱλλα
532 3416 562 3477 in
588 3416 746 3479 cotidiano
769 3438 827 3480 usu
851 3416 973 3500 syllaba
995 3418 1092 3498 longa
1115 3417 1146 3478 in
1169 3415 1299 3479 breuem
1323 3436 1412 3479 com·

276 3524 397 3580 mutata
427 3519 701 3600 pronuntiauerint
729 3541 769 3583 an
793 3509 899 3586 adila.
948 3520 1009 3584 Sed
1039 3521 1064 3583 si
1095 3520 1221 3584 omnino
1245 3518 1348 3582 cresin
1378 3521 1411 3584 in

272 3615 368 3684 τᾶλλα
392 3624 582 3687 constituere
607 3625 873 3719 uolumus,·certe
898 3626 1100 3689 circumflexo
1125 3623 1317 3688 uocabulum
1350 3646 1409 3688 no-

274 3724 405 3787 tandum
430 3733 489 3807 est,
514 3727 587 3810 quia
609 3749 737 3811 semper
759 3750 818 3813 per
841 3729 942 3792 erasin
964 3730 1062 3810 longa
1089 3727 1188 3791 oritur
1218 3725 1339 3790 uocalis
1371 3749 1411 3792 ac

273 3848 332 3891 nos
355 3829 480 3911 regulas
505 3831 544 3894 de
568 3832 749 3897 accentibus
774 3833 921 3896 uniuerso
945 3831 1133 3895 constitutas
1157 3831 1247 3913 sequi
1275 3850 1409 3895 necesse

275 3939 331 3996 cst.
378 3932 583 3998 Hermannus
614 3935 797 4000 Waesclrke
830 3936 958 4020 quidem
990 3936 1022 3998 in
1056 3935 1326 3999 commentatione
1360 3934 1410 4002 ‘de

273 4038 353 4099 erasi
376 4036 619 4121 Aristophanea'
643 4038 836 4122 (Dessauiao
858 4040 957 4120 1875)
981 4040 1088 4104 scribit
1104 4035 1208 4118 τᾶλλα,
1234 4038 1290 4102 sed
1313 4061 1411 4124 argu-

273 4145 389 4218 menta,
414 4162 497 4224 quae
518 4142 650 4227 profert,
674 4144 789 4207 nullius
813 4150 886 4208 sunt
910 4145 1085 4209 momenti.¹

376 4282 384 4314 ¹
408 4280 520 4331 Wolfius
539 4280 614 4342 (titt.
635 4283 758 4333 Arralect
779 4282 806 4334 ll
826 4299 870 4347 pg.
889 4283 950 4347 434)
976 4283 1015 4334 ita
1039 4281 1169 4334 discernit
1188 4283 1261 4333 inter
1282 4287 1411 4339 uocalem

274 4363 384 4430 longam
406 4371 433 4415 ct
453 4365 650 4432 diphthongum
671 4384 720 4434 por
740 4368 829 4420 cresin
849 4372 950 4434 ortam,
976 4374 1005 4419 ut
1025 4370 1187 4421 uocabulum
1214 4374 1411 4437 paroxytouon
