2956 4822
592 310 687 396 [aaa]
1168 310 1208 374 ar

74 502 106 566 in
138 501 267 567 Pindari
302 504 491 569 carminibus
524 504 651 568 victoris
683 524 800 568 noman
834 505 918 568 intra
952 503 1036 566 idem
1068 509 1208 586 systema

73 607 245 692 repetitum
263 616 320 671 est.
359 607 398 670 In
421 606 482 671 oda
498 607 580 672 enim
599 607 767 694 Olympira
783 608 878 672 tertia
893 613 1062 693 postquam
1078 605 1207 670 Theron

75 710 107 773 in
130 730 160 774 v.
183 713 202 774 3
226 732 283 775 suo
310 712 437 775 nomine
460 718 661 796 nuncupatus
685 720 718 776 et
745 711 777 774 in
808 730 838 776 v.
863 714 882 775 9
907 707 1118 791 Αἰνησιδάμου
1140 715 1209 785 παῖς

74 812 242 895 insignitus
265 823 324 896 est,
347 823 380 880 et
402 816 433 878 in
457 836 485 877 v.
509 817 549 878 39
575 822 607 878 et
629 815 660 878 in
684 835 713 880 v.
734 817 775 878 43
798 821 894 898 poeta
917 813 958 878 ad
981 812 1101 877 nudum
1125 812 1208 895 regis
1240 870 1241 874 ,

72 937 190 982 nomen
222 920 385 1002 proprium
419 920 598 984 revertitur.
654 918 717 983 Hic
752 918 878 1004 quidem
912 917 1072 982 Pindarus
1105 917 1207 980 minus

76 1019 243 1104 diligenter
266 1042 376 1086 versus
399 1023 526 1087 limassc
549 1023 684 1103 uidetur,
706 1022 762 1088 sed
786 1022 932 1087 molestia
947 1021 1146 1104 repetitionis
1169 1040 1207 1085 eo

75 1125 235 1204 minuitur,
258 1125 343 1210 quod
367 1147 428 1192 non
452 1127 482 1191 iu
507 1125 619 1190 eadem
643 1126 773 1211 stropha
796 1127 839 1190 fit.
885 1126 932 1190 Ac
961 1126 1068 1190 nascio
1097 1146 1138 1188 an
1168 1123 1208 1189 de

72 1227 230 1293 industria
251 1229 409 1295 Theronis
434 1252 549 1294 nomen
572 1232 602 1294 in
628 1251 656 1296 v.
672 1234 712 1295 43
736 1231 905 1314 repetitum
929 1231 980 1307 sit,
1004 1230 1078 1314 quia
1101 1229 1206 1311 priore

71 1351 167 1395 versu
184 1333 294 1400 ultima
310 1335 455 1400 carminis
472 1356 556 1416 pars,
572 1333 710 1417 ἐπίλογος
726 1336 781 1420 qui
797 1334 972 1408 dicebatur,
990 1332 1139 1398 incohata
1153 1333 1205 1397 sit.

76 1433 140 1500 Sed
163 1435 242 1503 haeo
263 1438 430 1504 hactenus.

606 1693 675 1775 §a

179 1856 281 1938 Nunc,
303 1880 374 1923 cum
398 1858 439 1923 de
461 1857 729 1944 appellationibus
752 1856 793 1922 ad
816 1858 969 1922 victorem
990 1867 1023 1921 et
1044 1857 1209 1921 victoriam

77 1961 295 2046 spectantibus
311 1963 386 2027 satis
403 1963 530 2047 copiose
547 1961 733 2027 disseruisse
752 1961 843 2026 nobis
860 1961 1032 2037 videamur,
1057 1959 1208 2046 quemad-

64 2065 208 2129 ·modum
239 2063 405 2130 deorum
435 2077 473 2130 et
505 2065 672 2129 heroum
700 2066 862 2129 nomina
892 2064 1049 2129 Pindarus
1082 2065 1206 2130 variare

77 2171 252 2248 studuerit,
288 2170 507 2234 scrutabimur.
563 2171 611 2234 Ac
644 2170 788 2253 prolecto
822 2169 999 2234 admirabili
1035 2169 1207 2234 verborum

76 2274 222 2338 ubertate
251 2282 350 2358 poeta
377 2273 511 2339 deorum
542 2275 654 2340 laudes
686 2276 872 2357 exornavit,
906 2295 979 2338 cum
1008 2275 1039 2337 di
1070 2275 1131 2358 ipsi
1159 2274 1207 2348 iis,

75 2398 155 2463 quos
179 2377 365 2462 diligebant,
388 2379 462 2442 viris
485 2379 648 2443 victoriam
671 2385 702 2441 et
725 2379 755 2441 in
779 2377 864 2443 bello
882 2384 915 2443 et
931 2378 962 2442 in
980 2379 1206 2443 certaminibus

75 2482 217 2546 tribuere
240 2490 436 2567 putarentur,
460 2504 594 2567 eamque
618 2483 660 2547 ob
683 2504 751 2548 rem
774 2484 804 2546 iu
828 2482 971 2567 plurimis
988 2483 1129 2567 epiniciis
1148 2504 1206 2567 pro

75 2586 228 2651 beneficio
252 2594 359 2670 gratas
384 2587 421 2650 iis
444 2597 625 2671 agerentur.

178 2688 291 2774 Neque
314 2691 428 2754 mirum
451 2698 499 2754 est
522 2692 660 2775 primum
691 2690 818 2777 quidem
851 2693 955 2756 locum
985 2692 1066 2756 inter
1098 2711 1208 2755 omnes

75 2791 169 2870 deos,
206 2794 231 2856 si
268 2815 288 2858 a
325 2794 421 2873 Iove,
466 2794 520 2880 qui
557 2816 654 2878 supra
691 2801 814 2860 cetoros
853 2803 920 2877 est,
958 2795 1208 2862 discesserimus.

74 2895 289 2960 APOLLINI
328 2919 348 2962 a
386 2898 524 2962 Pindaro
564 2898 717 2962 tributum
754 2919 841 2975 esse,
886 2901 1003 2985 quippe
1043 2900 1096 2984 qui
1135 2920 1207 2962 cum

77 3000 182 3063 multis
214 3000 336 3064 artibus
369 3008 433 3064 tum
470 3002 609 3066 musicae
644 3001 752 3065 lavere
785 3024 920 3087 eamque
954 3004 1022 3087 ipse
1057 3022 1209 3067 exercere

74 3103 264 3167 crederetur.
311 3102 392 3169 Cum
414 3106 510 3189 igitur
532 3105 758 3170 nonnullorum
789 3107 966 3170 carminum
996 3107 1102 3170 media
1133 3126 1206 3190 pars

74 3207 164 3292 epica
185 3216 252 3272 tota
268 3210 297 3271 in
313 3209 470 3292 Apollinis
487 3210 579 3274 lactis
596 3209 779 3274 enarrandis
794 3219 949 3288 versetur,
965 3212 1206 3294 speciosissimis

73 3312 210 3375 inventis
232 3333 271 3375 ac
293 3314 417 3376 varium
440 3314 472 3377 in
495 3313 625 3377 modum
649 3313 741 3377 buius
769 3312 823 3378 dei
852 3335 966 3377 nomeu
992 3337 1010 3376 a
1033 3322 1128 3398 poeta
1151 3337 1205 3380 ex·

73 3435 219 3500 pressum
241 3422 298 3481 est.
345 3416 396 3481 Ita
419 3418 452 3480 iu
475 3419 611 3482 carmine
628 3417 796 3504 Olympico
820 3427 924 3496 sexto,
948 3419 1002 3482 ubi
1024 3419 1204 3501 exponitur,
1282 3404 1285 3408 ⁴

73 3520 231 3602 quomodo
256 3522 373 3606 Apollo
400 3523 556 3605 lamidas,
586 3544 722 3606 quorum
746 3544 787 3586 ex
815 3533 910 3606 gente
934 3524 1032 3587 victor
1055 3521 1207 3584 oriundus

75 3633 159 3705 orat,
188 3646 206 3686 a
229 3647 263 3689 se
286 3633 457 3710 prognatos
482 3625 703 3712 Olympiacis
727 3649 783 3690 ara
806 3626 891 3691 Iovis
921 3628 1059 3691 maxima
1088 3626 1205 3689 oraculi

73 3728 236 3812 praesides
260 3735 414 3814 vatesque
437 3729 630 3793 hereditario
655 3732 722 3794 iure
746 3732 954 3808 constituerit,
982 3741 1152 3816 postquam
1175 3731 1206 3793 in

73 3855 103 3896 v.
121 3833 160 3895 35
177 3834 256 3898 deus
272 3836 400 3899 nomine
418 3837 575 3921 Apollinis
591 3834 790 3900 introductus
806 3844 863 3917 est,
886 3838 995 3901 statim
1013 3837 1041 3900 in
1060 3856 1152 3898 versu
1166 3837 1207 3899 36

72 3936 269 4019 significatur
301 3940 515 4022 appellat-ione
544 3945 641 4002 θεοῖο.
694 3938 887 4003 Sollemnius
912 3940 1028 4023 Apollo
1059 3940 1090 4002 in
1115 3959 1143 4002 v.
1167 3940 1203 4001 41

72 4048 273 4124 nuncupatur
295 4041 311 4105 ὁ
331 4041 545 4121 Χρυσοκόμας,
571 4042 655 4127 quod
680 4043 969 4128 praeclarissimum
992 4062 1168 4125 cognomen
1189 4064 1208 4105 a

71 4144 249 4226 magnifica,
274 4166 370 4230 quam
394 4144 488 4209 hodie
510 4165 638 4229 quoquc
654 4146 683 4208 iu
702 4144 794 4209 buius
811 4146 860 4209 dei
877 4147 990 4209 statuis
1006 4144 1208 4221 admiramur,

71 4268 162 4311 coma
185 4248 328 4330 ductum,
352 4270 426 4313 oum
447 4259 522 4314 aute
544 4249 717 4313 Pindarum
735 4249 877 4334 Apollini
901 4249 1037 4312 inditum
1059 4269 1207 4314 essenon

72 4351 234 4434 videatur,
268 4355 374 4420 nescio
407 4377 448 4419 au
481 4355 641 4419 Pindarus
672 4355 740 4438 ipse
771 4355 802 4419 in
835 4376 909 4419 eum
940 4354 1135 4422 transtulerit
1167 4355 1207 4419 ad
