2970 4814
231 278 269 339 14
665 315 706 323 -
752 272 841 364 [aaa]
887 313 927 325 .-

315 467 351 548 b)
376 465 468 540 Quae
493 467 620 552 syllaba
644 467 793 553 quotiens
818 472 889 530 erat
910 465 1087 551 producta,
1110 467 1234 531 uocalis
1256 467 1314 531 illa
1336 488 1365 531 -a

230 571 408 657 particulae
432 578 497 634 tam
523 571 667 636 tenuiter
693 572 842 635 sonuisse
869 569 1010 650 uidetur,
1033 577 1069 634 ut
1092 592 1151 656 per
1175 592 1209 635 se
1237 570 1310 657 ipsa
1332 571 1365 635 in

228 696 327 740 uersu
351 697 475 741 moram
500 676 633 762 explere
656 695 720 739 non
743 680 866 761 posset.
878 675 902 761 ¹)

316 786 347 864 ο)
372 780 529 866 Correpta
551 787 659 844 autem
684 780 811 865 syllaba
836 767 867 863 1)
896 779 1087 864 plerumque
1111 784 1180 842 tota
1211 797 1264 842 -ac
1291 799 1364 865 par-

148 926 152 936 ·
228 885 327 948 ticula
350 884 558 965 audiebatur,
591 885 623 967 2)
647 884 767 962 rarius,
796 882 853 947 ubi
884 889 988 947 metro
1020 883 1226 967 numerisque
1259 884 1364 967 magis

230 989 459 1068 conueniebat,
483 1009 512 1052 -c
533 988 643 1053 littera
666 987 878 1053 abiciebatur.

315 1091 350 1178 d)
376 1093 410 1157 Si
426 1092 510 1156 inter
526 1113 562 1156 se
580 1098 808 1178 comparantur
822 1090 945 1155 formae
961 1090 1055 1170 tales,
1073 1089 1186 1174 quales
1202 1096 1279 1153 sunt
1301 1092 1365 1155 ccr-

233 1200 285 1260 toa
308 1202 342 1261 at
364 1195 478 1277 hicine,
502 1197 557 1261 uel
580 1196 682 1260 aaran
706 1201 739 1259 et
761 1194 872 1273 hicine,
896 1213 968 1257 cum
992 1194 1061 1258 sola
1084 1194 1242 1258 -alittera
1264 1195 1363 1258 utris-

228 1320 290 1385 que
315 1300 357 1363 sit
380 1300 570 1379 communis,
595 1299 733 1363 efficitur
755 1318 807 1361 -n-
832 1298 974 1362 litteram
1005 1297 1225 1383 praecedente
1255 1299 1364 1362 uocali

228 1404 327 1488 longa
350 1408 417 1467 tam
440 1405 585 1488 grauiter
608 1409 641 1468 et
664 1402 811 1467 duratiue
835 1401 993 1482 sonuisse,
1019 1408 1056 1465 ut
1077 1422 1106 1464 -c
1121 1403 1245 1466 uocalis
1268 1402 1365 1468 tolle-

228 1513 333 1583 retur3
357 1508 406 1570 sin
429 1514 538 1572 autem
563 1507 782 1595 praecedebat
805 1506 929 1571 uocalis
952 1506 1072 1588 breuis,
1095 1526 1132 1568 -a
1155 1506 1264 1571 littera
1287 1527 1364 1570 acu-

229 1612 294 1674 tius
317 1611 464 1677 sonabat.

315 1724 347 1807 e)
370 1724 435 1788 Ubi
447 1743 499 1788 -ac
515 1724 657 1809 affigitur
669 1723 815 1808 syllabae
831 1743 876 1785 -cc
891 1724 1089 1808 pronominis
1102 1723 1362 1804 demonstratiui,

229 1829 320 1892 uelut
348 1829 381 1891 in
408 1826 518 1905 hicine,
552 1849 716 1914 nunquam
742 1827 878 1891 Plautus
909 1849 988 1891 usus
1017 1834 1068 1893 est
1096 1828 1365 1913 collaqucationis

230 1932 378 2010 artificio,
402 1953 565 2016 nunquam
588 1932 708 2017 legitur
732 1954 760 1997 e.
783 1953 813 2016 g.
837 1911 924 1998 hicira
948 1933 991 1998 aa.

314 2045 341 2129 f)
365 2044 526 2117 Quoniam
557 2045 716 2130 exceptis,
747 2051 783 2108 ut
811 2067 870 2130 par
894 2052 954 2126 est,
985 2046 1066 2109 loeis
1089 2044 1147 2125 eis,
1177 2044 1233 2109 uhi
1262 2045 1364 2109 oolla-

229 2148 358 2232 queatio
381 2147 564 2228 adhibetur,
588 2154 745 2233 sequente
767 2170 908 2213 consona
929 2170 1058 2234 semper
1070 2155 1245 2234 usurpatur
1261 2148 1366 2212 forma

230 2255 320 2334 cpoac
343 2274 407 2316 non
437 2255 521 2333 e'pou,
553 2258 809 2316 cousentaneum
840 2258 889 2316 est
917 2274 969 2334 syo
1002 2252 1173 2333 uocabulo,
1200 2253 1256 2317 ubi
1279 2254 1363 2317 ictus

229 2356 344 2420 aberat
367 2378 394 2419 a·
410 2357 535 2441 syllaba
561 2357 749 2443 posteriora,
773 2358 996 2443 pyrrhichium
1020 2358 1107 2422 effici
1129 2359 1162 2422 in
1185 2359 1293 2444 prisca
1316 2358 1363 2422 la·

229 2463 369 2526 tinitate.

315 2573 408 2648 Quae
425 2596 496 2639 cum
512 2576 557 2638 ita
574 2574 648 2655 sint,
664 2596 727 2639 non
745 2576 913 2640 consentio
930 2598 1003 2640 cum
1020 2574 1056 2640 O.
1072 2575 1109 2640 F.
1123 2575 1176 2640 W.
1190 2575 1363 2655 Mueller0‚

229 2682 282 2768 qui
295 2682 382 2746 Men.
392 2684 450 2744 651
465 2682 543 2763 Quis
553 2682 580 2745 is
591 2681 829 2748 Menodcbmast
838 2683 856 2746 ,9
866 2685 889 2768 5
896 2686 930 2746 ta
944 2665 1022 2760 istic,
1035 2684 1173 2764 inquam.
1186 2685 1209 2768 5
1222 2686 1316 2764 cyon
1325 2684 1363 2747 a?

228 2787 250 2870 5
267 2787 308 2850 tri.
325 2788 348 2871 5
369 2786 440 2866 qrris
455 2784 562 2865 cirpait
577 2793 609 2848 et
624 2784 710 2851 Men.
728 2788 789 2849 937
809 2785 893 2868 Quid
914 2807 966 2868 epo
981 2785 1079 2851 dixi?
1099 2789 1122 2872 5
1139 2786 1289 2851 insanisti
1312 2787 1362 2850 ia·

229 2910 332 2970 aanor.
355 2891 377 2974 5
399 2888 539 2970 ayone?
566 2890 589 2973 5
615 2892 649 2952 ta
671 2889 741 2954 istic
771 2891 826 2970 qut
858 2890 935 2954 stibi
968 2895 1093 2954 remoto
1126 2890 1216 2954 hiatu
1249 2892 1361 2975 legere

230 2994 345 3057 maluit
367 2995 497 3073 inquiam
519 2994 541 3078 5
563 2990 654 3074 cydare
681 2996 703 3079 5
726 2996 759 3058 aa
783 3017 811 3060 e.
836 3016 863 3080 q.
888 3018 913 3060 s.
938 2995 1080 3081 (prosod.
1104 2994 1209 3058 Plaut.
1238 3017 1269 3081 p.
1295 2993 1361 3080 30).

229 3097 358 3161 Etenim
388 3098 415 3160 si
445 3099 494 3161 uir
521 3098 575 3161 ille
606 3097 719 3162 doctus
755 3100 855 3162 utitur
884 3099 1042 3163 uocabulo
1072 3099 1124 3179 cyri
1152 3120 1210 3184 pro
1241 3098 1375 3178 iambo.

230 3201 318 3265 nullo
342 3200 436 3265 modo
460 3202 564 3264 forma
586 3195 679 3282 opina
702 3209 928 3288 exspectatur,
953 3203 1011 3268 sed
1034 3201 1119 3285 cpia,
1143 3224 1226 3289 quae
1254 3225 1362 3288 neque

229 3311 362 3391 propter
385 3303 531 3368 codicum
554 3307 743 3369 memoriam
766 3327 871 3391 neque
900 3312 1030 3393 propter
1053 3311 1191 3371 metrum
1215 3307 1284 3371 ueri
1309 3314 1362 3371 cst

230 3410 360 3483 similis3
385 3430 480 3494 quam
504 3410 544 3474 ob
561 3431 628 3473 rem
645 3432 664 3474 a
680 3410 861 3475 Ritschelio
879 3411 1023 3497 (Proleg.
1038 3434 1068 3497 p.
1082 3410 1219 3498 CLXX)
1236 3410 1361 3476 hiatum

230 3535 287 3576 suo
311 3514 380 3577 iure
405 3519 561 3577 statutum
585 3535 658 3578 esse
684 3535 813 3580 censeo.

300 3702 321 3768 ¹)
338 3702 439 3769 Itaque
457 3718 554 3755 uereor
571 3718 606 3754 ne
625 3700 656 3756 0.
670 3700 782 3755 Kicnitz
799 3701 830 3754 in
848 3719 940 3771 progr.
954 3701 1108 3756 Carolsruh.
1123 3701 1190 3755 1878
1203 3703 1259 3770 pl
1278 3701 1362 3755 nimis

229 3789 346 3842 confisus
363 3788 452 3857 lapsu,
471 3790 503 3841 ut
520 3789 640 3852 uidetur,
659 3788 765 3843 scribac
784 3790 868 3856 (Com.
888 3792 985 3860 fragm.
1005 3791 1084 3859 [com.
1102 3788 1155 3842 inc.
1169 3806 1196 3857 p.
1209 3790 1257 3841 119
1267 3788 1360 3858 niba]

227 3874 272 3940 47)
283 3875 469 3929 introduxerit
482 3875 510 3927 in
524 3875 649 3945 linguam
666 3875 783 3929 latinam
800 3877 916 3931 formam
936 3877 983 3946 qui
999 3893 1033 3930 aa
1049 3894 1099 3946 pro
1111 3875 1188 3944 quim
1208 3892 1272 3928 nam
1285 3878 1361 3929 certo

228 3960 258 4014 in
276 3961 367 4031 prisca
392 3961 549 4023 latinitate,
575 3962 596 4015 si
622 3962 686 4015 talis
708 3962 848 4030 quondam
873 3963 928 4017 fuit
952 3964 1055 4027 forma,
1079 3979 1128 4016 -uc
1153 3962 1223 4017 illud
1248 3962 1361 4016 breuem

228 4048 328 4101 habuit
339 4048 472 4106 uocalem,
490 4048 532 4101 ita
543 4051 576 4101 ut
590 4066 625 4102 ne
638 4048 682 4102 hic
695 4048 808 4117 quidem
819 4049 867 4116 qui
879 4066 912 4104 aa
925 4050 972 4103 sed
987 4050 1056 4117 quia
1067 4049 1216 4119 legendum
1230 4047 1362 4103 uideatur

229 4152 297 4198 osse;
322 4135 394 4187 adde
418 4134 492 4201 quod
511 4135 610 4188 ceteris
629 4135 696 4189 locis
716 4135 844 4189 omnibus
863 4137 930 4205 quia
948 4136 1106 4200 inuenitur,
1125 4135 1184 4189 siue
1207 4134 1361 4205 interroga·
1468 4191 1472 4199 ,

228 4221 289 4274 tina
307 4223 349 4275 est
367 4219 505 4291 particula
522 4222 582 4276 siue
600 4222 767 4277 coniunctio.
