2954 4808
670 327 761 412 [ror]
1242 333 1281 396 51

146 515 323 600 imperium,
347 516 373 580 si
396 537 489 580 nemo
506 526 566 600 est,
590 519 642 602 qui
660 519 851 603 imperatum
869 526 1072 606 exsequatur.
1117 520 1283 604 [toquere

147 641 225 685 vera
247 642 309 684 non
334 628 440 705 potest
462 622 619 705 imperare
642 624 800 706 parasitus
823 624 876 688 ille
899 625 1078 689 Plautinus.

676 865 748 945 §a

250 1020 392 1084 Transeo
416 1042 500 1084 nune
524 1020 564 1084 ad
585 1021 615 1084 id
636 1041 738 1106 genus
763 1025 1011 1103 enuntiatorum,
1034 1024 1116 1107 quod
1134 1023 1282 1087 eoninne·
1365 1082 1366 1086 ,

146 1126 245 1188 tirum
269 1126 299 1187 in
317 1126 437 1208 protasi
461 1125 504 1186 ita
527 1126 667 1209 positum
683 1125 823 1207 exhibet,
848 1131 883 1189 nt
906 1127 1002 1190 verbo
1024 1125 1170 1189 auxiliari
1193 1126 1281 1188 velut

146 1230 258 1309 ¹sollers,
276 1228 440 1292 breaeherr'
464 1228 556 1292 nobis
571 1228 828 1313 interpretandus
846 1231 896 1294 sit.
934 1231 1009 1294 Huo
1033 1231 1169 1314 pertinet
1184 1229 1281 1293 Mene.

146 1355 177 1398 v.
203 1335 264 1396 692
291 1354 342 1417 sq:

402 1433 593 1499 Paremrrest
615 1436 718 1499 malae
740 1439 788 1499 rei
809 1438 892 1520 quod
914 1445 1002 1500 amat
1026 1435 1193 1519 Demipho,

403 1537 447 1601 Ni
469 1546 669 1621 sumptuosus
692 1541 821 1624 insuper
844 1542 938 1603 etiarn
960 1539 1041 1603 siet?

146 1660 292 1732 Quorum
331 1681 481 1724 versuum
522 1661 635 1743 prioris
674 1668 809 1724 metrum
850 1670 885 1724 ut
923 1661 1144 1740 restituerent,
1180 1659 1280 1724 multa

145 1771 383 1847 temptaverunt
398 1765 541 1827 homines
559 1763 654 1828 doeti.
691 1763 753 1827 Sed
775 1785 880 1848 neque
905 1767 945 1827 sit
967 1786 1024 1848 pro
1041 1771 1084 1827 est
1101 1763 1279 1845 scribendo,

147 1887 250 1950 neque
272 1868 458 1951 pronomine
489 1866 595 1951 aliquo
627 1867 713 1929 velut
735 1867 790 1930 hoe
823 1868 872 1930 vel
895 1867 931 1929 id
961 1868 1042 1930 inter
1061 1887 1220 1950 parumne
1249 1874 1280 1931 et

144 1977 189 2033 est
219 1970 387 2035 inserendo
418 1992 525 2034 rernm
561 1992 616 2033 eos
654 1980 818 2034 assecutos
852 1991 921 2034 esse
956 1972 1112 2035 intellexit
1147 1972 1276 2053 Ussing.

146 2073 227 2138 Nam
252 2080 283 2137 et
305 2075 476 2138 indieatiro
506 2074 713 2158 pronuntiata
743 2075 858 2158 ubique
885 2074 1001 2157 legitur
1035 2096 1073 2138 eo
1104 2075 1223 2138 loeutio
1248 2082 1279 2138 et

144 2178 301 2241 artissime
324 2198 395 2240 curn
421 2178 516 2240 verbo
539 2177 686 2240 auxiliari
711 2179 891 2243 ooniuneta.
942 2177 1072 2262 Itaque,
1104 2185 1138 2241 ut
1168 2199 1279 2242 versus

143 2288 282 2362 sonetur,
300 2280 376 2343 rnihi
391 2281 494 2364 prisea
509 2280 563 2344 iila
579 2281 720 2363 genetivi
736 2281 837 2343 forma
850 2281 974 2343 videtur
989 2280 1171 2344 revocanda
1189 2302 1279 2344 esse:

403 2383 594 2448 Parumnest
616 2385 718 2447 raaldi
739 2386 789 2447 re'i'
810 2384 893 2468 prr-od
916 2393 1003 2448 ornat
1025 2384 1191 2467 De'rrripio.

145 2487 238 2560 Quae
262 2488 366 2551 forma
391 2489 519 2570 egregie
539 2490 701 2552 'convenit
725 2486 765 2550 ad
792 2483 869 2575 ἦθος
896 2488 1065 2552 verborum
1089 2488 1279 2573 Lysimachi.

143 2589 343 2654 Vertendunr
367 2600 473 2654 autern
499 2599 563 2654 est:
588 2589 664 2655 Ist's
686 2589 770 2653 nicht
793 2612 906 2673 penem,
929 2591 1005 2654 dass
1030 2641 1037 2654 .
1061 2639 1069 2654 .
1095 2639 1114 2670 .,
1137 2611 1280 2655 mererer

144 2691 226 2755 erreis
248 2693 327 2756 rroeh
349 2695 400 2756 ein
426 2693 669 2757 Versctwender
691 2695 784 2757 sein?

250 2795 402 2860 Eiusdem
425 2798 549 2879 generis
573 2804 664 2860 sunt:

147 2898 263 2964 Beeeh.
288 2902 351 2963 479
396 2899 516 2964 Nallorr
534 2908 631 2984 paeto
654 2923 704 2964 res
725 2902 880 2965 innitente
900 2907 1000 2984 potest
1016 2902 1082 2984 api,
1109 2902 1173 2965 rarsi
1195 2902 1281 2966 iden·

1083 3003 1176 3066 tidem

404 3107 522 3172 Manus
541 3107 632 3189 ferat
655 3108 699 3171 ed
715 3109 859 3192 papillas
875 3159 881 3172 .
899 3157 932 3172 ..

145 3210 263 3275 Baooh.
289 3214 350 3275 447
867 3211 975 3275 hocine
997 3210 1046 3274 hie
1066 3217 1160 3293 paeto
1179 3218 1280 3292 potest

402 3311 546 3378 Irrksibere
579 3315 745 3395 anper-tara
778 3316 940 3396 mepister,
975 3315 1004 3377 si
1035 3315 1124 3395 ipses
1155 3315 1281 3396 primus

1028 3418 1124 3500 vaput
1141 3416 1177 3479 t?

144 3520 163 3583 i.
188 3542 216 3584 e.
241 3541 329 3584 werra
351 3542 385 3583 er
408 3520 498 3586 selbot
521 3519 657 3604 Sehlr'ipe
679 3521 845 3585 <sostenen
867 3540 961 3583 mass.

248 3623 489 3706 Porrrrrr(a)est,
518 3626 543 3688 si
567 3645 587 3686 e
608 3623 724 3687 Plauto
755 3623 900 3704 recedas,
928 3624 958 3685 in
984 3622 1127 3687 eiusdem
1152 3626 1277 3707 generis

142 3728 309 3791 enuntiato
332 3728 449 3810 legitur
472 3728 556 3812 apud
582 3727 758 3791 Pacuvium
782 3731 843 3791 277
869 3728 914 3812 (p.
934 3729 993 3790 112
1010 3727 1049 3793 R.
1064 3725 1116 3810 Τ.)

402 3830 565 3909 Perumet,
597 3831 678 3916 qued
704 3837 732 3894 te
761 3838 850 3895 oeteo
879 3833 961 3895 reale
989 3830 1088 3910 habet,
1121 3833 1156 3894 ai
1184 3833 1277 3895 etiem

886 3935 969 3998 hune
993 3936 1036 3998 od
1058 3936 1175 3998 molem

401 4040 544 4103 Aetatem
567 4039 728 4122 arlirmpos
751 4040 929 4102 cruciatum
951 4037 1140 4101 reticentia?

142 4150 175 4206 et
199 4144 282 4228 apud
308 4142 495 4208 Terentium
518 4142 647 4206 Phorm.
672 4145 752 4206 oto:

402 4246 464 4312 Seri
482 4253 680 4329 perornant,
709 4246 791 4331 qaod
814 4245 956 4310 ornatiores
986 4266 1070 4308 autre
1086 4244 1186 4308 *noris
1212 4267 1281 4310 aare·

955 4356 1053 4414 censet
1075 4368 1176 4430 serrare,

1152 4448 1187 4498 Q*
