2956 4822
190 289 231 355 oo
715 274 802 374 [aas]

190 480 286 546 nimia
308 476 494 546 morositate
517 488 548 544 et
563 480 763 545 insolitorum
778 481 946 546 verborum
963 473 1165 550 affectatione
1181 482 1324 570 appetita

194 587 280 672 apud
303 585 476 651 Pindarum
499 592 659 666 occurrat,
685 584 766 650 adeo
789 587 940 650 naturalis
963 595 996 651 et
1026 589 1115 671 quasi
1145 591 1325 657 necessaria

191 711 261 756 essa
282 692 417 771 videtur,
440 698 476 754 ut
491 689 652 776 plerisque
669 689 842 773 legentium
858 689 1098 755 admirationem
1113 694 1168 757 rix
1185 703 1323 762 moveat.

190 794 298 881 Atque
320 795 446 860 etiamsi
475 795 616 858 inomni
645 782 791 857 sermone
825 793 1019 877 composito,
1050 817 1090 860 ne
1122 796 1161 859 ad
1194 798 1322 864 easdem

188 920 312 985 semper
324 899 501 963 locutiones
512 903 687 978 recurrant,
699 897 844 962 homines
857 897 940 961 dooti
953 899 1056 962 vitare
1069 900 1202 981 soleant,
1214 904 1320 967 neseio

189 1010 297 1071 tamen
320 1025 361 1068 an
386 1024 426 1067 ex
450 1003 536 1066 nullo
560 1002 624 1067 alio
642 1009 739 1086 poeta
754 1002 867 1065 similia
883 1004 1030 1086 exempla
1045 1025 1150 1089 aeque
1165 1005 1335 1069 variarum’

190 1108 443 1194 appellationum
474 1106 580 1170 afferri
609 1107 740 1190 possint.
785 1104 955 1172 Nonnullis
985 1128 1064 1173 vero
1090 1110 1169 1173 loois
1192 1109 1323 1174 Pindari

190 1214 327 1279 studium
352 1211 490 1275 cuiusvis
520 1211 646 1293 generis
675 1211 805 1275 nomina
836 1210 928 1274 doote
958 1211 1099 1275 variandi
1130 1214 1321 1279 luculentius

192 1324 336 1403 apparet,
360 1333 457 1400 quam
478 1320 515 1378 ut
537 1334 612 1378 oasu
634 1320 725 1378 tanta
754 1311 1007 1398 appellationum
1039 1317 1175 1381 varietas
1208 1317 1322 1383 effecta

190 1443 260 1487 esse
283 1419 394 1507 possit.
440 1418 491 1482 Ita
510 1418 542 1482 in
566 1419 704 1482 earmina
728 1417 896 1503 Olympios
919 1418 1015 1483 tertio
1047 1419 1169 1485 decimo
1196 1420 1322 1486 habena

189 1547 297 1605 aurea,
320 1546 414 1610 quam
438 1523 584 1588 Minerva
607 1522 851 1605 Bellerophonti
880 1521 921 1586 ad
943 1522 1103 1606 Pegasum
1127 1523 1322 1589 domandum

190 1630 334 1706 dederat,
359 1627 522 1713 quinquies
544 1626 678 1692 diversis
700 1627 839 1689 interae
862 1625 1078 1692 locutionibus
1107 1628 1321 1695 sollertissime

189 1732 368 1817 significata
390 1738 448 1796 est.
488 1730 590 1803 Quam
612 1735 782 1815 postquam
805 1730 837 1793 in
856 1751 887 1794 r.
904 1732 944 1794 63
965 1727 1171 1822 χρυσάμπυκα
1194 1731 1323 1814 χαλινόν

189 1837 381 1922 appellavit,
412 1836 443 1898 in
467 1856 496 1899 r.
521 1838 560 1898 65
584 1833 741 1898 Pindarus
771 1834 950 1898 Minervam
979 1833 1220 1920 Bellerophonti
1250 1836 1320 1902 dor·

188 1941 298 2006 mienti
319 1941 527 2024 imperantem
544 1938 629 2022 feeit,
654 1945 689 2003 ut
705 1941 830 2022 φίλτρον
841 1938 961 2001 ἵππειον
976 1944 1142 2023 acceptum
1157 1940 1319 2005 immolato

189 2051 281 2110 tauro
306 2043 457 2129 Neptuno
487 2042 623 2107 offerret.
669 2041 884 2127 Bellerophon
915 2048 1020 2106 autem
1052 2064 1093 2107 ex
1122 2065 1235 2108 somno
1266 2067 1321 2110 ex·

190 2149 394 2233 pergefaotus
416 2147 616 2229 παρκείμενον
638 2144 729 2230 πέρας
756 2145 800 2228 (v.
825 2146 879 2228 70)
902 2146 1113 2231 deprehendit
1136 2153 1181 2231 et,
1211 2169 1320 2232 quem·

191 2253 362 2317 admodum
385 2251 444 2316 deo
467 2253 684 2336 δαμασίφρονα
702 2247 819 2334 χρυσόν
842 2253 886 2332 (v,
911 2253 965 2330 15)
988 2251 1160 2335 attulisset,
1182 2252 1320 2336 Polyido

188 2358 255 2423 rati
271 2356 421 2420 narravit.
457 2354 528 2429 Quo
544 2362 676 2419 auctore
691 2375 762 2418 oum
776 2354 942 2418 Minervae
953 2355 1046 2418 iussis
1059 2355 1320 2441 obtemperasset,

188 2461 350 2546 φάρμακον
371 2458 455 2540 πραΰ
477 2458 522 2541 (v.
546 2462 603 2540 82)
626 2459 752 2542 Pegaso
775 2457 882 2523 inieoit
911 2463 943 2522 et
971 2457 1113 2523 facinora
1142 2459 1184 2524 ab
1205 2459 1319 2525 Iobate

188 2566 359 2652 Lyoiorum
382 2584 460 2648 rege
483 2564 634 2628 mandata
656 2564 798 2649 perfecit.

292 2667 397 2732 Minus
427 2674 547 2731 eertum
579 2674 644 2751 est,
674 2688 750 2731 num
771 2665 930 2731 Pindarus
962 2668 1056 2730 etiam
1088 2675 1192 2732 astera
1221 2669 1320 2733 rerba

189 2774 333 2839 consulto
357 2772 481 2836 variare
504 2769 678 2852 studuerit,
710 2792 780 2834 aum
804 2791 867 2834 non
890 2791 963 2836 raro
987 2771 1100 2836 eadem
1122 2779 1318 2856 repetantur.

188 2877 322 2943 Variata
343 2876 491 2941 ridentur
514 2876 667 2940 voeabula
689 2876 784 2940 haee:

291 2981 343 3047 dei
367 2980 416 3045 Ol.
444 2981 461 3045 Ι
489 2983 529 3045 35
560 2979 732 3061 δαιμόνων,
763 3000 792 3045 v,
824 2980 864 3043 39
893 2984 1007 3056 θεοῖσι,
1036 3000 1066 3043 v.
1097 2982 1138 3043 52
1164 2977 1319 3064 μακάρων,

186 3104 216 3151 v.
239 3089 280 3150 54
304 3083 456 3166 Ὀλόμπσο
479 3086 594 3163 σκοποί,
616 3108 648 3150 v.
665 3087 706 3148 60
728 3082 906 3160 ἀθανάτων,
930 3086 971 3147 64
987 3082 1074 3160 θεόν,
1097 3087 1138 3147 65
1155 3082 1318 3163 ἀθάνατοι,

187 3187 554 3256 α1νίποωεαᾶθόνατοι
582 3189 665 3253 ἰαίνει
692 3208 788 3253 unam
821 3187 1016 3272 eandemque
1045 3189 1206 3274 stropham
1230 3209 1319 3274 reps-

187 3293 280 3358 titum
302 3301 368 3376 est;

287 3397 420 3462 felicitas
443 3397 494 3462 Ol.
517 3396 552 3460 II
577 3399 614 3460 18
637 3394 747 3484 πότμῳ
771 3394 934 3477 εὐδαίμονι,
957 3397 997 3459 22
1021 3391 1121 3477 ὄλβον,
1143 3394 1185 3458 33
1208 3392 1322 3477 ἀτειρεῖ

185 3500 310 3592 ἀγαθῷ,
333 3505 374 3567 36
398 3499 491 3588 ὄλβῳ,
515 3508 547 3565 et

339 3604 570 3691 Pyth.11184
594 3603 793 3684 εὐδαιμονίας,
820 3607 861 3669 86
884 3600 961 3667 σίων
983 3598 1132 3688 ἀσφαλής,
1155 3604 1196 3666 89
1219 3598 1320 3684 ὄλβον,

186 3712 226 3774 98
249 3707 450 3795 εὐφροσύνας,
474 3712 535 3773 105
558 3706 658 3791 ὄλβος,
681 3717 714 3773 ot

339 3814 433 3879 Nem.
456 3811 586 3879 111156
610 3813 812 3893 εὐδαιμονίαν,
835 3816 876 3878 58
899 3809 1009 3896 diplom

289 3919 416 3983 miseria
439 3917 488 3982 01.
511 3916 546 3981 II
572 3920 608 3981 19
632 3921 731 4000 πῆμα,
754 3919 796 3982 23
819 3915 944 3995 πένθος,
968 3920 1010 3981 34
1032 3912 1145 3994 πόνων,
1167 3918 1207 3981 37
1227 3917 1320 4001 πῆμ’,

187 4027 228 4089 52
251 4021 438 4108 ἆφροσονοῖν,
461 4029 494 4088 et

340 4127 452 4192 Isthm.
476 4124 542 4190 VII
565 4129 584 4191 5
607 4123 757 4204 πενθέων,
782 4128 798 4190 7
823 4124 924 4208 κάδεα,
953 4127 972 4189 8
995 4122 1098 4201 πόνον,
1124 4126 1159 4188 11
1184 4120 1320 4207 μόχθον,

189 4235 228 4298 13
249 4230 415 4315 με’ριμνανς

289 4337 378 4401 lusus
401 4337 453 4403 Ol.
476 4335 527 4400 Ill
553 4339 591 4402 18
614 4333 708 4413 ἄλσει,
731 4337 772 4401 24
794 4340 888 4414 κᾶπος
896 4361 905 4415 ;
