2962 4800
648 307 736 394 [101]
1217 313 1259 378 45

130 528 167 571 ea
189 506 284 571 verba
307 526 363 590 per
384 527 420 569 se
443 503 548 590 aliquo
572 504 667 567 modo
690 504 757 569 fieri
774 503 892 589 aliquid
912 504 1101 589 exprimunt,
1124 503 1209 587 quod
1226 511 1258 568 et

128 612 230 696 ipsum
254 609 454 674 coniunctivo
479 608 676 691 exprimitur,
699 610 794 672 itaut
811 609 923 672 eadem
938 629 972 672 re
988 607 1035 671 bis
1051 607 1258 691 exprimenda

128 713 220 779 facile
242 711 451 799 supersedere
474 718 613 797 possent.

230 816 299 881 Iam
321 815 352 879 id
376 836 506 880 monere
528 815 623 880 velim
645 816 796 899 eos‚.qui
820 815 899 880 haee
927 816 1045 898 legent,
1074 821 1106 879 et
1135 815 1168 879 iu
1196 815 1254 886 his,

131 946 212 1010 quae
234 922 330 987 modo
356 945 397 989 ex
419 922 536 986 Plauto
561 922 776 1006 congessimus
800 922 954 1006 exemplis
979 922 1066 986 etin
1093 919 1148 1004 eis,
1173 941 1256 1005 quae

130 1028 212 1092 infra
235 1026 415 1108 afferemus,
439 1047 509 1091 esse
532 1025 693 1101 nonnulla,
724 1045 805 1109 quae
828 1024 869 1087 sd
891 1024 977 1103 aliud
1011 1044 1137 1110 quoque
1158 1043 1259 1107 genus

131 1131 401 1216 interpretationis
424 1131 578 1214 quadrare
600 1128 776 1194 videantur.
822 1130 921 1193 Velut
945 1127 1015 1193 Oas.
1032 1126 1066 1191 ΙΙ
1087 1130 1116 1205 5,
1139 1130 1158 1191 6
1182 1126 1259 1190 nihil

133 1235 256 1317 obstat,
290 1235 459 1320 quominus
493 1236 522 1298 ai
551 1233 738 1318 particulam
771 1253 829 1317 pro
862 1234 985 1297 etiamsi
1017 1231 1153 1317 positam
1187 1251 1257 1295 csse

133 1360 304 1404 sumamus.

659 1491 731 1573 §a

233 1649 303 1713 Iam
325 1669 398 1713 vcro
428 1646 608 1732 colligenda
640 1654 713 1713 sunt
742 1668 780 1711 ea
806 1652 927 1712 enuntt.
960 1645 1073 1712 coudd.
1097 1646 1257 1728 Plautina,

132 1753 245 1838 quibus
273 1751 461 1816 indicativus
491 1757 547 1815 aut
577 1750 647 1815 talis
670 1750 757 1815 verbi
781 1751 874 1835 quale
898 1756 945 1814 est
970 1748 1075 1813 debere
1104 1755 1160 1813 aut
1189 1771 1260 1814 ver-

134 1857 243 1919 borum
267 1863 300 1920 et
322 1854 416 1918 huius
439 1861 471 1918 et
493 1853 580 1917 verbi
602 1874 692 1937 posse
714 1855 863 1918 similium
879 1854 1075 1918 consociatur
1090 1874 1161 1917 curn
1178 1855 1258 1918 coni.

134 1959 213 2043 perf.
236 1959 287 2023 vel
309 1981 411 2044 praes.
435 1959 467 2021 in
488 1959 607 2042 protasi
628 1959 743 2043 posito.
789 1955 872 2021 Sunt
894 1964 1001 2022 autem
1023 1958 1120 2023 haec:

285 2062 378 2126 Truc.
402 2064 460 2125 461
508 2067 645 2144 oportct;

285 2165 376 2230 Cure.
399 2167 461 2229 265
506 2163 595 2229 Nihil
617 2156 661 2230 est
682 2164 883 2246 mirandum

134 2269 250 2356 Amph.
274 2272 333 2333 891
392 2268 624 2333 Faciundumst
638 2268 716 2333 mihi
729 2269 821 2350 illud,
835 2270 906 2346 ficri
916 2269 1098 2350 poodillocc
1108 2271 1258 2353 postolat,

389 2373 426 2437 Si
447 2395 494 2437 mc
515 2374 604 2438 illam
627 2381 783 2437 amantem
807 2373 851 2437 cd
872 2394 936 2439 sese
952 2373 1095 2438 studeam
1116 2377 1259 2457 recipere.

133 2479 271 2543 Versum
286 2479 348 2541 892
371 2477 512 2560 spurium
534 2499 605 2543 esse
623 2478 756 2562 Langen
779 2477 800 2542 l.
818 2498 843 2541 c.
859 2499 890 2563 p.
907 2479 948 2542 48
972 2476 1141 2542 contendit.
1175 2475 1258 2542 Nam

132 2603 191 2647 nec
222 2581 354 2644 verbum
383 2581 507 2645 studere
540 2602 611 2645 oum
644 2601 708 2645 acu.
739 2602 765 2646 o.
797 2580 949 2644 infinitivo
983 2583 1130 2665 componi
1163 2600 1257 2664 posse

134 2691 166 2749 et
190 2685 381 2749 coniunctivo
403 2684 472 2768 ipso
495 2685 605 2768 negari
627 2706 710 2766 eum,
734 2686 766 2749 in
789 2704 852 2769 quo
868 2687 963 2750 totius
986 2684 1114 2751 fabulae
1137 2707 1259 2750 summa

133 2789 237 2875 posita
260 2809 329 2851 esse
356 2787 511 2869 videatur,
540 2787 627 2852 Iovis
656 2787 773 2851 scilicet
795 2808 870 2871 erga
896 2788 1082 2853 Alcmenam
1113 2811 1260 2854 amorem.

134 2892 253 2957 Verum
270 2910 372 2975 neque
387 2889 464 2954 iliud
482 2890 557 2953 mihi
572 2891 729 2975 persuasit
744 2891 792 2955 vir
805 2890 918 2955 doctus
931 2898 963 2956 et
974 2892 1054 2956 falsa
1067 2893 1260 2957 coniunctivi

134 2997 276 3062 studeam
297 2995 562 3079 interpretatione
585 2995 772 3058 constrictus
793 2993 927 3076 videtur,
951 2996 1004 3078 qui
1027 2996 1125 3061 verba
1147 2998 1176 3061 ai
1197 3004 1262 3061 stu·

133 3100 223 3164 deum
246 3099 308 3164 hoo
330 3097 399 3164 fere
422 3104 516 3183 pacto
540 3096 692 3161 vertenda
710 3117 778 3162 esse
799 3097 974 3182 putaverit:
998 3099 1157 3164 wosnich
1179 3101 1261 3165 mich

133 3202 276 3268 destrehte
306 3203 356 3266 vei
387 3223 475 3267 wenc
504 3201 554 3265 ich
583 3201 665 3264 mich
697 3200 849 3265 cestram
878 3203 995 3267 wiirdc.
1045 3205 1090 3269 At
1119 3205 1181 3269 alia
1212 3212 1261 3270 est

133 3308 284 3373 hocloco
307 3305 495 3372 coniunctivi
520 3305 564 3369 vis
587 3304 626 3368 ad
657 3305 798 3370 futurum
828 3307 934 3390 potius
963 3315 1117 3397 spectans,
1146 3316 1182 3372 ut
1212 3309 1260 3373 his

133 3413 236 3476 verbis
266 3411 369 3495 patrio
398 3430 544 3474 sermone
572 3408 826 3494 interpretandus
860 3409 900 3475 sit
932 3432 1059 3476 versus:
1094 3432 1181 3476 wana
1210 3412 1261 3476 ich

134 3515 237 3581 mich
259 3513 445 3578 derasidas
467 3514 569 3595 will,
601 3514 676 3577 dces
704 3515 779 3596 jone
806 3514 887 3578 micis
910 3513 956 3578 bei
985 3515 1052 3579 sich
1079 3517 1262 3601 aufnimmt,

133 3641 167 3684 so
189 3640 275 3683 muse
296 3617 347 3682 ioh
369 3616 454 3696 than,
479 3637 546 3681 scos
568 3618 612 3681 sic
625 3617 768 3701 fordcrt.

133 3723 250 3788 Bacch.
276 3723 333 3785 128
387 3721 448 3800 Qui
462 3722 491 3784 si
505 3721 606 3785 decem
621 3720 735 3785 tubeae
750 3722 889 3805 linques,
912 3729 1031 3786 cnutum
1047 3744 1110 3788 ease
1125 3724 1261 3791 addecet.

134 3827 224 3893 Idem
256 3826 387 3890 verbum
417 3825 501 3889 redit
529 3824 627 3889 Stich.
658 3827 698 3888 27
729 3834 761 3890 et
784 3829 834 3890 47.
880 3826 932 3890 Ad
964 3829 1145 3912 exemplum
1174 3828 1260 3892 verbi

131 3951 257 4014 possam
282 3929 452 3993 constituta
474 3935 523 3993 est
545 3929 694 4013 spodosis
709 3951 739 3993 v.
755 3928 846 3993 Truc.
864 3931 943 3994 877:
966 3951 1029 3995 noa
1051 3939 1096 3996 est
1118 3933 1207 3996 loeus
1223 3960 1262 3984 =

135 4057 197 4100 non
222 4036 305 4120 potis
329 4040 387 4097 est.

238 4137 360 4202 Eadem
374 4138 524 4222 loquendi
539 4137 620 4202 ratio
637 4138 840 4221 agnoscenda
856 4145 904 4203 est
919 4138 950 4202 in
965 4137 1014 4204 his
1030 4158 1110 4222 quse
1125 4160 1262 4225 sequun-

136 4250 186 4307 tur
208 4243 370 4328 exempfis,
393 4243 462 4307 sive
484 4240 525 4305 ad
548 4242 679 4307 verbum
701 4263 790 4327 posse
812 4243 879 4307 sive
894 4242 933 4307 ad
958 4241 1063 4307 debere
1081 4244 1133 4307 vel
1157 4245 1261 4312 decere

136 4345 256 4412 accedit
278 4345 456 4432 spodoseos
478 4348 542 4410 vis:
