2948 4808
202 253 244 315 40
728 245 820 330 [226]

203 437 233 524 [ξ
258 439 314 522 17]
339 439 438 504 edidit
461 438 698 521 Mangelsdorf‚
723 437 907 519 lectiones),
938 444 1067 522 praeter
1100 436 1260 520 exempla
1293 440 1360 499 tro-

203 544 306 617 chaei,
330 542 607 629 amphibracheos,
631 541 748 625 chorei,
772 541 1056 625 proceleusmatici,
1080 541 1221 626 paeonis
1238 539 1360 624 quarti,

202 649 298 714 ionici
320 670 339 713 a
362 649 498 728 minore,
521 647 690 731 antispasti
704 647 721 710 ¹.

306 750 419 836 Neque
449 750 543 814 valde
573 750 731 835 discrepat
757 747 920 836 Anonymi
951 754 1107 813 tractatus
1138 748 1183 813 de
1213 746 1356 832 pedibus

203 858 341 920 insertus
371 853 499 919 scholiis
530 855 569 918 ad
602 854 840 937 Hermogenem
870 854 946 937 ‘napi
977 849 1085 935 idaia,
1120 873 1220 939 quem
1254 850 1357 916 edidit

204 959 299 1024 Wala
320 957 489 1024 ‘Rhetores
520 958 644 1023 Graeci
669 960 733 1022 vol.
758 957 826 1022 VII
847 978 920 1043 pag.
945 958 1194 1038 98823-989233
1226 956 1262 1020 in
1295 955 1357 1018 hoc

203 1064 483 1150 proceleusmatici
506 1069 630 1127 tantum
653 1070 686 1127 ct
709 1063 841 1147 paeonis
867 1064 896 1127 1.
921 1068 953 1125 et
968 1064 998 1126 2.
1016 1068 1048 1126 et
1070 1061 1165 1125 ionici
1190 1060 1356 1124 aminare

205 1166 355 1251 exempla
378 1165 569 1251 discrepant,
594 1166 650 1231 aed
673 1187 816 1251 paeones
846 1165 957 1230 tertius
988 1172 1021 1229 et
1053 1170 1190 1249 quartus
1220 1171 1254 1228 et
1280 1165 1356 1228 cho·

204 1271 344 1335 riambua
369 1271 475 1335 omissi
499 1276 584 1354 sunt,
608 1277 640 1335 et
662 1269 762 1355 pedes
787 1269 932 1356 disyllabi
947 1274 1020 1354 post
1035 1268 1220 1354 trisyllabos
1237 1267 1353 1352 legun·

203 1384 265 1442 tur.
311 1373 452 1440 Maxime
469 1375 623 1439 autemid
641 1375 784 1454 mirabile
800 1379 858 1457 est,
882 1373 967 1460 quod
983 1373 1090 1437 statim
1105 1374 1244 1437 iteratur
1262 1372 1350 1438 idem

204 1485 360 1545 tractatus
391 1501 466 1564 pag.
491 1482 731 1562 asaal-moa,
759 1480 820 1544 hoc
849 1500 912 1543 uno
944 1484 1076 1557 mutato,
1108 1476 1197 1564 quod
1227 1477 1354 1563 pedum

204 1582 490 1669 tetrasyllaborum
514 1590 587 1649 octo
611 1584 720 1648 omissi
742 1589 827 1649 sunt.

308 1687 484 1752 Praeterea
508 1686 653 1752 conferas
671 1685 1016 1770 Pseudo-Moschopuli
1040 1692 1215 1750 tractatum
1231 1685 1274 1750 de
1297 1707 1352 1772 pe·

206 1788 299 1855 dibus
321 1810 396 1876 pag.
417 1792 457 1854 49
480 1811 538 1875 sq.‚
553 1790 609 1855 ubi
633 1798 740 1855 tamen
763 1789 890 1856 diverse
915 1790 1025 1856 ordine
1041 1788 1142 1875 pedes
1157 1793 1353 1872 tractantur,

206 1915 311 1980 neque
334 1895 483 1980 exempla
506 1895 611 1959 omnia
635 1895 747 1961 eadem
770 1901 846 1959 sunt
869 1902 965 1981 atqua
982 1892 1352 1980 Pseudo-Hephaestio·

208 1999 274 2081 nis3
296 1998 670 2082 Pseudo-Moschopulus
692 2005 858 2086 praeterea
880 1999 913 2063 in
928 1998 1040 2084 capitis
1063 1997 1153 2063 initio
1179 1997 1220 2062 de
1243 2000 1351 2062 ποδῶν

206 2102 339 2166 nominis
363 2102 485 2187 origine
507 2104 662 2167 nonnulla
685 2105 868 2188 praemittit,
891 2103 930 2166 ad
954 2101 1163 2167 Aristotelem
1195 2099 1254 2185 (de
1283 2101 1350 2167 ani·

205 2205 335 2269 malium
369 2207 494 2270 incessu
529 2228 598 2292 cap.
633 2207 667 2289 5)
701 2229 898 2293 provocans3
933 2204 1070 2271 eundem
1107 2210 1284 2270 tractatum
1318 2206 1350 2269 in

204 2308 321 2374 codicis
352 2309 469 2377 Veneti
498 2311 651 2376 Marciani
681 2314 770 2378 class.
801 2312 853 2377 XI
887 2316 900 2376 1
934 2310 1165 2376 membranacei
1198 2308 1254 2374 iol.
1289 2310 1352 2373 26⁸

203 2411 286 2478 med.
312 2453 349 2462 —
374 2413 429 2482 fol.
454 2418 517 2480 26*
540 2416 623 2481 med.
656 2417 776 2482 invenit
801 2415 1014 2497 Studemund,
1044 2414 1256 2498 eundemque,
1288 2415 1349 2480 nisi

201 2519 360 2582 memoria
384 2541 434 2584 me
456 2519 547 2598 fallit,
571 2528 699 2586 exstare
733 2521 828 2584 etiam
859 2521 890 2585 in
913 2520 1042 2585 Veneto
1066 2519 1230 2584 Marciano
1263 2520 1348 2584 class

200 2620 253 2685 XI
278 2624 317 2686 15
340 2622 415 2686 mihi
438 2625 588 2689 narravit.

305 2725 430 2791 Pedum
461 2728 590 2792 nomina
620 2735 653 2793 et
684 2726 830 2812 exempla
863 2728 1034 2792 maximam
1068 2732 1190 2811 partem
1227 2724 1347 2791 eadem

203 2834 299 2913 atque
321 2830 718 2917 Pseudo-Hephaestionis
742 2838 871 2897 exstant
904 2832 999 2896 etiam
1029 2833 1061 2895 in
1093 2836 1231 2894 tractatu
1264 2829 1353 2894 Har·

202 2932 306 2997 leiano
327 2955 400 3018 pag.
417 2937 479 3000 317
496 2956 552 3021 aq.‚
575 2935 631 3000 sed
647 2936 811 3000 schemata
828 2935 1021 3020 syllabarum
1037 2933 1201 3020 disyllabis
1217 2938 1347 2998 tantum

202 3033 335 3119 pedibus
358 3036 467 3102 addita
490 3046 564 3103 sunt
586 3047 618 3104 et
640 3039 758 3122 pedum
782 3039 860 3104 ordo
883 3038 1026 3103 diversus
1050 3044 1108 3103 est.

307 3139 550 3206 Vetustissimus
573 3142 710 3228 denique
734 3141 774 3207 de
795 3143 931 3228 pedibus
957 3147 1111 3206 tractatus
1140 3141 1166 3205 ia
1201 3147 1258 3220 est,
1296 3141 1352 3225 qui

202 3242 320 3327 legitur
341 3245 372 3308 in
397 3244 545 3331 Dionysii
561 3246 858 3313 Halicarnassensis
874 3247 955 3312 libro
973 3246 1012 3310 de
1027 3246 1257 3331 compositione
1280 3266 1352 3309 ver·

202 3347 316 3412 borum
340 3369 366 3414 c.
395 3348 498 3414 XVII
520 3351 587 3429 (ed.
612 3350 764 3415 Schaefer
787 3373 861 3438 pag.
885 3347 1084 3432 218-228),
1106 3349 1163 3414 sed
1187 3349 1228 3412 de
1252 3348 1352 3435 disyl-

202 3450 283 3514 labis
304 3459 429 3517 tantum
453 3462 486 3519 et
502 3455 673 3540 trisyllabis
695 3476 799 3520 sermo
818 3456 854 3520 fit
869 3456 975 3521 etalio
990 3461 1086 3540 atque
1102 3453 1185 3539 apud
1203 3455 1353 3520 Pseudo-

204 3555 481 3641 Hephaestionem
514 3559 625 3622 ordine
654 3559 752 3644 pedes
784 3566 986 3642 enarrantur3
1017 3558 1146 3622 additae
1176 3567 1353 3642 praeterea

204 3666 279 3723 sunt
314 3658 353 3725 ds
386 3662 583 3746 singulorum
616 3663 736 3748 pedum
770 3670 884 3727 natura
922 3662 1207 3727 commentationes
1245 3660 1354 3748 philo·

205 3762 354 3848 sophicae
380 3772 411 3830 et
433 3766 624 3847 rhetoricae,
647 3787 750 3852 neque
774 3768 901 3850 singula
924 3766 1077 3831 vocabula
1102 3764 1220 3851 pedum
1247 3767 1355 3852 expli·

207 3867 385 3933 actionibus
417 3876 453 3934 ut
484 3871 631 3954 exempla
662 3871 889 3954 adiunguntur,
921 3870 977 3936 sed
1008 3870 1067 3935 toti
1098 3890 1219 3949 versus,
1250 3871 1354 3935 veluti

205 3969 387 4055 pyrrhichio
417 3972 469 4037 hic
501 3993 627 4040 versus:
660 3973 727 4057 λέγε
756 3972 789 4038 δέ
811 3998 848 4039 συ
877 3973 954 4038 κατά
983 3973 1064 4039 πόδα
1093 3971 1227 4058 νεόχυτα
1255 3973 1356 4057 μέλεα

313 4217 399 4269 ¹Nec
419 4216 501 4283 longe
520 4215 605 4268 distat
632 4221 767 4281 tractatus
792 4217 850 4279 illa,
875 4232 954 4285 quam
982 4232 1016 4268 ax
1040 4216 1137 4270 codice
1161 4216 1360 4274 Laurentiano

201 4301 265 4354 LVI
293 4302 326 4356 16
344 4300 430 4355 edidit
447 4301 616 4355 Studamund
636 4302 740 4356 Anecd.
759 4303 827 4356 Var.
846 4303 860 4355 I
877 4319 941 4370 pag.
961 4303 1010 4356 167
1028 4318 1068 4371 sq.
