2956 4822
680 315 770 400 [197]
1230 324 1287 385 101

160 528 238 592 agro
264 506 483 590 contribuitur,
507 512 636 593 sperant
659 497 918 592 Smyrnaeiiore
942 514 977 573 ut
999 509 1058 574 sibi
1082 532 1100 573 a
1123 532 1199 596 rege
1220 532 1294 576 oon-

160 612 301 677 cedatur.
346 612 428 676 Tnm
456 612 551 697 igitur
575 611 742 696 Magnesia
771 610 862 695 κώμη
893 613 1022 698 quidem
1046 614 1293 700 Smyrnaeorum

158 717 201 793 fit,
232 717 287 780 sed
320 717 392 781 talis
418 722 453 779 ut
477 718 509 780 iu
532 738 566 780 re
589 716 717 801 publica
741 718 770 780 ei
792 717 880 781 loeus
912 719 952 781 sit
978 718 1100 800 nullus,
1132 741 1202 783 oum
1232 721 1295 783 uici

156 822 224 885 inre
247 827 364 886 eareat.
410 821 528 885 Omnes
551 842 601 884 res
625 842 707 905 quae
729 820 769 884 ad
789 841 857 884 eam
874 823 1044 906 pertinent,
1067 830 1216 887 curantur
1235 845 1293 908 pro

157 926 297 1009 ipsarum
321 931 435 989 natura
458 925 572 1010 partim
595 946 614 988 a
637 924 767 989 ciuitate
791 924 1040 1009 Smyrnaeorum
1066 927 1134 1011 ipsa
1163 928 1295 1011 eiusque

159 1031 409 1114 magistratibus,
439 1031 552 1114 partim
576 1052 595 1094 a
619 1029 778 1113 magistris
812 1031 950 1094 tribuum
982 1030 1095 1114 quibus
1126 1031 1294 1115 Magnetes

158 1136 311 1219 adscripti
344 1140 428 1199 sunt.
483 1134 544 1199 llla
574 1133 769 1218 praefectum
801 1133 874 1212 dat,
908 1134 962 1219 qui
993 1135 1100 1200 elaues
1130 1143 1294 1220 portarum

98 1294 102 1304 .
158 1259 241 1303 nuno
265 1238 393 1323 quidem
418 1239 511 1320 regis,
537 1246 651 1321 postea
674 1236 820 1300 nimirum
844 1238 870 1300 si
886 1259 942 1301 rex
960 1238 1209 1323 Smyrnaeorum
1225 1242 1294 1324 spei

157 1341 360 1426 respondeat.
383 1341 493 1425 populi
510 1340 675 1426 Smyrnaei
699 1343 826 1405 nomine
848 1349 966 1405 seruet.
1012 1340 1094 1405 Iuris
1122 1341 1293 1407 dictionem

159 1454 192 1509 et
213 1467 376 1510 sacrorum
400 1447 598 1530 aliarumque
622 1467 729 1510 rerum
752 1445 1054 1510 administrationem
1081 1467 1100 1509 a
1129 1448 1294 1530 magistra·

156 1550 241 1613 tibus
266 1550 374 1634 populi
398 1551 540 1614 exerceri
562 1557 809 1614 consentaneum
836 1556 891 1614 est.

262 1654 352 1727 Quae
383 1674 453 1717 oum
484 1653 528 1717 ita
551 1653 623 1734 sint,
655 1674 802 1716 nummos
826 1652 993 1735 Magnetes
1017 1673 1080 1716 non
1100 1654 1294 1736 persuasisse

158 1756 261 1820 donee
289 1757 367 1820 liaeo
398 1755 579 1840 sympolitia
609 1757 743 1836 steterit,
775 1775 831 1837 per
863 1778 896 1818 se
929 1755 1133 1840 intellegitur.
1181 1756 1293 1840 Itaque

160 1882 230 1924 oum
248 1867 354 1924 trrmen
372 1866 499 1923 exstent
517 1858 635 1924 nummi
655 1858 838 1942 Magnesiae
855 1859 1025 1943 Sipylenae
1042 1867 1185 1945 tempore
1202 1859 1295 1924 huius

159 1964 360 2049 sympolitiae
381 1964 546 2029 inferiores
561 1965 579 2044 ¹,
602 1963 714 2027 iniuria
729 1963 914 2028 Boeukhius
930 1963 1083 2028 iudicauit
1099 1963 1140 2027 ad
1157 1970 1294 2028 aetatem

158 2068 385 2152 imperatorum
401 2067 618 2132 Romanorum
640 2088 741 2151 usque
758 2088 828 2130 eam
850 2067 1055 2151 perdurasse:
1081 2068 1163 2131 tituli
1187 2075 1294 2133 autem

159 2193 238 2255 quos
271 2171 333 2235 huo
362 2171 485 2234 rettulit
508 2167 599 2252 (olo
623 2170 718 2234 3157.
746 2168 847 2252 3408)
879 2170 970 2235 aliter
997 2170 1178 2253 explicandi
1210 2177 1294 2235 sunt.

159 2275 274 2338 Strabo
291 2275 384 2351 eninr,
408 2278 443 2338 ut
459 2280 544 2337 reete
561 2271 710 2337 Kuhnius
731 2280 837 2337 monet
852 2261 1072 2356 (Entstehuug
1088 2274 1144 2339 der
1161 2272 1294 2338 Staedte

160 2401 190 2463 p.
214 2376 304 2460 360),
328 2376 406 2440 haec
430 2383 584 2441 testatur:
607 2374 695 2440 Xlll
711 2378 769 2440 621
790 2381 887 2439 extu:
912 2373 966 2438 οὐκ
981 2373 1112 2439 ἄπωθεν
1127 2377 1158 2439 δὲ
1176 2375 1295 2439 τούτων

161 2487 222 2544 τῶν
238 2479 356 2544 πόλεων
367 2479 432 2544 odd’
452 2478 471 2562 ἡ
492 2480 658 2562 Μαγνησία
679 2481 762 2543 ἐστὶν
780 2477 798 2560 η’
819 2476 877 2542 dud
897 2478 1030 2566 Σιπύλῳ,
1048 2478 1196 2560 ἐλευθέρα
1212 2477 1295 2556 πόλις

160 2582 221 2647 ead
243 2583 399 2662 Ῥωμαίων
422 2582 585 2665 κεκριμένη.
617 2583 834 2667 (Quamquam
855 2583 953 2647 ceteri
966 2584 1028 2647 loci
1048 2604 1128 2668 quos
1147 2582 1295 2648 Kuhnius

161 2686 286 2764 adtulit,
318 2708 380 2750 non
412 2686 451 2750 ad
475 2685 659 2770 Sipylenam
690 2685 747 2750 sed
782 2685 822 2749 ad
851 2686 1068 2751 Maeandrium
1098 2686 1295 2770 Magnesiam

161 2793 334 2875 spectant).
384 2790 454 2862 Quo
485 2797 592 2852 autern
622 2794 763 2872 tempore
794 2811 812 2852 a
843 2789 1026 2874 Smyrnaeis
1058 2789 1236 2872 secesserit,
1269 2790 1296 2854 si

161 2894 314 2978 requiras,
338 2915 417 2958 eane
442 2915 512 2957 eum
536 2894 595 2956 hae
617 2914 650 2956 re
677 2893 850 2977 coniungas
867 2893 1011 2956 eiusdem
1027 2892 1193 2957 Strabonis
1209 2894 1295 2957 testi·

161 3001 312 3081 monium,
336 3000 388 3083 qui
412 2998 494 3063 XIV
518 3000 580 3062 646
608 2997 704 3061 tradit
726 2997 931 3062 Dolabellam
955 3019 1038 3061 anno
1063 3019 1092 3063 a.
1117 2997 1191 3063 Chr.
1215 2999 1256 3061 43
1276 3019 1295 3061 a

161 3105 408 3190 Smyrnaeorum
425 3104 555 3168 ciuitate
570 3102 694 3186 aliquos
711 3103 797 3166 uiuos
814 3122 989 3186 separasse.
1035 3101 1191 3166 Nummus
1213 3103 1296 3165 enim

164 3209 216 3271 illo
240 3210 294 3294 qui
324 3218 373 3273 est
404 3207 489 3293 apud
514 3207 712 3271 Mionnetum
736 3204 785 3269 IV
809 3228 839 3291 p.
865 3209 901 3269 il
923 3226 952 3271 n.
978 3207 1049 3283 385,
1073 3205 1113 3270 ad
1137 3207 1181 3271 M.
1202 3205 1297 3270 Tullii

165 3313 317 3376 honorem
334 3334 487 3377 excussus
504 3318 562 3393 est,
579 3332 617 3375 eo
634 3311 772 3374 fortasse
787 3316 932 3394 tempore
948 3331 1011 3393 quo
1030 3308 1140 3375 (linere
1155 3309 1296 3373 Oilieiam

162 3416 412 3483 administrabat.
466 3416 580 3500 Itaque
615 3435 686 3480 enm
719 3414 827 3480 Sullae
862 3413 1043 3498 Magnesiae
1083 3412 1294 3497 emancipatio

164 3522 330 3585 tribuenda
346 3543 409 3585 non
427 3522 476 3600 sit,
493 3522 581 3585 ouius
599 3530 742 3604 tempore
756 3519 931 3583 Mithridati
948 3539 986 3581 ea
1001 3518 1133 3582 fauebat
1145 3516 1295 3602 (Appian.

164 3626 270 3689 Mithr.
301 3628 377 3706 21),
418 3647 436 3687 s
470 3624 653 3710 Smyrnaeis
691 3623 816 3707 quidem
859 3629 953 3686 antea
989 3622 1154 3705 Magnetes
1193 3640 1296 3685 seces·

163 3731 251 3807 sisse,
281 3729 398 3793 liberae
429 3735 535 3792 antem
566 3728 704 3792 ciuitatis
731 3728 799 3791 iure
829 3748 848 3790 a
875 3725 1030 3809 Pompeio
1061 3724 1197 3790 donatos
1227 3743 1297 3788 esse

164 3856 327 3898 oomrram.

267 4099 274 4132 ¹
297 4097 398 4147 Mckhel
419 4096 461 4148 111
481 4112 505 4159 p.
527 4094 573 4146 lod
593 4110 632 4160 sq.
671 4092 773 4156 Lealre,
794 4091 870 4142 Num.
893 4091 964 4142 Heli.
980 4091 1084 4140 asiatio
1099 4090 1203 4141 Greeoe
1218 4105 1242 4154 p.
1255 4088 1297 4140 79.

165 4184 256 4249 Suppl.
276 4182 311 4234 ib.
330 4198 355 4248 p.
366 4181 407 4234 67.
444 4179 576 4243 Mionnet‚
597 4180 690 4229 Deser.
704 4176 742 4228 IV
763 4194 787 4243 p.
801 4175 904 4229 rto-83
923 4192 949 4226 u.
962 4172 1107 4227 361-452.
1137 4174 1229 4240 Suppl.
1245 4173 1297 4226 vll

167 4285 191 4336 p.
210 4267 348 4323 371-389
367 4287 391 4320 n.
410 4265 555 4320 nrt-336.
619 4258 622 4265 ’

653 4423 807 4433 -—-——·
