2970 4814
222 265 261 331 ιι
488 362 489 368 .
657 298 696 322 .-
743 258 831 354 [250]
879 297 918 315 .-

216 451 381 543 στηκότων
415 449 496 546 αὐτῇ
522 436 684 522 κονδύλων
693 456 730 542 ⁵).
779 451 906 540 λέγεται
941 452 978 521 δὲ
1006 451 1064 519 καὶ
1094 446 1269 535 όκανθα,
1304 452 1354 539 τῷ

217 555 277 638 τὰς
309 558 345 624 ἐκ
377 561 442 625 τῶν
474 555 635 625 κονδύλων
663 552 849 645 ἀποφύσεις
881 551 1087 637 ἀκανθώδεις
1115 550 1208 624 εἶναι.
1265 557 1283 622 ὁ
1314 555 1352 622 δὲ

210 656 356 749 Ὅμηρος
379 657 465 742 ἰξὺν
495 654 596 750 αὐτὴν
621 661 714 727 καλεῖ
742 650 813 726 οἷον
839 654 974 740 όξοστίν
999 685 1074 726 τινα
1096 650 1205 740 οὖσαν,
1233 650 1273 749 ἣν
1295 653 1354 741 οὐχ

217 756 288 832 οἷόν
306 789 345 831 τε
363 760 460 845 ξόσαι
481 758 502 852 ἢ
522 766 670 853 κνῆσαιῑ)
691 756 831 843 εὐκόλως
852 788 891 850 τη
918 760 990 852 ἰδίᾳ
1011 761 1095 850 χειρί
1101 814 1109 846 ,
1138 756 1211 829 ἀλλ’
1236 759 1354 850 ἐτέρων

218 870 355 935 δεῖσθαι
376 864 424 948 εἰς
445 869 560 934 τοῦτο·
593 866 674 957 φησὶ
697 864 757 954 γὰρ
1316 862 1318 868 ’

614 983 709 1072 ,κατ’
736 982 925 1075 όκνηστιν
946 986 1032 1073 μέσα
1054 989 1141 1055 νῶτα
1153 990 1179 1075 ⁷)

473 1093 634 1182 πλῆξεν)
659 1092 734 1179 (οι.
758 1117 778 1158 κ
804 1092 895 1180 ιιι)

215 1210 271 1282 τὸν
300 1209 405 1280 τόπον
433 1210 611 1302 ἑρμηνεύων
637 1216 734 1281 τοῦτο
762 1209 894 1301 εἴρηκεν.
949 1211 982 1281 οῖ
1010 1203 1110 1298 ὦμοι
1142 1212 1177 1280 δὲ
1204 1211 1352 1300 λέγονται

222 1313 314 1403 παρὰ
337 1312 374 1384 τὸ
398 1320 423 1383 ὡ
443 1313 482 1384 τὸ
504 1312 714 1405 όπαρκτικόν,
740 1315 772 1384 οῖ
795 1311 1013 1402 ὑπομένοντες
1034 1312 1075 1383 τὰ
1097 1312 1181 1404 βάρη
1204 1312 1352 1410 ἰσχυρῶς.

216 1417 240 1511 ἢ
262 1418 355 1507 παρὰ
376 1417 432 1489 τὸν
455 1417 536 1488 οῖ’σω
559 1421 733 1506 μέλλοντα,
761 1415 814 1511 ὑφ’
841 1410 885 1487 ὧν
907 1420 1040 1510 φέρεται
1061 1418 1104 1487 τὰ
1125 1417 1209 1509 βάρη
1232 1419 1288 1486 καῖ
1311 1418 1353 1487 τὰ

219 1522 355 1612 φορτία·
379 1521 460 1592 οῖ’σω
483 1518 578 1610 οἶμος
600 1524 656 1591 καὶ
672 1528 779 1616 τροπῇ
802 1527 861 1592 τοῦ
883 1531 915 1593 ο”ι
938 1522 985 1605 εἷς
1007 1531 1033 1591 ιῦ
1055 1516 1143 1610 ὦμος
1152 1528 1188 1612 ⁸).
1233 1528 1354 1605 νῶτος

217 1628 254 1695 δὲ
275 1629 411 1717 λέγεται,
434 1625 550 1719 ἐπειδὴ
573 1632 637 1695 τῶν
660 1624 765 1696 ἷῖλλων
785 1632 891 1717 μεροῖν
905 1627 1066 1711 νοτίζεται
1079 1630 1203 1714 μᾶλλον
1225 1627 1282 1695 καὶ
1306 1625 1371 1708 εἰς·

217 1734 315 1799 τοῖτο
336 1729 375 1800 τὸ
388 1731 487 1818 μέρος
509 1733 526 1798 ό
543 1728 640 1819 ῖδρώς
654 1738 818 1821 καταρρεῖ,
835 1729 919 1799 ὥστε
934 1729 1060 1821 τροπὴν
1075 1725 1159 1801 εῖναι
1181 1734 1241 1799 τοῦ
1262 1741 1282 1799 ὃ
1306 1729 1354 1811 εἰς

220 1835 262 1902 εὖ·
292 1837 348 1903 καὶ
371 1830 452 1924 παρ’
474 1830 609 1925 Ὁμήρῳ

296 1953 401 2039 ,κατὰ
424 1956 460 2024 δὲ
482 1953 589 2036 νότιος
610 1956 679 2043 ῥέεν
702 1952 818 2043 ῖδριός“
842 1957 895 2042 (Il.
918 1964 959 2023 A
972 1962 1028 2023 811
1059 1991 1098 2014 =
1129 1962 1163 2024 Ψ
1183 1963 1268 2045 715),

218 2071 291 2144 ἀντὶ
318 2084 377 2145 τοῦ
404 2074 489 2144 κατὰ
517 2080 617 2144 νιῖπον
646 2076 778 2166 ἐφέρετο
788 2080 826 2165 ⁹).
870 2077 997 2166 λέγεται
1024 2075 1063 2146 τὸ
1085 2082 1235 2147 τοιοῦτον
1256 2079 1355 2168 μέρος

218 2180 275 2248 καὶ
292 2177 373 2270 ψόη
387 2178 481 2270 παρὰ
492 2178 530 2249 τὸ
544 2179 643 2268 ψαύω
658 2176 728 2248 κατ’
739 2180 921 2271 Εἰρηναῖον,
937 2178 958 2273 ι)
971 2181 1187 2271 ἐπιψαύουσα
1202 2180 1285 2271 σὰρξ
1297 2185 1352 2251 καὶ

219 2285 254 2368 ἐξ
266 2283 432 2375 ἐπιπολῆς
447 2277 531 2354 οὖσα
545 2293 616 2367 τοῖς
631 2281 742 2368 ὀστοῖς
753 2290 805 2374 ιο).
829 2289 907 2355 Mel.
921 2293 971 2370 96,
985 2292 1121 2365 36-92,
1132 2293 1179 2354 12.
1205 2292 1235 2376 1)
1249 2291 1352 2356 EtM.

220 2395 292 2474 764,
309 2395 362 2459 42.
415 2392 447 2477 2)
471 2392 547 2458 Rus.
566 2395 639 2472 239,
655 2396 710 2469 21;
738 2392 791 2459 Et.
807 2394 851 2459 Μ.
875 2396 1022 2475 495,19;
1046 2394 1103 2459 cfr.
1128 2416 1226 2478 supra
1250 2417 1281 2481 p.
1304 2397 1351 2458 16.

220 2495 253 2581 3)
266 2495 316 2560 Et.
330 2496 373 2563 M.
387 2498 459 2576 257,
476 2500 511 2573 3;
533 2495 606 2560 Rus.
618 2499 691 2579 239,
711 2499 758 2564 17.
780 2502 813 2581 4)
831 2497 885 2564 Or.
903 2500 1042 2579 161,13;
1065 2498 1121 2562 cfr.
1139 2519 1238 2584 supra
1255 2520 1285 2584 p.
1303 2501 1351 2564 16.

220 2602 253 2684 ι)
269 2599 320 2665 Et.
338 2598 382 2665 M.
398 2602 468 2681 ιον,
481 2602 533 2666 ιε.
575 2603 608 2683 ο)
626 2599 680 2665 or.
696 2603 745 2681 ιο,
761 2604 815 2676 ιε;
839 2600 891 2665 Et.
906 2601 950 2666 Μ.
968 2602 1041 2682 472,
1057 2604 1087 2665 6.
1112 2601 1352 2686 7)0r.17‚11;

222 2703 280 2767 cfr.
304 2725 403 2791 supra
425 2726 455 2791 p.
477 2709 523 2769 15.
569 2702 604 2787 8)
634 2704 778 2786 Οι.176,
799 2709 845 2769 14.
892 2705 925 2792 9)
954 2705 1009 2775 Or.
1035 2708 1170 2787 108,14.
1221 2705 1271 2793 16)
1295 2706 1351 2772 Or.

225 2809 345 2889 168,11
370 2814 403 2872 et
425 2807 477 2872 Et.
496 2807 540 2871 Μ.
563 2810 636 2888 819,
656 2812 704 2874 15.

308 2919 379 2989 238
402 2913 515 3009 ὓμήνε
543 2914 620 2986 καθ’
647 2914 861 3009 Ἡρακλείδην
887 2915 974 3011 όφην
996 2917 1048 3001 τίς
1070 2920 1172 3002 ἐστιν,
1201 2914 1353 2988 ἀπὸτοῦ

221 3016 266 3101 ὡς
288 3018 426 3110 ὕφασμα
448 3016 530 3089 εῖναι
554 3020 675 3091 λεπτὸν
697 3019 785 3091 όντα.
831 3028 907 3093 Mel.
932 3029 983 3108 32,
1000 3029 1056 3101 27;
1080 3026 1136 3092 Or.
1163 3028 1301 3105 156,11.

307 3135 376 3203 239
401 3129 577 3224 ὑπερῴαε
601 3160 630 3202 v.
654 3133 770 3222 στόμα.

306 3249 378 3318 240
400 3243 539 3339 όπήνηε
564 3272 594 3316 v.
617 3245 746 3337 πώγων.

307 3364 375 3432 241
401 3360 538 3444 όπνοςε
575 3360 668 3450 παρὰ
708 3360 746 3430 τὸ
780 3360 840 3444 τὰς
870 3364 990 3453 φρένας
1025 3359 1220 3432 ὖποστονεῖν
1254 3358 1353 3452 ἤγουν

219 3461 417 3555 ὑποχωρεῖν
449 3467 483 3535 ἐν
514 3471 562 3556 τῷ
591 3465 682 3556 ὕπνῳ
714 3465 775 3556 γὰρ
806 3466 839 3535 αῖ
869 3472 928 3536 τοῦ
960 3463 1141 3557 ἀνθρώπου
1176 3463 1354 3557 αἰσθήσεις

220 3565 456 3659 ὑποχωροῦσιν.
502 3573 579 3639 Mel.
604 3578 654 3649 41,
672 3576 726 3646 25;
750 3573 863 3641 11111.
889 3577 960 3656 786,
978 3578 1029 3641 53.
1057 3642 1060 3647 ,

306 3683 377 3751 242
400 3677 628 3770 ὑπόστημα
662 3676 732 3751 όπό
759 3685 818 3750 τοῦ
845 3681 938 3772 παρὰ
969 3682 1007 3751 τὸ
1035 3682 1146 3762 ὶνοῖδες
1176 3675 1259 3749 εἶναι
1289 3684 1353 3748 τῶν

220 3781 452 3870 ὑποκειμένων.
498 3787 571 3852 Rus.
597 3791 669 3868 246,
685 3793 716 3852 4.
775 3801 778 3807 ’

307 3898 379 3967 243
402 3892 580 3965 ὑπώπιαε
605 3920 635 3964 v.
659 3891 843 3987 ὀφθαλμοί.

306 4011 378 4081 244
400 4004 542 4097 ὑστέρα
566 4019 598 4077 et
621 4006 797 4096 ὕστεροντ
822 4034 851 4077 v.
875 4007 1022 4097 ἔμβρυον.

308 4206 332 4273 *)
350 4204 439 4274 πλῆξα
456 4203 599 4256 Homerus.
