2956 4822
207 283 248 348 se
728 281 816 368 [aa]

205 477 369 542 hominnm
406 478 468 540 iam
506 478 730 542 usitatissimus
765 476 876 542 modus
914 484 983 541 erat
1019 476 1160 542 Graecas
1194 478 1342 544 ciuitates

205 603 317 665 regum
348 581 443 645 rebus
472 589 502 645 et
533 581 707 644 commodis
739 580 949 644 adnectendi:
979 583 1068 647 uelut
1099 583 1253 666 Smyrnae
1277 585 1344 646 An·

206 685 329 749 tiochus
354 685 387 748 Il
411 693 442 748 et
466 694 568 749 mater
593 687 659 748 eius
686 684 863 749 Stratonice
894 686 1089 749 colebantur.
1142 685 1249 770 Atque
1279 708 1343 770 quo

205 795 299 873 pacto
323 789 466 853 modeste
491 790 635 873 primum,
660 796 726 851 tum
744 789 896 853 audacius
919 790 992 854 illae
1014 812 1123 873 regum
1141 789 1343 872 apotheoses,

205 913 286 976 quae
304 893 470 957 exordium
486 901 518 957 et
536 893 717 977 exemplum
735 892 882 956 nimirum
900 893 940 956 ab
956 894 1142 958 Alexandro
1163 917 1218 979 per
1231 896 1342 960 Iouem

206 997 393 1060 Ammonem
411 1003 596 1060 consecrato
610 1003 770 1081 ceperant,
784 996 814 1058 in
829 996 998 1080 religiones
1011 998 1186 1062 ciuitatium
1199 1000 1342 1083 publicas

205 1123 239 1166 se
260 1102 458 1181 insinuarint,
476 1122 515 1165 eo
533 1099 618 1164 haud
645 1101 726 1163 male
753 1100 937 1177 illustratur,
962 1102 1045 1186 quod
1070 1102 1249 1167 Stratonice
1275 1104 1342 1168 Ve-

204 1206 297 1287 neris,
322 1205 500 1268 Antiochus
524 1227 580 1269 suo
604 1205 732 1268 nomine
759 1205 912 1289 Smyrnae
936 1205 1140 1271 adorabatur.

308 1312 352 1371 At
375 1329 490 1372 nouam
514 1308 647 1370 formam
672 1308 818 1372 ciuitates
842 1307 901 1371 sibi
924 1308 1115 1392 adiungendi
1132 1310 1283 1375 Seleucus
1307 1322 1344 1376 ut

205 1414 332 1478 uidetur
355 1414 486 1493 inuenit,
512 1434 575 1496 qua
598 1412 671 1475 inde
695 1412 735 1475 ab
760 1433 796 1475 eo
829 1419 973 1496 tempore
1004 1415 1188 1497 saepissime
1221 1424 1254 1479 et
1276 1437 1343 1478 am·

203 1519 343 1603 piissime
377 1539 467 1599 reges
493 1517 589 1580 Asiae
618 1517 665 1580 usi
696 1524 786 1591 sunt,
819 1517 868 1579 ius
899 1517 978 1600 asyli
1002 1517 1136 1595 scilicet,
1167 1519 1252 1603 quod
1276 1541 1341 1583 non

202 1621 305 1686 solum
322 1620 457 1683 Veneris
474 1619 692 1681 Stratonicidis
715 1619 787 1681 fano
811 1617 910 1702 (quod
928 1621 1074 1682 nimirum
1092 1620 1161 1701 ipsc
1178 1641 1342 1685 sacrorum

203 1727 269 1790 iure
300 1721 412 1785 ἄσυλον
442 1721 539 1801 erat),
570 1720 625 1784 sed
659 1721 906 1806 Smyrnaeorum
938 1722 1008 1785 urbi
1038 1722 1095 1805 ipsi
1127 1724 1342 1788 condonatum

203 1852 221 1893 a
252 1827 396 1910 regibus,
436 1824 594 1908 dynastis,
630 1825 832 1904 ciuitatibus,
870 1827 1053 1889 nationibus
1089 1827 1340 1892 confirmandum

202 1933 335 2011 curauit,
360 1939 395 1993 ut
418 1939 449 1993 et
465 1931 585 2010 gratiae
601 1929 734 1992 uinculis
752 1929 849 1992 artius
867 1929 1029 1993 ciuitatem
1046 1930 1105 1993 sibi
1121 1933 1342 2015 coniungeret,

203 2043 236 2102 et
253 2033 402 2098 Antiochi
426 2041 457 2096 et
474 2036 708 2118 Aegyptiorum
726 2035 799 2110 uim,
817 2033 967 2115 imprimis
983 2041 1088 2096 autem
1105 2033 1270 2097 Gallorum
1292 2057 1341 2098 ra-

201 2139 384 2223 pacitatem,
401 2159 463 2221 qua
480 2137 533 2200 illo
552 2145 695 2219 tempore
712 2138 789 2199 Asia
806 2135 983 2217 laborabat,
1000 2136 1101 2200 abeis
1121 2136 1309 2202 defenderet
1321 2141 1339 2202 ¹.

202 2264 278 2312 locos
298 2278 314 2312 a
334 2258 473 2310 Boeekbio
494 2258 605 2308 citatos:
626 2259 743 2323 Appian.
770 2257 828 2324 Syr.
855 2258 896 2309 bb.
922 2256 1003 2309 Diod.
1024 2258 1088 2309 xlx
1110 2258 1151 2310 90.
1190 2259 1340 2312 PausaaI

203 2349 242 2407 lli,
255 2348 278 2397 3.
301 2347 369 2396 v111
388 2343 429 2408 lli,
449 2343 604 2404 2.—Quae
624 2352 712 2393 antem
733 2343 950 2395 necessitudines
969 2344 1174 2395 intercesserint
1195 2345 1267 2395 iuter
1283 2350 1340 2396 An·

201 2436 319 2487 tiochum
339 2433 351 2484 l
372 2438 398 2481 et
418 2432 533 2482 Ilienses
555 2436 669 2497 eiuraret
695 2447 709 2481 e
734 2431 819 2480 titulis
839 2431 898 2482 ult}
923 2430 1166 2483 3595=uittenu
1186 2431 1252 2498 Syll.
1276 2433 1341 2497 1563

179 2520 268 2576 ‚35th
287 2539 320 2561 z
340 2517 405 2569 ibid.
433 2516 488 2568 lbi.
533 2515 592 2565 lter
621 2516 664 2567 llii
694 2517 766 2566 cultu
795 2514 887 2566 diuino
917 2516 1042 2567 instituto
1072 2525 1249 2568 consecratus
1277 2526 1339 2570 erat

201 2604 333 2671 (mamb).
348 2632 379 2638 -
394 2602 545 2653 Antiochus
559 2602 587 2652 ll
602 2601 761 2667 Erythraeis
775 2603 930 2653 libertatem
945 2608 970 2652 et
991 2603 1186 2653 immunitatem
1202 2605 1339 2655 concessit

200 2691 334 2755 (Dittcub.
354 2687 505 2754 Syrtico).
542 2687 634 2737 Plebis
655 2688 800 2754 praecipue
821 2687 938 2737 studium
960 2703 1028 2749 erga
1046 2702 1139 2752 regem
1159 2687 1339 2752 praedicatur

201 2798 224 2831 r.
237 2779 261 2841 8,
282 2776 389 2829 Seleuci
408 2781 435 2826 ct
450 2774 575 2825 Antiochi
597 2772 731 2825 beneficia
749 2775 775 2823 in
791 2774 928 2824 ciuitatem
943 2774 1044 2825 collata
1059 2774 1109 2824 as
1123 2789 1162 2841 sq.
1174 2804 1204 2812 -
1218 2776 1337 2840 Appian.

200 2866 258 2932 Syr.
279 2864 326 2917 65:
343 2863 473 2931 Ἀντίοχος
487 2860 537 2923 (ll)
553 2890 582 2898 -
597 2865 648 2930 ὅτῳ
662 2860 723 2920 Θεό,-
742 2859 878 2925 r'rrrdrrrrror
895 2857 945 2912 ὑπὸ
959 2865 1090 2926 Milpm'rar
1104 2872 1210 2931 γίγνεται
1228 2863 1338 2929 πρῶτον,

198 2958 238 3003 ὅτι
259 2952 345 3009 adroic
368 2955 494 3017 Τίμαρχον
519 2945 637 3013 τύραννον
662 2952 784 2998 καθεῖλεν.
823 2946 862 2997 Cf.
883 2947 1008 3012 Droysen
1034 2946 1076 2997 Ill
1100 2950 1119 3008 l,
1138 2946 1196 2998 330.
1236 2950 1335 3009 Quant-

199 3055 280 3104 quam
298 3036 407 3102 losephi
428 3036 504 3085 loeus
525 3050 603 3100 quma
625 3034 671 3083 illc
691 3034 764 3094 citat,
784 3035 925 3085 obscurior
945 3041 987 3084 ast
1006 3035 1111 3100 (Anriq.
1133 3036 1189 3086 XII
1207 3033 1233 3098 3,
1253 3035 1289 3099 2).

304 3123 312 3156 ¹
332 3121 378 3172 cf:
398 3120 485 3171 Tacit.
501 3121 568 3169 Ana.
583 3118 624 3169 ΙΙΙ
644 3117 752 3169 att-at.
779 3118 818 3169 IV
840 3119 878 3171 14.
923 3119 961 3170 Le
977 3120 1037 3182 Bas,
1058 3121 1121 3170 Asie
1141 3120 1203 3171 min.
1222 3119 1334 3175 60-85.

198 3209 306 3260 Usener
324 3209 375 3259 er.
395 3207 463 3257 Mus.
483 3208 515 3258 ’29
534 3222 559 3273 p.
584 3205 618 3256 38
643 3222 682 3272 sq.
702 3221 762 3257 cnm
782 3206 932 3273 appendice
962 3206 998 3257 r1
1024 3207 1062 3273 (p.
1080 3205 1134 3269 50).
1173 3206 1276 3257 llcklrel
1296 3208 1336 3258 IV

198 3295 248 3346 306
268 3312 325 3361 sqq.
364 3294 473 3345 Aradiis
493 3299 520 3343 et
540 3293 626 3359 ipsum
645 3291 787 3343 Seleucum
807 3293 902 3343 cadem
922 3293 955 3343 de
975 3309 1058 3343 causa
1078 3297 1159 3360 atque
1179 3292 1337 3358 Smyrnaeis

197 3382 239 3432 ius
259 3381 327 3446 asyli
347 3379 516 3445 praestitisse
537 3396 569 3429 ea
590 3379 763 3441 condicione,
789 3396 822 3429 ne
842 3396 920 3445 quem
940 3380 984 3446 qui
999 3379 1087 3430 aulam
1103 3379 1207 3444 regiam
1227 3379 1337 3444 fugiens

197 3483 228 3517 co
249 3468 306 3516 iare
326 3482 389 3516 usus
410 3473 495 3523 essct,
525 3465 610 3515 inuito
630 3481 696 3528 rege
716 3464 781 3514 urbe
802 3465 935 3515 excedere
955 3471 1130 3531 paterentur,
1150 3465 1249 3517 Strabo
1269 3466 1337 3517 XVI

197 3551 246 3602 rat
267 3556 397 3610 testatur,
424 3551 548 3617 idemque
573 3552 715 3601 commoda
736 3566 805 3618 quac
824 3551 885 3601 inde
907 3551 1012 3602 ciuitati
1038 3557 1098 3602 orta
1117 3552 1184 3615 sint,
1213 3552 1335 3618 exponit.

198 3639 298 3689 Postea
317 3638 470 3688 Antiochus
489 3637 532 3688 Ill
551 3635 678 3687 Teiorum
697 3637 867 3687 uoluntatem
887 3637 937 3688 sibi
965 3638 1135 3702 comparauit
1154 3654 1201 3701 eo,
1227 3637 1298 3704 quod
1319 3655 1336 3689 a

197 3724 374 3775 Cretensibus
401 3728 428 3773 et
453 3724 557 3774 Aetolis
584 3723 714 3790 imprimis
741 3724 781 3773 ius
809 3723 877 3789 asyli
906 3724 944 3774 eis
971 3724 1182 3774 confirmandam
1211 3724 1335 3784 curabat,

196 3811 319 3862 nimirum
340 3827 399 3861 cum
419 3810 461 3861 illi
481 3810 626 3875 praecipue
647 3810 789 3860 maritimis
803 3810 954 3861 latrociniis
973 3828 1024 3860 noa
1045 3810 1183 3861 abstinere
1203 3811 1334 3863 solerent.

197 3924 227 3933 -
248 3897 337 3962 Atque
356 3895 449 3962 quanti
470 3893 535 3945 illud
557 3896 597 3944 ius
617 3895 744 3945 ciuitates
764 3896 888 3955 fecerint,
907 3901 1017 3962 praeter
1032 3896 1120 3947 Taciti
1134 3897 1209 3947 locos
1225 3898 1334 3963 citatos,

196 3987 223 4032 ct
237 3981 364 4032 Teiorum
384 3980 537 4045 legationes
557 3979 590 4031 ad
612 3981 735 4031 minimas
754 3981 828 4045 ipsas
848 3981 975 4033 ciuitates
995 3982 1101 4046 missas,
1123 3983 1222 4033 nummi
1243 3990 1335 4035 asten·

196 4067 270 4126 dunt,
290 4067 431 4133 inquibus
451 4067 491 4117 ius
512 4067 580 4133 asyli
601 4067 800 4131 significabant.
839 4069 875 4119 Ut
894 4070 965 4119 enim
980 4069 1039 4119 Teii
1054 4069 1155 4120 Bacchi
1169 4069 1286 4130 (llclrhel
1306 4069 1335 4121 ΙΙ

195 4170 220 4219 p.
240 4153 315 4215 563),
341 4153 380 4204 ita
399 4152 543 4218 Smyrnaei
566 4148 679 4202 Veneris
698 4152 889 4205 Stratonicidis
913 4155 1069 4221 imaginem,
1095 4155 1163 4222 asyli
1191 4161 1335 4222 patronae,

194 4240 309 4291 nummis
329 4239 498 4305 impressisse
518 4239 654 4290 uidentur.
691 4238 770 4289 Hauc
784 4240 856 4291 enim
876 4256 935 4292 csse
949 4241 1039 4293 iudico
1058 4240 1173 4306 figuram
1186 4241 1262 4293 illam
1276 4259 1334 4295 rnn-

194 4325 306 4376 licbrem
327 4341 396 4392 quae
416 4325 442 4375 in
462 4325 575 4376 nummis
595 4324 751 4391 Smyrnaeis
771 4327 930 4394 saepissime
950 4327 1077 4389 occurrit,
1097 4332 1224 4392 stantem,
1245 4329 1329 4381 iuter-
