<?xml version="1.0" encoding="UTF-8"?>
<!DOCTYPE html PUBLIC "-//W3C//DTD XHTML 1.0 Transitional//EN"
    "http://www.w3.org/TR/xhtml1/DTD/xhtml1-transitional.dtd">
<html xmlns="http://www.w3.org/1999/xhtml" xml:lang="en" lang="en">
 <head>
  <title>
</title>
<meta http-equiv="Content-Type" content="text/html;charset=utf-8" />
  <meta name='ocr-system' content='tesseract 3.04.00' />
  <meta name='ocr-capabilities' content='ocr_page ocr_carea ocr_par ocr_line ocrx_word'/>
</head>
<body>
  <div class='ocr_page' id='page_1' title='image "./dissertationesp00stragoog/dissertationesp00stragoog_0627.png"; bbox 0 0 3030 4816; ppageno 0'>
   <div class='ocr_carea' id='block_1_1' title="bbox 210 288 819 372">
    <p class='ocr_par' dir='ltr' id='par_1_1' title="bbox 210 288 819 372">
     <span class='ocr_line' id='line_1_1' title="bbox 210 288 819 372; baseline -0.011 -11"><span class='ocrx_word' id='word_1_1' title='bbox 210 298 249 361; x_wconf 88' lang='lat'>18</span> <span class='ocrx_word' id='word_1_2' title='bbox 730 288 819 372; x_wconf 83' lang='lat'>[310]</span> 
     </span>
    </p>
   </div>
   <div class='ocr_carea' id='block_1_2' title="bbox 208 479 1345 679">
    <p class='ocr_par' dir='ltr' id='par_1_2' title="bbox 208 479 1345 679">
     <span class='ocr_line' id='line_1_2' title="bbox 311 479 1345 569; baseline -0.007 -16"><span class='ocrx_word' id='word_1_3' title='bbox 311 488 351 553; x_wconf 90' lang='lat' dir='ltr'>In</span> <span class='ocrx_word' id='word_1_4' title='bbox 373 487 564 552; x_wconf 79' lang='lat' dir='ltr'>Eunuchum</span> <span class='ocrx_word' id='word_1_5' title='bbox 594 486 691 569; x_wconf 82' lang='lat' dir='ltr'>igitur</span> <span class='ocrx_word' id='word_1_6' title='bbox 720 505 761 548; x_wconf 81' lang='lat' dir='ltr'>ex</span> <span class='ocrx_word' id='word_1_7' title='bbox 792 483 893 546; x_wconf 88' lang='lat' dir='ltr'>altera</span> <span class='ocrx_word' id='word_1_8' title='bbox 924 481 1034 545; x_wconf 86' lang='lat' dir='ltr'>sabula</span> <span class='ocrx_word' id='word_1_9' title='bbox 1064 479 1230 545; x_wconf 79' lang='lat' dir='ltr'>Menandri</span> <span class='ocrx_word' id='word_1_10' title='bbox 1261 480 1345 546; x_wconf 86' lang='lat' dir='ltr'>duae</span> 
     </span>
     <span class='ocr_line' id='line_1_3' title="bbox 208 591 674 679; baseline -0.017 -19"><span class='ocrx_word' id='word_1_11' title='bbox 208 615 364 679; x_wconf 89' lang='lat' dir='ltr'>personas</span> <span class='ocrx_word' id='word_1_12' title='bbox 386 594 495 657; x_wconf 89' lang='lat' dir='ltr'>illatae</span> <span class='ocrx_word' id='word_1_13' title='bbox 518 591 674 655; x_wconf 87' lang='lat' dir='ltr'>dicuntur.</span> 
     </span>
    </p>
   </div>
   <div class='ocr_carea' id='block_1_3' title="bbox 312 729 838 815">
    <p class='ocr_par' dir='ltr' id='par_1_3' title="bbox 312 729 838 815">
     <span class='ocr_line' id='line_1_4' title="bbox 312 729 838 815; baseline -0.01 -18"><span class='ocrx_word' id='word_1_14' title='bbox 312 732 348 813; x_wconf 82' lang='lat'>3)</span> <span class='ocrx_word' id='word_1_15' title='bbox 372 730 549 815; x_wconf 89' lang='lat' dir='ltr'><strong>Adelph.</strong></span> <span class='ocrx_word' id='word_1_16' title='bbox 575 729 654 814; x_wconf 92' lang='lat' dir='ltr'>prol.</span> <span class='ocrx_word' id='word_1_17' title='bbox 676 749 707 793; x_wconf 87' lang='lat' dir='ltr'>v.</span> <span class='ocrx_word' id='word_1_18' title='bbox 732 729 750 790; x_wconf 83' lang='lat'>6</span> <span class='ocrx_word' id='word_1_19' title='bbox 773 749 838 811; x_wconf 85' lang='lat' dir='ltr'>sq:</span> 
     </span>
    </p>
   </div>
   <div class='ocr_carea' id='block_1_4' title="bbox 336 847 1248 1454">
    <p class='ocr_par' dir='ltr' id='par_1_4' title="bbox 336 847 1033 936">
     <span class='ocr_line' id='line_1_5' title="bbox 336 847 1033 936; baseline -0.011 -19"><span class='ocrx_word' id='word_1_20' title='bbox 336 850 658 936; x_wconf 78' lang='lat' dir='ltr'>Synapothnescontes</span> <span class='ocrx_word' id='word_1_21' title='bbox 680 847 807 932; x_wconf 78' lang='lat' dir='ltr'><em>Diphili</em></span> <span class='ocrx_word' id='word_1_22' title='bbox 830 847 1033 912; x_wconf 84' lang='lat' dir='ltr'>cornoecliost:</span> 
     </span>
    </p>

    <p class='ocr_par' dir='ltr' id='par_1_5' title="bbox 337 950 1115 1037">
     <span class='ocr_line' id='line_1_6' title="bbox 337 950 1115 1037; baseline -0.004 -18"><span class='ocrx_word' id='word_1_23' title='bbox 337 956 423 1019; x_wconf 76' lang='lat' dir='ltr'>Eone</span> <span class='ocrx_word' id='word_1_24' title='bbox 445 953 680 1019; x_wconf 77' lang='lat' dir='ltr'>Commorientis</span> <span class='ocrx_word' id='word_1_25' title='bbox 704 952 842 1016; x_wconf 90' lang='lat' dir='ltr'>Plautus</span> <span class='ocrx_word' id='word_1_26' title='bbox 856 951 941 1034; x_wconf 88' lang='lat' dir='ltr'>fecit</span> <span class='ocrx_word' id='word_1_27' title='bbox 954 950 1115 1037; x_wconf 80' lang='lat' dir='ltr'>fabulam.</span> 
     </span>
    </p>

    <p class='ocr_par' dir='ltr' id='par_1_6' title="bbox 337 1055 1248 1454">
     <span class='ocr_line' id='line_1_7' title="bbox 337 1055 1125 1140; baseline -0.006 -17"><span class='ocrx_word' id='word_1_28' title='bbox 337 1056 380 1123; x_wconf 91' lang='lat' dir='ltr'>In</span> <span class='ocrx_word' id='word_1_29' title='bbox 402 1057 527 1122; x_wconf 86' lang='lat' dir='ltr'>Graeco</span> <span class='ocrx_word' id='word_1_30' title='bbox 549 1057 733 1120; x_wconf 77' lang='lat' dir='ltr'>adulescens</span> <span class='ocrx_word' id='word_1_31' title='bbox 755 1062 809 1137; x_wconf 89' lang='lat' dir='ltr'>est,</span> <span class='ocrx_word' id='word_1_32' title='bbox 832 1056 886 1140; x_wconf 86' lang='lat' dir='ltr'>qui</span> <span class='ocrx_word' id='word_1_33' title='bbox 907 1055 1011 1119; x_wconf 86' lang='lat' dir='ltr'>lenoni</span> <span class='ocrx_word' id='word_1_34' title='bbox 1032 1056 1125 1138; x_wconf 83' lang='lat' dir='ltr'>eripit</span> 
     </span>
     <span class='ocr_line' id='line_1_8' title="bbox 338 1158 1248 1244; baseline -0.007 -16"><span class='ocrx_word' id='word_1_35' title='bbox 338 1164 538 1228; x_wconf 77' lang='lat' dir='ltr'>Meretricem</span> <span class='ocrx_word' id='word_1_36' title='bbox 559 1163 594 1225; x_wconf 89' lang='lat' dir='ltr'>in</span> <span class='ocrx_word' id='word_1_37' title='bbox 614 1163 722 1244; x_wconf 82' lang='lat' dir='ltr'>prima</span> <span class='ocrx_word' id='word_1_38' title='bbox 740 1159 873 1241; x_wconf 79' lang='lat' dir='ltr'>fabula:</span> <span class='ocrx_word' id='word_1_39' title='bbox 896 1179 965 1228; x_wconf 83' lang='lat' dir='ltr'>curn</span> <span class='ocrx_word' id='word_1_40' title='bbox 988 1158 1125 1223; x_wconf 90' lang='lat' dir='ltr'>Plautus</span> <span class='ocrx_word' id='word_1_41' title='bbox 1147 1160 1248 1224; x_wconf 86' lang='lat' dir='ltr'>locum</span> 
     </span>
     <span class='ocr_line' id='line_1_9' title="bbox 337 1262 1198 1353; baseline -0.007 -20"><span class='ocrx_word' id='word_1_42' title='bbox 337 1268 475 1353; x_wconf 81' lang='lat' dir='ltr'>Reliquit</span> <span class='ocrx_word' id='word_1_43' title='bbox 496 1269 663 1350; x_wconf 82' lang='lat' dir='ltr'>inteqrnm.</span> <span class='ocrx_word' id='word_1_44' title='bbox 698 1284 766 1329; x_wconf 89' lang='lat' dir='ltr'>eum</span> <span class='ocrx_word' id='word_1_45' title='bbox 787 1264 838 1328; x_wconf 77' lang='lat' dir='ltr'>liic</span> <span class='ocrx_word' id='word_1_46' title='bbox 860 1265 961 1328; x_wconf 86' lang='lat' dir='ltr'>locum</span> <span class='ocrx_word' id='word_1_47' title='bbox 984 1265 1117 1347; x_wconf 77' lang='lat' dir='ltr'>sumpsit</span> <span class='ocrx_word' id='word_1_48' title='bbox 1139 1262 1198 1327; x_wconf 78' lang='lat' dir='ltr'>sibi</span> 
     </span>
     <span class='ocr_line' id='line_1_10' title="bbox 337 1366 1239 1454; baseline -0.004 -18"><span class='ocrx_word' id='word_1_49' title='bbox 337 1371 380 1436; x_wconf 88' lang='lat' dir='ltr'>Iu</span> <span class='ocrx_word' id='word_1_50' title='bbox 402 1371 571 1454; x_wconf 76' lang='lat' dir='ltr'>Adelphos,</span> <span class='ocrx_word' id='word_1_51' title='bbox 595 1369 722 1435; x_wconf 73' lang='lat' dir='ltr'>nubum</span> <span class='ocrx_word' id='word_1_52' title='bbox 744 1369 781 1432; x_wconf 87' lang='lat' dir='ltr'>de</span> <span class='ocrx_word' id='word_1_53' title='bbox 803 1366 895 1431; x_wconf 87' lang='lat' dir='ltr'>uerbo</span> <span class='ocrx_word' id='word_1_54' title='bbox 919 1388 1097 1451; x_wconf 74' lang='lat' dir='ltr'>expressum</span> <span class='ocrx_word' id='word_1_55' title='bbox 1120 1369 1239 1432; x_wconf 77' lang='lat' dir='ltr'>extistit.</span> 
     </span>
    </p>
   </div>
   <div class='ocr_carea' id='block_1_5' title="bbox 209 1489 1344 1663">
    <p class='ocr_par' dir='ltr' id='par_1_7' title="bbox 209 1489 1344 1663">
     <span class='ocr_line' id='line_1_11' title="bbox 311 1489 1344 1578; baseline -0.003 -20"><span class='ocrx_word' id='word_1_56' title='bbox 311 1493 425 1578; x_wconf 88' lang='lat' dir='ltr'>Itaque</span> <span class='ocrx_word' id='word_1_57' title='bbox 453 1493 621 1577; x_wconf 82' lang='lat' dir='ltr'>Adelphos</span> <span class='ocrx_word' id='word_1_58' title='bbox 655 1492 822 1556; x_wconf 85' lang='lat' dir='ltr'>Menandri</span> <span class='ocrx_word' id='word_1_59' title='bbox 853 1512 917 1555; x_wconf 90' lang='lat' dir='ltr'>una</span> <span class='ocrx_word' id='word_1_60' title='bbox 951 1511 1065 1555; x_wconf 88' lang='lat' dir='ltr'>scaena</span> <span class='ocrx_word' id='word_1_61' title='bbox 1098 1489 1221 1576; x_wconf 90' lang='lat' dir='ltr'>Diphili</span> <span class='ocrx_word' id='word_1_62' title='bbox 1249 1496 1344 1555; x_wconf 86' lang='lat' dir='ltr'>aucta</span> 
     </span>
     <span class='ocr_line' id='line_1_12' title="bbox 209 1596 479 1663; baseline 0.007 -2"><span class='ocrx_word' id='word_1_63' title='bbox 209 1603 257 1662; x_wconf 87' lang='lat' dir='ltr'>est</span> <span class='ocrx_word' id='word_1_64' title='bbox 279 1619 298 1662; x_wconf 90' lang='lat' dir='ltr'>a</span> <span class='ocrx_word' id='word_1_65' title='bbox 320 1596 479 1663; x_wconf 85' lang='lat' dir='ltr'>Terentio.</span> 
     </span>
    </p>
   </div>
   <div class='ocr_carea' id='block_1_6' title="bbox 203 1735 1368 4417">
    <p class='ocr_par' dir='ltr' id='par_1_8' title="bbox 208 1735 1368 2321">
     <span class='ocr_line' id='line_1_13' title="bbox 311 1735 1344 1823; baseline -0.001 -24"><span class='ocrx_word' id='word_1_66' title='bbox 311 1735 418 1822; x_wconf 88' lang='lat' dir='ltr'>Atque</span> <span class='ocrx_word' id='word_1_67' title='bbox 447 1738 713 1823; x_wconf 85' lang='lat' dir='ltr'>simplicissimum</span> <span class='ocrx_word' id='word_1_68' title='bbox 741 1758 841 1821; x_wconf 83' lang='lat' dir='ltr'>genus</span> <span class='ocrx_word' id='word_1_69' title='bbox 870 1743 1004 1821; x_wconf 87' lang='lat' dir='ltr'>apparet</span> <span class='ocrx_word' id='word_1_70' title='bbox 1036 1736 1119 1821; x_wconf 92' lang='lat' dir='ltr'>quod</span> <span class='ocrx_word' id='word_1_71' title='bbox 1148 1740 1344 1821; x_wconf 89' lang='lat' dir='ltr'>postremum</span> 
     </span>
     <span class='ocr_line' id='line_1_14' title="bbox 208 1840 1344 1927; baseline 0 -24"><span class='ocrx_word' id='word_1_72' title='bbox 208 1840 415 1925; x_wconf 86' lang='lat' dir='ltr'>proferimus:</span> <span class='ocrx_word' id='word_1_73' title='bbox 439 1843 471 1906; x_wconf 91' lang='lat' dir='ltr'>in</span> <span class='ocrx_word' id='word_1_74' title='bbox 493 1841 697 1927; x_wconf 82' lang='lat' dir='ltr'>Adelphis</span> <span class='ocrx_word' id='word_1_75' title='bbox 720 1843 805 1905; x_wconf 92' lang='lat' dir='ltr'>enim</span> <span class='ocrx_word' id='word_1_76' title='bbox 827 1854 942 1905; x_wconf 88' lang='lat' dir='ltr'>s‘caena</span> <span class='ocrx_word' id='word_1_77' title='bbox 966 1841 1020 1904; x_wconf 90' lang='lat' dir='ltr'>illa</span> <span class='ocrx_word' id='word_1_78' title='bbox 1043 1847 1109 1904; x_wconf 89' lang='lat' dir='ltr'>tarn</span> <span class='ocrx_word' id='word_1_79' title='bbox 1132 1840 1206 1903; x_wconf 86' lang='lat' dir='ltr'>laxe</span> <span class='ocrx_word' id='word_1_80' title='bbox 1230 1840 1344 1903; x_wconf 87' lang='lat' dir='ltr'>ceteris</span> 
     </span>
     <span class='ocr_line' id='line_1_15' title="bbox 208 1941 1368 2028; baseline 0.001 -23"><span class='ocrx_word' id='word_1_81' title='bbox 208 1944 325 2008; x_wconf 88' lang='lat' dir='ltr'>inserta</span> <span class='ocrx_word' id='word_1_82' title='bbox 354 1951 411 2025; x_wconf 88' lang='lat' dir='ltr'>est,</span> <span class='ocrx_word' id='word_1_83' title='bbox 435 1950 470 2007; x_wconf 90' lang='lat' dir='ltr'>ut</span> <span class='ocrx_word' id='word_1_84' title='bbox 493 1944 645 2009; x_wconf 79' lang='lat' dir='ltr'>facillime</span> <span class='ocrx_word' id='word_1_85' title='bbox 667 1966 770 2028; x_wconf 89' lang='lat' dir='ltr'>neque</span> <span class='ocrx_word' id='word_1_86' title='bbox 794 1944 858 2007; x_wconf 94' lang='lat' dir='ltr'>ullo</span> <span class='ocrx_word' id='word_1_87' title='bbox 882 1945 977 2009; x_wconf 88' lang='lat' dir='ltr'>totius</span> <span class='ocrx_word' id='word_1_88' title='bbox 999 1944 1126 2008; x_wconf 85' lang='lat' dir='ltr'>tabulae</span> <span class='ocrx_word' id='word_1_89' title='bbox 1149 1941 1368 2007; x_wconf 63' lang='lat' dir='ltr'>detrimentox</span> 
     </span>
     <span class='ocr_line' id='line_1_16' title="bbox 208 2046 1343 2132; baseline 0 -22"><span class='ocrx_word' id='word_1_90' title='bbox 208 2067 248 2110; x_wconf 83' lang='lat' dir='ltr'>ex</span> <span class='ocrx_word' id='word_1_91' title='bbox 270 2052 337 2111; x_wconf 88' lang='lat' dir='ltr'>tota</span> <span class='ocrx_word' id='word_1_92' title='bbox 357 2048 479 2112; x_wconf 89' lang='lat' dir='ltr'>actione</span> <span class='ocrx_word' id='word_1_93' title='bbox 498 2049 596 2112; x_wconf 89' lang='lat' dir='ltr'>eximi</span> <span class='ocrx_word' id='word_1_94' title='bbox 619 2049 733 2132; x_wconf 85' lang='lat' dir='ltr'>possit:</span> <span class='ocrx_word' id='word_1_95' title='bbox 756 2048 844 2111; x_wconf 90' lang='lat' dir='ltr'>cuius</span> <span class='ocrx_word' id='word_1_96' title='bbox 866 2048 912 2111; x_wconf 90' lang='lat' dir='ltr'>rei</span> <span class='ocrx_word' id='word_1_97' title='bbox 934 2048 1001 2131; x_wconf 92' lang='lat' dir='ltr'>ipse</span> <span class='ocrx_word' id='word_1_98' title='bbox 1017 2046 1151 2110; x_wconf 88' lang='lat' dir='ltr'>Plautus</span> <span class='ocrx_word' id='word_1_99' title='bbox 1173 2047 1260 2110; x_wconf 90' lang='lat' dir='ltr'>testis</span> <span class='ocrx_word' id='word_1_100' title='bbox 1283 2052 1343 2126; x_wconf 89' lang='lat' dir='ltr'>est,</span> 
     </span>
     <span class='ocr_line' id='line_1_17' title="bbox 208 2144 1343 2235; baseline -0.001 -21"><span class='ocrx_word' id='word_1_101' title='bbox 208 2151 261 2235; x_wconf 93' lang='lat' dir='ltr'>qui</span> <span class='ocrx_word' id='word_1_102' title='bbox 294 2151 325 2214; x_wconf 94' lang='lat' dir='ltr'>in</span> <span class='ocrx_word' id='word_1_103' title='bbox 361 2144 648 2216; x_wconf 77' lang='lat' dir='ltr'>commorientibus</span> <span class='ocrx_word' id='word_1_104' title='bbox 677 2172 748 2215; x_wconf 90' lang='lat' dir='ltr'>eam</span> <span class='ocrx_word' id='word_1_105' title='bbox 778 2172 924 2215; x_wconf 84' lang='lat' dir='ltr'>scaenam</span> <span class='ocrx_word' id='word_1_106' title='bbox 954 2151 1057 2214; x_wconf 88' lang='lat' dir='ltr'>nescio</span> <span class='ocrx_word' id='word_1_107' title='bbox 1089 2171 1151 2235; x_wconf 89' lang='lat' dir='ltr'>qua</span> <span class='ocrx_word' id='word_1_108' title='bbox 1181 2150 1220 2214; x_wconf 92' lang='lat' dir='ltr'>de</span> <span class='ocrx_word' id='word_1_109' title='bbox 1248 2171 1343 2213; x_wconf 86' lang='lat' dir='ltr'>causa</span> 
     </span>
     <span class='ocr_line' id='line_1_18' title="bbox 208 2255 1032 2321; baseline 0.004 -4"><span class='ocrx_word' id='word_1_110' title='bbox 208 2255 355 2319; x_wconf 90' lang='lat' dir='ltr'>omittere</span> <span class='ocrx_word' id='word_1_111' title='bbox 378 2256 467 2319; x_wconf 93' lang='lat' dir='ltr'>nullo</span> <span class='ocrx_word' id='word_1_112' title='bbox 491 2278 566 2320; x_wconf 89' lang='lat' dir='ltr'>sane</span> <span class='ocrx_word' id='word_1_113' title='bbox 589 2256 717 2321; x_wconf 85' lang='lat' dir='ltr'>fabulae</span> <span class='ocrx_word' id='word_1_114' title='bbox 740 2255 855 2320; x_wconf 89' lang='lat' dir='ltr'>damno</span> <span class='ocrx_word' id='word_1_115' title='bbox 876 2256 1032 2320; x_wconf 83' lang='lat' dir='ltr'>maluerit.</span> 
     </span>
    </p>

    <p class='ocr_par' dir='ltr' id='par_1_9' title="bbox 205 2357 1342 3170">
     <span class='ocr_line' id='line_1_19' title="bbox 310 2357 1342 2443; baseline 0 -22"><span class='ocrx_word' id='word_1_116' title='bbox 310 2357 417 2423; x_wconf 87' lang='lat' dir='ltr'>Etiam</span> <span class='ocrx_word' id='word_1_117' title='bbox 458 2360 490 2422; x_wconf 96' lang='lat' dir='ltr'>in</span> <span class='ocrx_word' id='word_1_118' title='bbox 532 2359 708 2440; x_wconf 85' lang='lat' dir='ltr'>Andria,</span> <span class='ocrx_word' id='word_1_119' title='bbox 754 2380 825 2422; x_wconf 93' lang='lat' dir='ltr'>cum</span> <span class='ocrx_word' id='word_1_120' title='bbox 871 2359 933 2422; x_wconf 93' lang='lat' dir='ltr'>duo</span> <span class='ocrx_word' id='word_1_121' title='bbox 979 2359 1175 2443; x_wconf 80' lang='lat' dir='ltr'>exemplaria</span> <span class='ocrx_word' id='word_1_122' title='bbox 1219 2357 1342 2422; x_wconf 86' lang='lat' dir='ltr'>Graeca</span> 
     </span>
     <span class='ocr_line' id='line_1_20' title="bbox 207 2460 1342 2548; baseline 0.001 -24"><span class='ocrx_word' id='word_1_123' title='bbox 207 2460 319 2525; x_wconf 91' lang='lat' dir='ltr'>eodem</span> <span class='ocrx_word' id='word_1_124' title='bbox 349 2470 537 2546; x_wconf 86' lang='lat' dir='ltr'>argumento</span> <span class='ocrx_word' id='word_1_125' title='bbox 569 2470 601 2527; x_wconf 86' lang='lat' dir='ltr'>et</span> <span class='ocrx_word' id='word_1_126' title='bbox 630 2463 730 2528; x_wconf 89' lang='lat' dir='ltr'>isdem</span> <span class='ocrx_word' id='word_1_127' title='bbox 754 2464 820 2527; x_wconf 89' lang='lat' dir='ltr'>fers</span> <span class='ocrx_word' id='word_1_128' title='bbox 843 2464 963 2527; x_wconf 87' lang='lat' dir='ltr'>scaenis</span> <span class='ocrx_word' id='word_1_129' title='bbox 985 2464 1188 2548; x_wconf 84' lang='lat' dir='ltr'>personisque</span> <span class='ocrx_word' id='word_1_130' title='bbox 1214 2470 1342 2526; x_wconf 88' lang='lat' dir='ltr'>uteren-</span> 
     </span>
     <span class='ocr_line' id='line_1_21' title="bbox 206 2567 1342 2651; baseline 0 -22"><span class='ocrx_word' id='word_1_131' title='bbox 206 2571 267 2647; x_wconf 86' lang='lat' dir='ltr'>tur,</span> <span class='ocrx_word' id='word_1_132' title='bbox 298 2568 330 2630; x_wconf 95' lang='lat' dir='ltr'>in</span> <span class='ocrx_word' id='word_1_133' title='bbox 363 2573 513 2651; x_wconf 90' lang='lat' dir='ltr'>promptu</span> <span class='ocrx_word' id='word_1_134' title='bbox 542 2575 611 2632; x_wconf 90' lang='lat' dir='ltr'>erat</span> <span class='ocrx_word' id='word_1_135' title='bbox 642 2569 793 2632; x_wconf 84' lang='lat' dir='ltr'>imitatori</span> <span class='ocrx_word' id='word_1_136' title='bbox 814 2567 962 2631; x_wconf 88' lang='lat' dir='ltr'>Romano</span> <span class='ocrx_word' id='word_1_137' title='bbox 993 2568 1112 2651; x_wconf 84' lang='lat' dir='ltr'>eligere</span> <span class='ocrx_word' id='word_1_138' title='bbox 1135 2589 1188 2631; x_wconf 91' lang='lat' dir='ltr'>eas</span> <span class='ocrx_word' id='word_1_139' title='bbox 1211 2588 1342 2630; x_wconf 88' lang='lat' dir='ltr'>scaenas</span> 
     </span>
     <span class='ocr_line' id='line_1_22' title="bbox 206 2669 1341 2755; baseline -0.001 -22"><span class='ocrx_word' id='word_1_140' title='bbox 206 2689 396 2753; x_wconf 87' lang='lat' dir='ltr'>personasve</span> <span class='ocrx_word' id='word_1_141' title='bbox 418 2690 459 2733; x_wconf 85' lang='lat' dir='ltr'>ex</span> <span class='ocrx_word' id='word_1_142' title='bbox 483 2676 616 2754; x_wconf 88' lang='lat' dir='ltr'>utraque</span> <span class='ocrx_word' id='word_1_143' title='bbox 632 2671 750 2748; x_wconf 86' lang='lat' dir='ltr'>fabula,</span> <span class='ocrx_word' id='word_1_144' title='bbox 775 2692 851 2755; x_wconf 89' lang='lat' dir='ltr'>quas</span> <span class='ocrx_word' id='word_1_145' title='bbox 873 2671 914 2734; x_wconf 92' lang='lat' dir='ltr'>ad</span> <span class='ocrx_word' id='word_1_146' title='bbox 934 2671 1032 2734; x_wconf 91' lang='lat' dir='ltr'>risum</span> <span class='ocrx_word' id='word_1_147' title='bbox 1047 2677 1260 2755; x_wconf 88' lang='lat' dir='ltr'>spectatorum</span> <span class='ocrx_word' id='word_1_148' title='bbox 1275 2669 1341 2733; x_wconf 87' lang='lat' dir='ltr'>Ro·</span> 
     </span>
     <span class='ocr_line' id='line_1_23' title="bbox 206 2774 1341 2859; baseline 0.001 -25"><span class='ocrx_word' id='word_1_149' title='bbox 206 2792 374 2837; x_wconf 86' lang='lat' dir='ltr'>manorum</span> <span class='ocrx_word' id='word_1_150' title='bbox 403 2775 593 2838; x_wconf 88' lang='lat' dir='ltr'>movendum</span> <span class='ocrx_word' id='word_1_151' title='bbox 626 2776 765 2839; x_wconf 88' lang='lat' dir='ltr'>maxime</span> <span class='ocrx_word' id='word_1_152' title='bbox 795 2774 924 2838; x_wconf 88' lang='lat' dir='ltr'>idoneas</span> <span class='ocrx_word' id='word_1_153' title='bbox 957 2775 1128 2839; x_wconf 88' lang='lat' dir='ltr'>iudicaret:</span> <span class='ocrx_word' id='word_1_154' title='bbox 1162 2795 1240 2859; x_wconf 81' lang='lat' dir='ltr'>qiloe</span> <span class='ocrx_word' id='word_1_155' title='bbox 1269 2793 1341 2837; x_wconf 89' lang='lat' dir='ltr'>coa·</span> 
     </span>
     <span class='ocr_line' id='line_1_24' title="bbox 205 2878 1342 2964; baseline 0.003 -26"><span class='ocrx_word' id='word_1_156' title='bbox 205 2896 318 2940; x_wconf 88' lang='lat' dir='ltr'>uenere</span> <span class='ocrx_word' id='word_1_157' title='bbox 340 2925 371 2942; x_wconf 91' lang='lat'>..</span> <span class='ocrx_word' id='word_1_158' title='bbox 391 2878 564 2961; x_wconf 88' lang='lat' dir='ltr'>..fatetur</span> <span class='ocrx_word' id='word_1_159' title='bbox 587 2880 788 2943; x_wconf 84' lang='lat' dir='ltr'>transtulisse</span> <span class='ocrx_word' id='word_1_160' title='bbox 810 2885 902 2964; x_wconf 87' lang='lat' dir='ltr'>atque</span> <span class='ocrx_word' id='word_1_161' title='bbox 925 2899 1017 2942; x_wconf 86' lang='lat' dir='ltr'>usura</span> <span class='ocrx_word' id='word_1_162' title='bbox 1037 2881 1189 2962; x_wconf 82' lang='lat' dir='ltr'>proauis.</span> <span class='ocrx_word' id='word_1_163' title='bbox 1224 2878 1342 2953; x_wconf 90' lang='lat' dir='ltr'>Quam-</span> 
     </span>
     <span class='ocr_line' id='line_1_25' title="bbox 206 2981 1341 3067; baseline 0.001 -25"><span class='ocrx_word' id='word_1_164' title='bbox 206 3000 301 3063; x_wconf 88' lang='lat' dir='ltr'>quam</span> <span class='ocrx_word' id='word_1_165' title='bbox 332 3001 381 3044; x_wconf 87' lang='lat' dir='ltr'>res</span> <span class='ocrx_word' id='word_1_166' title='bbox 412 2981 574 3066; x_wconf 86' lang='lat' dir='ltr'>aliquanto</span> <span class='ocrx_word' id='word_1_167' title='bbox 607 2982 788 3067; x_wconf 85' lang='lat' dir='ltr'>impeditior</span> <span class='ocrx_word' id='word_1_168' title='bbox 818 2990 888 3046; x_wconf 87' lang='lat' dir='ltr'>erat</span> <span class='ocrx_word' id='word_1_169' title='bbox 917 3003 1012 3066; x_wconf 89' lang='lat' dir='ltr'>quam</span> <span class='ocrx_word' id='word_1_170' title='bbox 1034 2983 1067 3045; x_wconf 94' lang='lat' dir='ltr'>in</span> <span class='ocrx_word' id='word_1_171' title='bbox 1089 2982 1254 3066; x_wconf 86' lang='lat' dir='ltr'>Adelphis,</span> <span class='ocrx_word' id='word_1_172' title='bbox 1285 2981 1341 3045; x_wconf 91' lang='lat' dir='ltr'>ubi</span> 
     </span>
     <span class='ocr_line' id='line_1_26' title="bbox 205 3084 903 3170; baseline 0.009 -25"><span class='ocrx_word' id='word_1_173' title='bbox 205 3103 301 3145; x_wconf 91' lang='lat' dir='ltr'>unam</span> <span class='ocrx_word' id='word_1_174' title='bbox 323 3104 470 3148; x_wconf 87' lang='lat' dir='ltr'>scaenam</span> <span class='ocrx_word' id='word_1_175' title='bbox 493 3084 622 3150; x_wconf 86' lang='lat' dir='ltr'>fabulas</span> <span class='ocrx_word' id='word_1_176' title='bbox 645 3092 739 3170; x_wconf 89' lang='lat' dir='ltr'>poeta</span> <span class='ocrx_word' id='word_1_177' title='bbox 762 3087 903 3151; x_wconf 90' lang='lat' dir='ltr'>inseruit.</span> 
     </span>
    </p>

    <p class='ocr_par' dir='ltr' id='par_1_10' title="bbox 203 3185 1340 4417">
     <span class='ocr_line' id='line_1_27' title="bbox 307 3185 1340 3253; baseline 0.003 -4"><span class='ocrx_word' id='word_1_178' title='bbox 307 3185 377 3249; x_wconf 91' lang='lat' dir='ltr'>Iam</span> <span class='ocrx_word' id='word_1_179' title='bbox 400 3188 587 3253; x_wconf 88' lang='lat' dir='ltr'>accedamus</span> <span class='ocrx_word' id='word_1_180' title='bbox 602 3189 643 3253; x_wconf 90' lang='lat' dir='ltr'>ad</span> <span class='ocrx_word' id='word_1_181' title='bbox 658 3188 908 3253; x_wconf 85' lang='lat' dir='ltr'>Eunuchum.</span> <span class='ocrx_word' id='word_1_182' title='bbox 941 3188 1108 3253; x_wconf 79' lang='lat' dir='ltr'>Terentius</span> <span class='ocrx_word' id='word_1_183' title='bbox 1123 3187 1196 3253; x_wconf 90' lang='lat' dir='ltr'>huic</span> <span class='ocrx_word' id='word_1_184' title='bbox 1211 3187 1340 3252; x_wconf 86' lang='lat' dir='ltr'>fabulas</span> 
     </span>
     <span class='ocr_line' id='line_1_28' title="bbox 204 3288 1339 3377; baseline 0.004 -25"><span class='ocrx_word' id='word_1_185' title='bbox 204 3288 412 3355; x_wconf 88' lang='lat' dir='ltr'>eMenandri</span> <span class='ocrx_word' id='word_1_186' title='bbox 435 3291 589 3358; x_wconf 81' lang='lat' dir='ltr'>Eunucho</span> <span class='ocrx_word' id='word_1_187' title='bbox 620 3315 731 3358; x_wconf 81' lang='lat' dir='ltr'>versae</span> <span class='ocrx_word' id='word_1_188' title='bbox 760 3293 839 3357; x_wconf 92' lang='lat' dir='ltr'>duas</span> <span class='ocrx_word' id='word_1_189' title='bbox 861 3314 1021 3377; x_wconf 77' lang='lat' dir='ltr'>personas,</span> <span class='ocrx_word' id='word_1_190' title='bbox 1052 3292 1254 3357; x_wconf 85' lang='lat' dir='ltr'>Gnathonem</span> <span class='ocrx_word' id='word_1_191' title='bbox 1283 3313 1339 3376; x_wconf 89' lang='lat' dir='ltr'>pa-</span> 
     </span>
     <span class='ocr_line' id='line_1_29' title="bbox 204 3393 1339 3478; baseline 0.004 -23"><span class='ocrx_word' id='word_1_192' title='bbox 204 3393 336 3457; x_wconf 87' lang='lat' dir='ltr'>rasitum</span> <span class='ocrx_word' id='word_1_193' title='bbox 359 3401 390 3458; x_wconf 86' lang='lat' dir='ltr'>et</span> <span class='ocrx_word' id='word_1_194' title='bbox 414 3393 609 3461; x_wconf 85' lang='lat' dir='ltr'>Thrasonem</span> <span class='ocrx_word' id='word_1_195' title='bbox 632 3397 766 3461; x_wconf 88' lang='lat' dir='ltr'>militem</span> <span class='ocrx_word' id='word_1_196' title='bbox 795 3397 981 3478; x_wconf 86' lang='lat' dir='ltr'>gloriosum,</span> <span class='ocrx_word' id='word_1_197' title='bbox 1011 3418 1052 3460; x_wconf 81' lang='lat' dir='ltr'>ex</span> <span class='ocrx_word' id='word_1_198' title='bbox 1082 3396 1249 3460; x_wconf 88' lang='lat' dir='ltr'>Menandri</span> <span class='ocrx_word' id='word_1_199' title='bbox 1280 3395 1339 3460; x_wconf 86' lang='lat' dir='ltr'>Co·</span> 
     </span>
     <span class='ocr_line' id='line_1_30' title="bbox 204 3498 1340 3584; baseline 0.003 -23"><span class='ocrx_word' id='word_1_200' title='bbox 204 3498 272 3562; x_wconf 90' lang='lat' dir='ltr'>lace</span> <span class='ocrx_word' id='word_1_201' title='bbox 316 3499 360 3562; x_wconf 89' lang='lat' dir='ltr'>ita</span> <span class='ocrx_word' id='word_1_202' title='bbox 405 3501 566 3580; x_wconf 80' lang='lat' dir='ltr'>innexuit,</span> <span class='ocrx_word' id='word_1_203' title='bbox 607 3507 643 3564; x_wconf 89' lang='lat' dir='ltr'>ut</span> <span class='ocrx_word' id='word_1_204' title='bbox 683 3523 755 3565; x_wconf 92' lang='lat' dir='ltr'>cum</span> <span class='ocrx_word' id='word_1_205' title='bbox 795 3499 937 3566; x_wconf 81' lang='lat' dir='ltr'>Chaerea</span> <span class='ocrx_word' id='word_1_206' title='bbox 979 3500 1180 3565; x_wconf 83' lang='lat' dir='ltr'>adulescente</span> <span class='ocrx_word' id='word_1_207' title='bbox 1222 3501 1340 3584; x_wconf 90' lang='lat' dir='ltr'>primas</span> 
     </span>
     <span class='ocr_line' id='line_1_31' title="bbox 204 3601 1338 3688; baseline 0.004 -25"><span class='ocrx_word' id='word_1_208' title='bbox 204 3601 333 3666; x_wconf 89' lang='lat' dir='ltr'>fabulae</span> <span class='ocrx_word' id='word_1_209' title='bbox 356 3609 463 3685; x_wconf 87' lang='lat' dir='ltr'>partes</span> <span class='ocrx_word' id='word_1_210' title='bbox 486 3610 627 3686; x_wconf 85' lang='lat' dir='ltr'>agerent.</span> <span class='ocrx_word' id='word_1_211' title='bbox 672 3604 761 3678; x_wconf 82' lang='lat' dir='ltr'>Quae</span> <span class='ocrx_word' id='word_1_212' title='bbox 784 3625 834 3668; x_wconf 91' lang='lat' dir='ltr'>res</span> <span class='ocrx_word' id='word_1_213' title='bbox 857 3605 958 3687; x_wconf 85' lang='lat' dir='ltr'>magis</span> <span class='ocrx_word' id='word_1_214' title='bbox 981 3603 1079 3667; x_wconf 89' lang='lat' dir='ltr'>ardua</span> <span class='ocrx_word' id='word_1_215' title='bbox 1102 3603 1161 3666; x_wconf 89' lang='lat' dir='ltr'>fuit</span> <span class='ocrx_word' id='word_1_216' title='bbox 1184 3623 1280 3688; x_wconf 91' lang='lat' dir='ltr'>quam</span> <span class='ocrx_word' id='word_1_217' title='bbox 1308 3604 1338 3667; x_wconf 96' lang='lat' dir='ltr'>in</span> 
     </span>
     <span class='ocr_line' id='line_1_32' title="bbox 204 3703 1340 3791; baseline 0.001 -23"><span class='ocrx_word' id='word_1_218' title='bbox 204 3703 328 3769; x_wconf 88' lang='lat' dir='ltr'>Andria</span> <span class='ocrx_word' id='word_1_219' title='bbox 359 3707 409 3770; x_wconf 88' lang='lat' dir='ltr'>vel</span> <span class='ocrx_word' id='word_1_220' title='bbox 445 3708 478 3771; x_wconf 90' lang='lat' dir='ltr'>in</span> <span class='ocrx_word' id='word_1_221' title='bbox 512 3706 685 3791; x_wconf 90' lang='lat' dir='ltr'>Adelphis:</span> <span class='ocrx_word' id='word_1_222' title='bbox 719 3729 793 3770; x_wconf 89' lang='lat' dir='ltr'>nam</span> <span class='ocrx_word' id='word_1_223' title='bbox 827 3715 939 3791; x_wconf 89' lang='lat' dir='ltr'>poetae</span> <span class='ocrx_word' id='word_1_224' title='bbox 974 3729 1036 3770; x_wconf 94' lang='lat' dir='ltr'>non</span> <span class='ocrx_word' id='word_1_225' title='bbox 1071 3713 1194 3771; x_wconf 86' lang='lat' dir='ltr'>tantum</span> <span class='ocrx_word' id='word_1_226' title='bbox 1228 3708 1340 3771; x_wconf 89' lang='lat' dir='ltr'>ceteris</span> 
     </span>
     <span class='ocr_line' id='line_1_33' title="bbox 203 3807 1338 3895; baseline 0.004 -25"><span class='ocrx_word' id='word_1_227' title='bbox 203 3807 425 3894; x_wconf 81' lang='lat' dir='ltr'>adiungendus</span> <span class='ocrx_word' id='word_1_228' title='bbox 459 3811 509 3874; x_wconf 88' lang='lat' dir='ltr'>vel</span> <span class='ocrx_word' id='word_1_229' title='bbox 542 3811 726 3875; x_wconf 87' lang='lat' dir='ltr'>inserendae</span> <span class='ocrx_word' id='word_1_230' title='bbox 758 3818 848 3874; x_wconf 87' lang='lat' dir='ltr'>erant</span> <span class='ocrx_word' id='word_1_231' title='bbox 880 3811 954 3875; x_wconf 92' lang='lat' dir='ltr'>illae</span> <span class='ocrx_word' id='word_1_232' title='bbox 987 3832 1140 3894; x_wconf 89' lang='lat' dir='ltr'>personae</span> <span class='ocrx_word' id='word_1_233' title='bbox 1175 3811 1230 3875; x_wconf 90' lang='lat' dir='ltr'>sed</span> <span class='ocrx_word' id='word_1_234' title='bbox 1265 3817 1338 3895; x_wconf 88' lang='lat' dir='ltr'>apte</span> 
     </span>
     <span class='ocr_line' id='line_1_34' title="bbox 204 3909 1340 3999; baseline 0.004 -24"><span class='ocrx_word' id='word_1_235' title='bbox 204 3909 264 3976; x_wconf 90' lang='lat' dir='ltr'>toti</span> <span class='ocrx_word' id='word_1_236' title='bbox 287 3914 402 3977; x_wconf 87' lang='lat' dir='ltr'>actioni</span> <span class='ocrx_word' id='word_1_237' title='bbox 424 3915 629 3999; x_wconf 87' lang='lat' dir='ltr'>personisque</span> <span class='ocrx_word' id='word_1_238' title='bbox 651 3915 714 3977; x_wconf 88' lang='lat' dir='ltr'>iam</span> <span class='ocrx_word' id='word_1_239' title='bbox 734 3914 817 3978; x_wconf 87' lang='lat' dir='ltr'>datis</span> <span class='ocrx_word' id='word_1_240' title='bbox 839 3915 1139 3980; x_wconf 86' lang='lat' dir='ltr'>accommodandae.</span> <span class='ocrx_word' id='word_1_241' title='bbox 1186 3915 1340 3979; x_wconf 86' lang='lat' dir='ltr'>Videmus</span> 
     </span>
     <span class='ocr_line' id='line_1_35' title="bbox 204 4018 1339 4103; baseline 0.005 -24"><span class='ocrx_word' id='word_1_242' title='bbox 204 4024 310 4080; x_wconf 87' lang='lat' dir='ltr'>autem</span> <span class='ocrx_word' id='word_1_243' title='bbox 356 4018 434 4082; x_wconf 87' lang='lat' dir='ltr'>duas</span> <span class='ocrx_word' id='word_1_244' title='bbox 478 4020 548 4083; x_wconf 87' lang='lat' dir='ltr'>illas</span> <span class='ocrx_word' id='word_1_245' title='bbox 589 4041 740 4103; x_wconf 89' lang='lat' dir='ltr'>personas</span> <span class='ocrx_word' id='word_1_246' title='bbox 777 4021 931 4084; x_wconf 87' lang='lat' dir='ltr'>artissime</span> <span class='ocrx_word' id='word_1_247' title='bbox 971 4042 1042 4084; x_wconf 89' lang='lat' dir='ltr'>cum</span> <span class='ocrx_word' id='word_1_248' title='bbox 1080 4022 1175 4085; x_wconf 88' lang='lat' dir='ltr'>totius</span> <span class='ocrx_word' id='word_1_249' title='bbox 1212 4021 1339 4085; x_wconf 86' lang='lat' dir='ltr'>fabulae</span> 
     </span>
     <span class='ocr_line' id='line_1_36' title="bbox 204 4121 1340 4208; baseline 0.004 -25"><span class='ocrx_word' id='word_1_250' title='bbox 204 4122 326 4185; x_wconf 91' lang='lat' dir='ltr'>actione</span> <span class='ocrx_word' id='word_1_251' title='bbox 371 4121 538 4186; x_wconf 90' lang='lat' dir='ltr'>cohaerere</span> <span class='ocrx_word' id='word_1_252' title='bbox 580 4144 682 4207; x_wconf 91' lang='lat' dir='ltr'>neque</span> <span class='ocrx_word' id='word_1_253' title='bbox 724 4123 789 4186; x_wconf 89' lang='lat' dir='ltr'>ullo</span> <span class='ocrx_word' id='word_1_254' title='bbox 833 4130 946 4207; x_wconf 90' lang='lat' dir='ltr'>pacto,</span> <span class='ocrx_word' id='word_1_255' title='bbox 988 4123 1067 4187; x_wconf 89' lang='lat' dir='ltr'>sicut</span> <span class='ocrx_word' id='word_1_256' title='bbox 1111 4125 1143 4187; x_wconf 93' lang='lat' dir='ltr'>in</span> <span class='ocrx_word' id='word_1_257' title='bbox 1184 4124 1340 4208; x_wconf 89' lang='lat' dir='ltr'>Adelphis</span> 
     </span>
     <span class='ocr_line' id='line_1_37' title="bbox 203 4225 1339 4309; baseline 0.004 -22"><span class='ocrx_word' id='word_1_258' title='bbox 203 4244 349 4288; x_wconf 90' lang='lat' dir='ltr'>scaenam</span> <span class='ocrx_word' id='word_1_259' title='bbox 384 4225 472 4289; x_wconf 91' lang='lat' dir='ltr'>illam</span> <span class='ocrx_word' id='word_1_260' title='bbox 507 4227 675 4305; x_wconf 83' lang='lat' dir='ltr'>insertam,</span> <span class='ocrx_word' id='word_1_261' title='bbox 715 4227 817 4290; x_wconf 89' lang='lat' dir='ltr'>omitti</span> <span class='ocrx_word' id='word_1_262' title='bbox 853 4248 959 4309; x_wconf 90' lang='lat' dir='ltr'>posse:</span> <span class='ocrx_word' id='word_1_263' title='bbox 997 4229 1118 4291; x_wconf 89' lang='lat' dir='ltr'>omissis</span> <span class='ocrx_word' id='word_1_264' title='bbox 1156 4230 1240 4292; x_wconf 93' lang='lat' dir='ltr'>enim</span> <span class='ocrx_word' id='word_1_265' title='bbox 1277 4228 1339 4292; x_wconf 89' lang='lat' dir='ltr'>illis</span> 
     </span>
     <span class='ocr_line' id='line_1_38' title="bbox 204 4323 1338 4417; baseline 0.005 -26"><span class='ocrx_word' id='word_1_266' title='bbox 204 4329 343 4417; x_wconf 88' lang='lat' dir='ltr'>personis</span> <span class='ocrx_word' id='word_1_267' title='bbox 381 4335 450 4396; x_wconf 89' lang='lat' dir='ltr'>tota</span> <span class='ocrx_word' id='word_1_268' title='bbox 486 4329 595 4397; x_wconf 87' lang='lat' dir='ltr'>fabula</span> <span class='ocrx_word' id='word_1_269' title='bbox 634 4323 809 4398; x_wconf 85' lang='lat' dir='ltr'>collabitur.</span> <span class='ocrx_word' id='word_1_270' title='bbox 866 4330 966 4398; x_wconf 87' lang='lat' dir='ltr'>Recte</span> <span class='ocrx_word' id='word_1_271' title='bbox 1004 4332 1100 4414; x_wconf 82' lang='lat' dir='ltr'>igitur</span> <span class='ocrx_word' id='word_1_272' title='bbox 1137 4328 1216 4396; x_wconf 77' lang='lat' dir='ltr'>ltine</span> <span class='ocrx_word' id='word_1_273' title='bbox 1252 4331 1273 4394; x_wconf 91' lang='lat' dir='ltr'>l.</span> <span class='ocrx_word' id='word_1_274' title='bbox 1312 4353 1338 4398; x_wconf 90' lang='lat' dir='ltr'>c.</span> 
     </span>
    </p>
   </div>
   <div class='ocr_carea' id='block_1_7' title="bbox 0 0 1520 4816">
    <p class='ocr_par' dir='ltr' id='par_1_11' title="bbox 0 0 1520 4816">
     <span class='ocr_line' id='line_1_39' title="bbox 0 0 1520 4816; baseline 0 1"><span class='ocrx_word' id='word_1_275' title='bbox 0 0 1520 4816; x_wconf 95' lang='lat' dir='ltr'> </span> 
     </span>
    </p>
   </div>
  </div>
 </body>
</html>
