2954 4816
682 283 752 368 [se]
1043 252 1049 270 ¹
1240 287 1280 349 so

150 475 307 559 significat
329 474 461 539 verbum
485 477 636 558 respicere
659 475 708 538 IV
731 477 761 555 l,
785 477 804 538 3
829 475 912 559 quod
933 483 1040 559 aperte
1063 474 1107 538 ad
1129 483 1282 539 cosduma-

150 579 228 642 tiam
251 581 370 644 domim
390 582 575 664 respicit.

256 713 302 774 15.
348 708 461 773 Varias
484 709 679 775 circumferri
709 710 750 775 de
781 709 893 774 eadem
917 731 951 775 re
980 711 1153 774 sententias
1177 717 1212 773 ut
1235 710 1280 775 in·

150 812 278 895 dicaret,
303 813 399 878 verbo
421 815 551 877 variare
574 834 649 877 usus
672 822 720 878 est
735 835 816 878 unus
842 814 954 898 prioris
971 815 1068 898 partis
1086 814 1280 898 compositor

150 914 166 978 I
192 918 231 980 10
260 939 308 1003 pr.
337 938 463 1002 curaque
491 937 586 1002 super
598 918 672 1001 filio
694 918 959 998 variabatur,
989 924 1100 982 nostra
1128 919 1280 1000 processit

150 1020 264 1085 decisio
286 1020 445 1109 (Theoph.
469 1020 571 1105 ἐπειδή
601 1016 656 1086 οὖν
682 1025 789 1087 πολλαὶ
819 1025 885 1104 περὶ
918 1020 1033 1087 τούτων
1062 1027 1124 1087 τῶν
1153 1027 1282 1101 νομικῶν
1307 1084 1309 1088 .

149 1122 326 1209 ἀμφιβολίαι
344 1124 503 1208 γεγόνασι),
528 1125 626 1191 verbo
644 1125 789 1190 dubitare
804 1147 884 1190 unus
901 1126 1112 1211 posteriorum
1128 1125 1281 1190 librorum

152 1231 361 1315 compositor:
385 1229 438 1293 III
462 1232 513 1310 24,
537 1233 556 1293 3
579 1231 633 1295 sed
657 1232 730 1295 tatis
754 1237 934 1294 contractus
963 1232 1039 1315 quia
1063 1232 1144 1295 inter
1166 1237 1280 1294 ueteres

152 1331 424 1396 dubitabatur
446 1340 474 1397 et
496 1355 516 1397 a
541 1334 726 1418 quibusdam
748 1336 871 1413 locatio,
894 1356 915 1397 a
938 1334 1122 1420 quibusdam
1147 1333 1281 1397 venditio

149 1436 396 1521 ecistimabatur,
427 1440 475 1502 lec
505 1437 689 1502 Zeaouiaca
720 1439 789 1502 tata
820 1444 864 1502 est
883 1439 888 1519 Ι
908 1441 959 1520 28,
992 1441 1010 1502 3
1043 1438 1097 1502 sed
1127 1439 1156 1502 si
1185 1439 1282 1501 unius

152 1541 269 1605 domiai
279 1543 368 1606 iussu
380 1562 487 1606 seruus
500 1542 600 1623 fucrit
615 1543 795 1625 stipulatur,
811 1544 880 1606 licet
892 1549 985 1606 autea
1001 1540 1281 1619 dubitabatur,

152 1651 255 1710 tamea
274 1652 347 1730 post
369 1652 511 1711 uestram
535 1647 718 1712 decisionem
741 1666 792 1711 ree
815 1647 956 1730 capedine
980 1652 1033 1711 cst.

670 1954 688 2040 c
714 1960 761 2023 13.

254 2165 413 2241 Quoniam
439 2165 570 2249 singulis
600 2165 811 2230 locutionibus
843 2165 1029 2229 examinatis
1053 2164 1280 2228 demonstravi-

152 2290 221 2335 mus
243 2271 342 2334 libros
365 2269 382 2333 I
406 2276 438 2334 et
461 2268 496 2332 II
518 2270 571 2332 vix
594 2289 690 2353 posse
712 2267 752 2333 ab
777 2268 889 2333 eodem
912 2269 1065 2352 scriptore
1088 2269 1281 2352 compositos

151 2394 222 2438 esse
244 2380 339 2459 atque
363 2372 459 2437 libros
482 2371 535 2436 111
557 2378 589 2437 ct
611 2369 669 2454 IV,
700 2392 784 2437 nunc
806 2371 989 2452 rideamus,
1015 2393 1091 2437 uum
1114 2372 1280 2437 universus

154 2477 305 2542 orationis
328 2476 415 2542 color
436 2476 520 2542 idem
544 2476 667 2541 doceat.

256 2581 363 2665 Atque
392 2580 460 2665 ipse
483 2580 638 2646 Huschke
670 2588 755 2645 recte
778 2581 901 2645 monuit
925 2580 1144 2664 exemplisque
1168 2579 1281 2644 confir·

152 2684 250 2749 mavit
271 2683 387 2769 (praef.
410 2705 482 2769 pag.
506 2684 591 2748 VIII
612 2682 702 2771 sqq):

256 2815 285 2880 1.
319 2815 439 2879 maiore
462 2797 663 2900 simplicitate
686 2835 725 2879 ac
746 2815 973 2899 perspicuitate
996 2834 1088 2879 usum
1113 2834 1183 2878 esse
1200 2833 1280 2891 eum,

57 2993 59 2997 ⁸
152 2918 205 3002 qui
228 2919 420 3004 posteriores
443 2919 539 2983 libros
560 2919 801 3004 composuisset,
818 2940 912 3005 quam
932 2919 1042 3005 prioris
1064 2918 1162 3001 partis
1186 2916 1282 3000 scrip·

152 3027 271 3104 torcm3
362 3103 370 3115 ³

254 3155 283 3217 2.
314 3153 454 3236 priorem
476 3153 580 3219 solum
603 3151 732 3217 tumidis
754 3152 860 3218 verbis
883 3152 923 3218 de
953 3175 988 3218 se
1010 3153 1141 3239 suisque
1163 3150 1281 3215 meritis

153 3255 259 3322 facere
280 3258 502 3341 imperatorem
525 3257 778 3342 praedicantem
1089 3273 1092 3279 ·

255 3388 284 3451 3.
323 3387 515 3474 inutraque
546 3387 787 3453 Institutionum
817 3395 909 3472 perte
933 3388 1068 3451 lectores
1092 3405 1202 3449 eorum
1226 3378 1280 3447 a'd-

151 3491 282 3571 moneri,
306 3511 389 3576 quas
411 3491 485 3555 alibi
509 3490 595 3556 dicta
616 3491 667 3556 vel
690 3490 824 3557 dicenda
847 3499 970 3570 essent3
993 3489 1048 3555 sed
1073 3490 1153 3554 haec
1176 3489 1281 3552 omnia

151 3601 297 3677 spectare
320 3593 406 3658 diota
428 3592 601 3660 dicendane
617 3594 669 3660 vel
685 3596 767 3660 iutra
782 3595 868 3680 ipsos
883 3595 1005 3681 priores
1022 3594 1071 3657 vel
1089 3594 1172 3658 intra
1194 3594 1281 3676 ipsos

150 3699 344 3784 posteriores
367 3698 475 3765 libros.
509 3699 560 3763 Ad
584 3721 665 3785 quae
689 3701 757 3785 ipse
773 3701 834 3765 hoc
849 3702 955 3765 stetim
978 3699 1110 3765 addam:
1133 3698 1231 3762 Libro
1248 3696 1282 3761 ΙΙ

150 3803 282 3866 ineunte
314 3802 453 3868 breviter
481 3804 655 3888 ropetitur,
685 3825 749 3890 qua
780 3804 877 3869 dere
904 3805 936 3867 in
959 3805 1040 3868 libro
1065 3802 1081 3866 I
1104 3809 1207 3866 actum
1231 3803 1280 3867 sit.

150 3905 241 3971 Idem
264 3906 299 3970 fit
320 3907 453 3972 ineunte
476 3908 556 3972 libro
572 3907 630 3987 IV,
654 3909 707 3972 ubi
721 3909 889 3994 respicitur
901 3914 1121 3992 argumentum
1135 3906 1205 3971 libri
1220 3905 1281 3969 III.

151 4007 289 4074 Ineunte
312 4016 419 4074 autem
443 4011 523 4074 libro
539 4010 592 4074 III
615 4012 692 4076 nihil
719 4011 818 4076 sImile
840 4013 965 4095 legitur.
1011 4012 1141 4097 Itaque,
1173 4030 1282 4094 quam·

153 4132 247 4196 quam
270 4113 366 4179 etiam
391 4113 449 4179 Gai
466 4114 705 4180 Institutionum
728 4116 972 4181 commentarius
995 4116 1106 4181 tertius
1128 4115 1195 4178 siue
1218 4114 1283 4178 nlla

150 4214 312 4280 mentione
335 4237 454 4297 corum,
477 4239 560 4303 quae
581 4225 675 4283 antea
690 4225 826 4284 secuta
848 4228 947 4297 erant,
969 4219 1125 4302 incepisse
1147 4216 1282 4294 videtur,

150 4320 216 4387 reri
238 4340 302 4383 non
325 4319 475 4386 dissimile
500 4330 563 4404 est,
595 4344 657 4409 quo
685 4331 826 4410 tempore
853 4324 1021 4388 IustinIani
1043 4321 1281 4387 Institutionum
