<?xml version="1.0" encoding="UTF-8"?>
<!DOCTYPE html PUBLIC "-//W3C//DTD XHTML 1.0 Transitional//EN"
    "http://www.w3.org/TR/xhtml1/DTD/xhtml1-transitional.dtd">
<html xmlns="http://www.w3.org/1999/xhtml" xml:lang="en" lang="en">
 <head>
  <title>
</title>
<meta http-equiv="Content-Type" content="text/html;charset=utf-8" />
  <meta name='ocr-system' content='tesseract 3.04.00' />
  <meta name='ocr-capabilities' content='ocr_page ocr_carea ocr_par ocr_line ocrx_word'/>
</head>
<body>
  <div class='ocr_page' id='page_1' title='image "./dissertationesp00stragoog/dissertationesp00stragoog_0633.png"; bbox 0 0 3030 4816; ppageno 0'>
   <div class='ocr_carea' id='block_1_1' title="bbox 225 288 839 373">
    <p class='ocr_par' dir='ltr' id='par_1_1' title="bbox 225 288 839 373">
     <span class='ocr_line' id='line_1_1' title="bbox 225 288 839 373; baseline -0.011 -14"><span class='ocrx_word' id='word_1_1' title='bbox 225 297 266 359; x_wconf 80' lang='lat'>24</span> <span class='ocrx_word' id='word_1_2' title='bbox 750 288 839 373; x_wconf 75' lang='lat'>[316]</span> 
     </span>
    </p>
   </div>
   <div class='ocr_carea' id='block_1_2' title="bbox 223 466 1373 1507">
    <p class='ocr_par' dir='ltr' id='par_1_2' title="bbox 223 466 1373 1507">
     <span class='ocr_line' id='line_1_2' title="bbox 224 466 1373 572; baseline -0.004 -22"><span class='ocrx_word' id='word_1_3' title='bbox 224 488 335 567; x_wconf 82' lang='lat' dir='ltr'>tinent,</span> <span class='ocrx_word' id='word_1_4' title='bbox 350 487 478 572; x_wconf 87' lang='lat' dir='ltr'>probari</span> <span class='ocrx_word' id='word_1_5' title='bbox 492 486 628 550; x_wconf 85' lang='lat' dir='ltr'>videtur:</span> <span class='ocrx_word' id='word_1_6' title='bbox 645 505 702 549; x_wconf 82' lang='lat' dir='ltr'>nos</span> <span class='ocrx_word' id='word_1_7' title='bbox 712 491 877 569; x_wconf 82' lang='lat' dir='ltr'><strong><em>postquam</em></strong></span> <span class='ocrx_word' id='word_1_8' title='bbox 891 484 1003 567; x_wconf 80' lang='lat' dir='ltr'>populi</span> <span class='ocrx_word' id='word_1_9' title='bbox 1014 501 1141 545; x_wconf 83' lang='lat' dir='ltr'>rumore</span> <span class='ocrx_word' id='word_1_10' title='bbox 1152 466 1373 545; x_wconf 66' lang='lat' dir='ltr'>intelleximus</span> 
     </span>
     <span class='ocr_line' id='line_1_3' title="bbox 225 585 1370 674; baseline -0.005 -18"><span class='ocrx_word' id='word_1_11' title='bbox 225 590 363 656; x_wconf 79' lang='lat' dir='ltr'><strong><em>studiose</em></strong></span> <span class='ocrx_word' id='word_1_12' title='bbox 385 597 524 674; x_wconf 74' lang='lat' dir='ltr'>expetere</span> <span class='ocrx_word' id='word_1_13' title='bbox 546 598 602 654; x_wconf 78' lang='lat' dir='ltr'>uos</span> <span class='ocrx_word' id='word_1_14' title='bbox 617 588 790 654; x_wconf 81' lang='lat' dir='ltr'>Plautinas</span> <span class='ocrx_word' id='word_1_15' title='bbox 808 587 952 671; x_wconf 85' lang='lat' dir='ltr'>fabulas.</span> <span class='ocrx_word' id='word_1_16' title='bbox 998 587 1114 652; x_wconf 77' lang='lat' dir='ltr'>Casina</span> <span class='ocrx_word' id='word_1_17' title='bbox 1136 587 1233 669; x_wconf 90' lang='lat' dir='ltr'>igitur</span> <span class='ocrx_word' id='word_1_18' title='bbox 1248 585 1370 650; x_wconf 85' lang='lat' dir='ltr'>fabula</span> 
     </span>
     <span class='ocr_line' id='line_1_4' title="bbox 224 693 1370 779; baseline -0.003 -21"><span class='ocrx_word' id='word_1_19' title='bbox 224 696 285 760; x_wconf 86' lang='lat' dir='ltr'>suit</span> <span class='ocrx_word' id='word_1_20' title='bbox 308 696 467 761; x_wconf 85' lang='lat' dir='ltr'>oblivione</span> <span class='ocrx_word' id='word_1_21' title='bbox 495 715 596 779; x_wconf 88' lang='lat' dir='ltr'>paene</span> <span class='ocrx_word' id='word_1_22' title='bbox 626 693 808 757; x_wconf 86' lang='lat' dir='ltr'>oblitterata</span> <span class='ocrx_word' id='word_1_23' title='bbox 837 693 891 773; x_wconf 81' lang='lat' dir='ltr'>(es.</span> <span class='ocrx_word' id='word_1_24' title='bbox 916 714 946 758; x_wconf 87' lang='lat' dir='ltr'>v.</span> <span class='ocrx_word' id='word_1_25' title='bbox 973 694 1022 754; x_wconf 82' lang='lat'>14.</span> <span class='ocrx_word' id='word_1_26' title='bbox 1048 694 1118 772; x_wconf 87' lang='lat'>15),</span> <span class='ocrx_word' id='word_1_27' title='bbox 1148 698 1232 755; x_wconf 87' lang='lat' dir='ltr'>certe</span> <span class='ocrx_word' id='word_1_28' title='bbox 1263 697 1370 774; x_wconf 85' lang='lat' dir='ltr'>negat</span> 
     </span>
     <span class='ocr_line' id='line_1_5' title="bbox 223 794 1368 884; baseline 0.001 -22"><span class='ocrx_word' id='word_1_29' title='bbox 223 800 375 884; x_wconf 85' lang='lat' dir='ltr'>prologus</span> <span class='ocrx_word' id='word_1_30' title='bbox 398 799 533 863; x_wconf 91' lang='lat' dir='ltr'>iuniores</span> <span class='ocrx_word' id='word_1_31' title='bbox 557 799 655 862; x_wconf 91' lang='lat' dir='ltr'>ullam</span> <span class='ocrx_word' id='word_1_32' title='bbox 687 799 755 861; x_wconf 88' lang='lat' dir='ltr'>eius</span> <span class='ocrx_word' id='word_1_33' title='bbox 782 797 963 861; x_wconf 86' lang='lat' dir='ltr'>comoediae</span> <span class='ocrx_word' id='word_1_34' title='bbox 993 796 1203 879; x_wconf 84' lang='lat' dir='ltr'>cognitionem</span> <span class='ocrx_word' id='word_1_35' title='bbox 1232 794 1368 863; x_wconf 90' lang='lat' dir='ltr'>habere.</span> 
     </span>
     <span class='ocr_line' id='line_1_6' title="bbox 224 901 1366 988; baseline -0.004 -20"><span class='ocrx_word' id='word_1_36' title='bbox 224 906 337 988; x_wconf 89' lang='lat' dir='ltr'>Itaque</span> <span class='ocrx_word' id='word_1_37' title='bbox 360 904 492 988; x_wconf 88' lang='lat' dir='ltr'>antiqua</span> <span class='ocrx_word' id='word_1_38' title='bbox 514 903 622 966; x_wconf 87' lang='lat' dir='ltr'>Plauti</span> <span class='ocrx_word' id='word_1_39' title='bbox 645 901 764 983; x_wconf 85' lang='lat' dir='ltr'>fabula,</span> <span class='ocrx_word' id='word_1_40' title='bbox 794 922 986 986; x_wconf 87' lang='lat' dir='ltr'>quamquam</span> <span class='ocrx_word' id='word_1_41' title='bbox 1016 921 1128 965; x_wconf 85' lang='lat' dir='ltr'>revera</span> <span class='ocrx_word' id='word_1_42' title='bbox 1157 906 1248 964; x_wconf 85' lang='lat' dir='ltr'>vetus</span> <span class='ocrx_word' id='word_1_43' title='bbox 1280 907 1366 980; x_wconf 89' lang='lat' dir='ltr'>erat,</span> 
     </span>
     <span class='ocr_line' id='line_1_7' title="bbox 225 1004 1368 1092; baseline -0.004 -19"><span class='ocrx_word' id='word_1_44' title='bbox 225 1016 388 1092; x_wconf 89' lang='lat' dir='ltr'>tamquam</span> <span class='ocrx_word' id='word_1_45' title='bbox 411 1029 467 1092; x_wconf 91' lang='lat' dir='ltr'>pro</span> <span class='ocrx_word' id='word_1_46' title='bbox 491 1027 574 1070; x_wconf 86' lang='lat' dir='ltr'>nova</span> <span class='ocrx_word' id='word_1_47' title='bbox 597 1006 825 1090; x_wconf 82' lang='lat' dir='ltr'>spectatoribus</span> <span class='ocrx_word' id='word_1_48' title='bbox 847 1005 1050 1086; x_wconf 87' lang='lat' dir='ltr'>offerebatur,</span> <span class='ocrx_word' id='word_1_49' title='bbox 1079 1004 1196 1089; x_wconf 90' lang='lat' dir='ltr'>quippe</span> <span class='ocrx_word' id='word_1_50' title='bbox 1224 1024 1368 1087; x_wconf 89' lang='lat' dir='ltr'>quorum</span> 
     </span>
     <span class='ocr_line' id='line_1_8' title="bbox 225 1110 1368 1196; baseline -0.004 -20"><span class='ocrx_word' id='word_1_51' title='bbox 225 1133 341 1196; x_wconf 84' lang='lat' dir='ltr'>magna</span> <span class='ocrx_word' id='word_1_52' title='bbox 355 1132 430 1195; x_wconf 89' lang='lat' dir='ltr'>pars</span> <span class='ocrx_word' id='word_1_53' title='bbox 452 1132 523 1175; x_wconf 93' lang='lat' dir='ltr'>eam</span> <span class='ocrx_word' id='word_1_54' title='bbox 540 1112 711 1195; x_wconf 84' lang='lat' dir='ltr'>ignoraret,</span> <span class='ocrx_word' id='word_1_55' title='bbox 726 1111 854 1195; x_wconf 92' lang='lat' dir='ltr'>plurimi</span> <span class='ocrx_word' id='word_1_56' title='bbox 869 1131 947 1194; x_wconf 89' lang='lat' dir='ltr'>prae</span> <span class='ocrx_word' id='word_1_57' title='bbox 962 1110 1122 1174; x_wconf 87' lang='lat' dir='ltr'>veteribus</span> <span class='ocrx_word' id='word_1_58' title='bbox 1137 1130 1234 1173; x_wconf 86' lang='lat' dir='ltr'>novas</span> <span class='ocrx_word' id='word_1_59' title='bbox 1254 1129 1368 1192; x_wconf 88' lang='lat' dir='ltr'>asper-</span> 
     </span>
     <span class='ocr_line' id='line_1_9' title="bbox 224 1212 1367 1299; baseline -0.003 -19"><span class='ocrx_word' id='word_1_60' title='bbox 224 1223 384 1281; x_wconf 81' lang='lat' dir='ltr'>narentur.</span> <span class='ocrx_word' id='word_1_61' title='bbox 430 1214 566 1279; x_wconf 89' lang='lat' dir='ltr'>Nomine</span> <span class='ocrx_word' id='word_1_62' title='bbox 589 1236 714 1299; x_wconf 90' lang='lat' dir='ltr'>quoque</span> <span class='ocrx_word' id='word_1_63' title='bbox 737 1214 866 1279; x_wconf 86' lang='lat' dir='ltr'>fabulae</span> <span class='ocrx_word' id='word_1_64' title='bbox 896 1219 1017 1278; x_wconf 87' lang='lat' dir='ltr'>mutato</span> <span class='ocrx_word' id='word_1_65' title='bbox 1047 1213 1079 1277; x_wconf 89' lang='lat' dir='ltr'>id</span> <span class='ocrx_word' id='word_1_66' title='bbox 1107 1213 1208 1296; x_wconf 88' lang='lat' dir='ltr'>egisse</span> <span class='ocrx_word' id='word_1_67' title='bbox 1239 1212 1367 1276; x_wconf 90' lang='lat' dir='ltr'>domini</span> 
     </span>
     <span class='ocr_line' id='line_1_10' title="bbox 223 1314 1364 1403; baseline -0.002 -21"><span class='ocrx_word' id='word_1_68' title='bbox 223 1321 330 1403; x_wconf 91' lang='lat' dir='ltr'>gregis</span> <span class='ocrx_word' id='word_1_69' title='bbox 352 1320 509 1395; x_wconf 88' lang='lat' dir='ltr'>videntur,</span> <span class='ocrx_word' id='word_1_70' title='bbox 532 1327 568 1383; x_wconf 94' lang='lat' dir='ltr'>ut</span> <span class='ocrx_word' id='word_1_71' title='bbox 584 1325 708 1383; x_wconf 86' lang='lat' dir='ltr'>veteres</span> <span class='ocrx_word' id='word_1_72' title='bbox 724 1319 848 1383; x_wconf 87' lang='lat' dir='ltr'>fabulas</span> <span class='ocrx_word' id='word_1_73' title='bbox 863 1340 920 1403; x_wconf 91' lang='lat' dir='ltr'>pro</span> <span class='ocrx_word' id='word_1_74' title='bbox 936 1319 1025 1383; x_wconf 84' lang='lat' dir='ltr'>nouis</span> <span class='ocrx_word' id='word_1_75' title='bbox 1047 1317 1263 1382; x_wconf 82' lang='lat' dir='ltr'>venditarent:</span> <span class='ocrx_word' id='word_1_76' title='bbox 1285 1314 1364 1380; x_wconf 89' lang='lat' dir='ltr'>ideo</span> 
     </span>
     <span class='ocr_line' id='line_1_11' title="bbox 223 1422 1146 1507; baseline -0.002 -19"><span class='ocrx_word' id='word_1_77' title='bbox 223 1445 288 1488; x_wconf 91' lang='lat' dir='ltr'>non</span> <span class='ocrx_word' id='word_1_78' title='bbox 311 1422 458 1488; x_wconf 86' lang='lat' dir='ltr'>Casinam</span> <span class='ocrx_word' id='word_1_79' title='bbox 482 1422 537 1488; x_wconf 92' lang='lat' dir='ltr'>sed</span> <span class='ocrx_word' id='word_1_80' title='bbox 561 1422 735 1487; x_wconf 86' lang='lat' dir='ltr'>Sortientes</span> <span class='ocrx_word' id='word_1_81' title='bbox 757 1429 942 1507; x_wconf 89' lang='lat' dir='ltr'>nuncupant</span> <span class='ocrx_word' id='word_1_82' title='bbox 964 1444 994 1488; x_wconf 87' lang='lat' dir='ltr'>v.</span> <span class='ocrx_word' id='word_1_83' title='bbox 1017 1425 1058 1486; x_wconf 88' lang='grc'>30</span> <span class='ocrx_word' id='word_1_84' title='bbox 1081 1443 1146 1506; x_wconf 90' lang='lat' dir='ltr'>sq.:</span> 
     </span>
    </p>
   </div>
   <div class='ocr_carea' id='block_1_3' title="bbox 352 1553 988 1844">
    <p class='ocr_par' dir='ltr' id='par_1_3' title="bbox 352 1553 988 1844">
     <span class='ocr_line' id='line_1_12' title="bbox 354 1553 988 1618; baseline -0.003 -1"><span class='ocrx_word' id='word_1_85' title='bbox 354 1553 532 1618; x_wconf 73' lang='lat' dir='ltr'>Comoedias·</span> <span class='ocrx_word' id='word_1_86' title='bbox 553 1573 664 1617; x_wconf 79' lang='lat' dir='ltr'>nomeu</span> <span class='ocrx_word' id='word_1_87' title='bbox 687 1553 766 1617; x_wconf 84' lang='lat' dir='ltr'>dore</span> <span class='ocrx_word' id='word_1_88' title='bbox 788 1553 874 1617; x_wconf 82' lang='lat' dir='ltr'>uobis</span> <span class='ocrx_word' id='word_1_89' title='bbox 896 1553 988 1617; x_wconf 83' lang='lat' dir='ltr'>uolo:</span> 
     </span>
     <span class='ocr_line' id='line_1_13' title="bbox 352 1656 986 1722; baseline 0 -2"><span class='ocrx_word' id='word_1_90' title='bbox 352 1656 551 1722; x_wconf 77' lang='lat' dir='ltr'>Clerumenoe</span> <span class='ocrx_word' id='word_1_91' title='bbox 572 1664 709 1722; x_wconf 82' lang='lat' dir='ltr'>uocetur</span> <span class='ocrx_word' id='word_1_92' title='bbox 730 1657 807 1722; x_wconf 81' lang='lat' dir='ltr'>haee</span> <span class='ocrx_word' id='word_1_93' title='bbox 830 1658 986 1721; x_wconf 81' lang='lat' dir='ltr'>comoedia</span> 
     </span>
     <span class='ocr_line' id='line_1_14' title="bbox 352 1760 806 1844; baseline 0.002 -18"><span class='ocrx_word' id='word_1_94' title='bbox 352 1761 482 1844; x_wconf 83' lang='lat' dir='ltr'>Graece,</span> <span class='ocrx_word' id='word_1_95' title='bbox 505 1764 602 1826; x_wconf 80' lang='lat' dir='ltr'>latine</span> <span class='ocrx_word' id='word_1_96' title='bbox 625 1760 806 1827; x_wconf 82' lang='lat' dir='ltr'>Sortientes.</span> 
     </span>
    </p>
   </div>
   <div class='ocr_carea' id='block_1_4' title="bbox 221 1891 1364 3328">
    <p class='ocr_par' dir='ltr' id='par_1_4' title="bbox 225 1891 734 1976">
     <span class='ocr_line' id='line_1_15' title="bbox 225 1891 734 1976; baseline 0.002 -21"><span class='ocrx_word' id='word_1_97' title='bbox 225 1892 373 1976; x_wconf 89' lang='lat' dir='ltr'>idemque</span> <span class='ocrx_word' id='word_1_98' title='bbox 396 1892 436 1956; x_wconf 92' lang='lat' dir='ltr'>de</span> <span class='ocrx_word' id='word_1_99' title='bbox 459 1891 602 1956; x_wconf 87' lang='lat' dir='ltr'>Poenulo</span> <span class='ocrx_word' id='word_1_100' title='bbox 624 1892 734 1956; x_wconf 87' lang='lat' dir='ltr'>valet.l</span> 
     </span>
    </p>

    <p class='ocr_par' dir='ltr' id='par_1_5' title="bbox 221 1996 1364 3328">
     <span class='ocr_line' id='line_1_16' title="bbox 326 1996 1364 2081; baseline 0 -21"><span class='ocrx_word' id='word_1_101' title='bbox 326 1996 442 2081; x_wconf 84' lang='lat' dir='ltr'>Inopia</span> <span class='ocrx_word' id='word_1_102' title='bbox 464 1998 560 2081; x_wconf 90' lang='lat' dir='ltr'>igitur</span> <span class='ocrx_word' id='word_1_103' title='bbox 582 2018 736 2061; x_wconf 84' lang='lat' dir='ltr'>novarum</span> <span class='ocrx_word' id='word_1_104' title='bbox 767 1997 948 2061; x_wconf 82' lang='lat' dir='ltr'>fabularum</span> <span class='ocrx_word' id='word_1_105' title='bbox 980 1996 1139 2076; x_wconf 87' lang='lat' dir='ltr'>effecerat,</span> <span class='ocrx_word' id='word_1_106' title='bbox 1168 2001 1203 2058; x_wconf 91' lang='lat' dir='ltr'>ut</span> <span class='ocrx_word' id='word_1_107' title='bbox 1236 2001 1364 2060; x_wconf 84' lang='lat' dir='ltr'>veteres</span> 
     </span>
     <span class='ocr_line' id='line_1_17' title="bbox 223 2099 1362 2187; baseline -0.001 -23"><span class='ocrx_word' id='word_1_108' title='bbox 223 2099 331 2164; x_wconf 87' lang='lat' dir='ltr'>Plauti</span> <span class='ocrx_word' id='word_1_109' title='bbox 355 2100 482 2165; x_wconf 89' lang='lat' dir='ltr'>fabulae</span> <span class='ocrx_word' id='word_1_110' title='bbox 505 2102 537 2164; x_wconf 90' lang='lat' dir='ltr'>in</span> <span class='ocrx_word' id='word_1_111' title='bbox 567 2122 686 2165; x_wconf 85' lang='lat' dir='ltr'>novum</span> <span class='ocrx_word' id='word_1_112' title='bbox 718 2102 911 2187; x_wconf 90' lang='lat' dir='ltr'>dignumque</span> <span class='ocrx_word' id='word_1_113' title='bbox 941 2108 1055 2187; x_wconf 88' lang='lat' dir='ltr'>poetae</span> <span class='ocrx_word' id='word_1_114' title='bbox 1085 2101 1234 2165; x_wconf 88' lang='lat' dir='ltr'>honorem</span> <span class='ocrx_word' id='word_1_115' title='bbox 1265 2099 1362 2163; x_wconf 90' lang='lat' dir='ltr'>redu-</span> 
     </span>
     <span class='ocr_line' id='line_1_18' title="bbox 223 2204 1362 2271; baseline -0.001 -4"><span class='ocrx_word' id='word_1_116' title='bbox 223 2211 377 2268; x_wconf 88' lang='lat' dir='ltr'>cerentur.</span> <span class='ocrx_word' id='word_1_117' title='bbox 423 2205 615 2270; x_wconf 85' lang='lat' dir='ltr'>Terentiana</span> <span class='ocrx_word' id='word_1_118' title='bbox 638 2213 745 2270; x_wconf 89' lang='lat' dir='ltr'>autem</span> <span class='ocrx_word' id='word_1_119' title='bbox 768 2213 873 2271; x_wconf 88' lang='lat' dir='ltr'>aetate</span> <span class='ocrx_word' id='word_1_120' title='bbox 896 2206 1087 2270; x_wconf 91' lang='lat' dir='ltr'>desiderium</span> <span class='ocrx_word' id='word_1_121' title='bbox 1109 2204 1188 2268; x_wconf 91' lang='lat' dir='ltr'>illud</span> <span class='ocrx_word' id='word_1_122' title='bbox 1215 2210 1362 2267; x_wconf 84' lang='lat' dir='ltr'>veterum</span> 
     </span>
     <span class='ocr_line' id='line_1_19' title="bbox 223 2308 1360 2392; baseline 0.001 -22"><span class='ocrx_word' id='word_1_123' title='bbox 223 2314 391 2391; x_wconf 90' lang='lat' dir='ltr'>poetarum</span> <span class='ocrx_word' id='word_1_124' title='bbox 413 2308 555 2371; x_wconf 90' lang='lat' dir='ltr'>nondum</span> <span class='ocrx_word' id='word_1_125' title='bbox 578 2311 709 2388; x_wconf 87' lang='lat' dir='ltr'>exstitit,</span> <span class='ocrx_word' id='word_1_126' title='bbox 733 2310 809 2372; x_wconf 92' lang='lat' dir='ltr'>dum</span> <span class='ocrx_word' id='word_1_127' title='bbox 832 2310 978 2373; x_wconf 88' lang='lat' dir='ltr'>adessent</span> <span class='ocrx_word' id='word_1_128' title='bbox 1002 2309 1129 2391; x_wconf 90' lang='lat' dir='ltr'>ingenia</span> <span class='ocrx_word' id='word_1_129' title='bbox 1153 2329 1233 2392; x_wconf 90' lang='lat' dir='ltr'>quae</span> <span class='ocrx_word' id='word_1_130' title='bbox 1261 2328 1360 2371; x_wconf 86' lang='lat' dir='ltr'>novas</span> 
     </span>
     <span class='ocr_line' id='line_1_20' title="bbox 223 2412 1359 2497; baseline 0.003 -24"><span class='ocrx_word' id='word_1_131' title='bbox 223 2412 389 2494; x_wconf 88' lang='lat' dir='ltr'>quotannis</span> <span class='ocrx_word' id='word_1_132' title='bbox 425 2420 628 2495; x_wconf 79' lang='lat' dir='ltr'>procrearent</span> <span class='ocrx_word' id='word_1_133' title='bbox 673 2413 797 2477; x_wconf 87' lang='lat' dir='ltr'>fabulas</span> <span class='ocrx_word' id='word_1_134' title='bbox 834 2435 871 2476; x_wconf 92' lang='lat' dir='ltr'>ac</span> <span class='ocrx_word' id='word_1_135' title='bbox 909 2412 1137 2497; x_wconf 83' lang='lat' dir='ltr'>spectatoribus</span> <span class='ocrx_word' id='word_1_136' title='bbox 1174 2412 1359 2497; x_wconf 87' lang='lat' dir='ltr'>placituras.</span> 
     </span>
     <span class='ocr_line' id='line_1_21' title="bbox 221 2516 1359 2602; baseline 0.001 -23"><span class='ocrx_word' id='word_1_137' title='bbox 221 2516 354 2601; x_wconf 90' lang='lat' dir='ltr'>Absque</span> <span class='ocrx_word' id='word_1_138' title='bbox 381 2537 441 2601; x_wconf 92' lang='lat' dir='ltr'>quo</span> <span class='ocrx_word' id='word_1_139' title='bbox 465 2523 556 2597; x_wconf 90' lang='lat' dir='ltr'>esset,</span> <span class='ocrx_word' id='word_1_140' title='bbox 580 2537 644 2581; x_wconf 93' lang='lat' dir='ltr'>non</span> <span class='ocrx_word' id='word_1_141' title='bbox 667 2524 791 2602; x_wconf 86' lang='lat' dir='ltr'>poterat</span> <span class='ocrx_word' id='word_1_142' title='bbox 814 2516 929 2581; x_wconf 84' lang='lat' dir='ltr'>Casina</span> <span class='ocrx_word' id='word_1_143' title='bbox 952 2518 1041 2582; x_wconf 84' lang='lat' dir='ltr'>uelut</span> <span class='ocrx_word' id='word_1_144' title='bbox 1064 2517 1173 2580; x_wconf 84' lang='lat' dir='ltr'>fabula</span> <span class='ocrx_word' id='word_1_145' title='bbox 1195 2517 1359 2599; x_wconf 89' lang='lat' dir='ltr'>incognita</span> 
     </span>
     <span class='ocr_line' id='line_1_22' title="bbox 222 2621 1359 2707; baseline 0 -24"><span class='ocrx_word' id='word_1_146' title='bbox 222 2621 449 2705; x_wconf 88' lang='lat' dir='ltr'>spectatoribus</span> <span class='ocrx_word' id='word_1_147' title='bbox 464 2622 611 2707; x_wconf 90' lang='lat' dir='ltr'>proponi.</span> <span class='ocrx_word' id='word_1_148' title='bbox 645 2623 757 2707; x_wconf 91' lang='lat' dir='ltr'>Itaque</span> <span class='ocrx_word' id='word_1_149' title='bbox 788 2631 973 2687; x_wconf 88' lang='lat' dir='ltr'>veterum</span> <span class='ocrx_word' id='word_1_150' title='bbox 1004 2623 1273 2701; x_wconf 79' lang='lat' dir='ltr'>comicorum,</span> <span class='ocrx_word' id='word_1_151' title='bbox 1304 2621 1359 2704; x_wconf 91' lang='lat' dir='ltr'>qui</span> 
     </span>
     <span class='ocr_line' id='line_1_23' title="bbox 223 2725 1359 2804; baseline 0.001 -18"><span class='ocrx_word' id='word_1_152' title='bbox 223 2730 289 2786; x_wconf 87' lang='lat' dir='ltr'>tum</span> <span class='ocrx_word' id='word_1_153' title='bbox 305 2746 368 2787; x_wconf 94' lang='lat' dir='ltr'>non</span> <span class='ocrx_word' id='word_1_154' title='bbox 382 2725 446 2788; x_wconf 88' lang='lat' dir='ltr'>iam</span> <span class='ocrx_word' id='word_1_155' title='bbox 461 2726 493 2788; x_wconf 92' lang='lat' dir='ltr'>in</span> <span class='ocrx_word' id='word_1_156' title='bbox 517 2725 596 2788; x_wconf 85' lang='lat' dir='ltr'>vivis</span> <span class='ocrx_word' id='word_1_157' title='bbox 611 2734 724 2804; x_wconf 86' lang='lat' dir='ltr'>essent,</span> <span class='ocrx_word' id='word_1_158' title='bbox 748 2725 1195 2789; x_wconf 76' lang='lat' dir='ltr'>sabulaeTcrentiana</span> <span class='ocrx_word' id='word_1_159' title='bbox 1217 2729 1359 2787; x_wconf 87' lang='lat' dir='ltr'>aetate</span> 
     </span>
     <span class='ocr_line' id='line_1_24' title="bbox 222 2828 1359 2894; baseline 0.001 -3"><span class='ocrx_word' id='word_1_160' title='bbox 222 2828 378 2892; x_wconf 82' lang='lat' dir='ltr'>referri</span> <span class='ocrx_word' id='word_1_161' title='bbox 395 2850 465 2893; x_wconf 92' lang='lat' dir='ltr'>non</span> <span class='ocrx_word' id='word_1_162' title='bbox 489 2829 619 2893; x_wconf 88' lang='lat' dir='ltr'>facile</span> <span class='ocrx_word' id='word_1_163' title='bbox 641 2829 844 2894; x_wconf 85' lang='lat' dir='ltr'>solebant.</span> <span class='ocrx_word' id='word_1_164' title='bbox 870 2829 987 2894; x_wconf 82' lang='lat' dir='ltr'>Contra</span> <span class='ocrx_word' id='word_1_165' title='bbox 1003 2850 1157 2893; x_wconf 88' lang='lat' dir='ltr'>novorum</span> <span class='ocrx_word' id='word_1_166' title='bbox 1173 2830 1192 2892; x_wconf 92' lang='lat' dir='ltr'>i.</span> <span class='ocrx_word' id='word_1_167' title='bbox 1208 2849 1236 2892; x_wconf 89' lang='lat' dir='ltr'>e.</span> <span class='ocrx_word' id='word_1_168' title='bbox 1252 2835 1359 2892; x_wconf 89' lang='lat' dir='ltr'>aetate</span> 
     </span>
     <span class='ocr_line' id='line_1_25' title="bbox 222 2931 1359 3018; baseline 0.004 -23"><span class='ocrx_word' id='word_1_169' title='bbox 222 2931 402 2996; x_wconf 88' lang='lat' dir='ltr'>florentium</span> <span class='ocrx_word' id='word_1_170' title='bbox 425 2941 588 3018; x_wconf 88' lang='lat' dir='ltr'>poetarum</span> <span class='ocrx_word' id='word_1_171' title='bbox 604 2955 669 2998; x_wconf 93' lang='lat' dir='ltr'>non</span> <span class='ocrx_word' id='word_1_172' title='bbox 686 2941 809 2997; x_wconf 86' lang='lat' dir='ltr'>tantum</span> <span class='ocrx_word' id='word_1_173' title='bbox 832 2955 932 2998; x_wconf 88' lang='lat' dir='ltr'>novae</span> <span class='ocrx_word' id='word_1_174' title='bbox 949 2935 1077 2998; x_wconf 86' lang='lat' dir='ltr'>fabulae</span> <span class='ocrx_word' id='word_1_175' title='bbox 1093 2935 1286 2998; x_wconf 88' lang='lat' dir='ltr'>docebantur</span> <span class='ocrx_word' id='word_1_176' title='bbox 1301 2935 1359 2999; x_wconf 87' lang='lat' dir='ltr'>sed</span> 
     </span>
     <span class='ocr_line' id='line_1_26' title="bbox 222 3036 1360 3123; baseline 0.004 -24"><span class='ocrx_word' id='word_1_177' title='bbox 222 3036 352 3100; x_wconf 89' lang='lat' dir='ltr'>eaedem</span> <span class='ocrx_word' id='word_1_178' title='bbox 375 3038 463 3100; x_wconf 92' lang='lat' dir='ltr'>nullo</span> <span class='ocrx_word' id='word_1_179' title='bbox 485 3038 613 3120; x_wconf 88' lang='lat' dir='ltr'>negotio</span> <span class='ocrx_word' id='word_1_180' title='bbox 638 3037 868 3119; x_wconf 87' lang='lat' dir='ltr'>referebantur,</span> <span class='ocrx_word' id='word_1_181' title='bbox 889 3038 974 3123; x_wconf 92' lang='lat' dir='ltr'>quod</span> <span class='ocrx_word' id='word_1_182' title='bbox 990 3046 1116 3122; x_wconf 88' lang='lat' dir='ltr'>praeter</span> <span class='ocrx_word' id='word_1_183' title='bbox 1131 3037 1293 3122; x_wconf 79' lang='lat' dir='ltr'>Hecyram</span> <span class='ocrx_word' id='word_1_184' title='bbox 1309 3037 1360 3103; x_wconf 89' lang='lat' dir='ltr'>bis</span> 
     </span>
     <span class='ocr_line' id='line_1_27' title="bbox 221 3141 1359 3227; baseline 0.004 -26"><span class='ocrx_word' id='word_1_185' title='bbox 221 3147 326 3202; x_wconf 89' lang='lat' dir='ltr'>actam</span> <span class='ocrx_word' id='word_1_186' title='bbox 355 3147 490 3204; x_wconf 88' lang='lat' dir='ltr'>testatur</span> <span class='ocrx_word' id='word_1_187' title='bbox 518 3141 558 3205; x_wconf 87' lang='lat' dir='ltr'>de</span> <span class='ocrx_word' id='word_1_188' title='bbox 588 3141 718 3206; x_wconf 81' lang='lat' dir='ltr'>Caecilii</span> <span class='ocrx_word' id='word_1_189' title='bbox 747 3141 864 3206; x_wconf 89' lang='lat' dir='ltr'>fabulis</span> <span class='ocrx_word' id='word_1_190' title='bbox 893 3143 981 3205; x_wconf 91' lang='lat' dir='ltr'>locus</span> <span class='ocrx_word' id='word_1_191' title='bbox 1012 3141 1091 3205; x_wconf 87' lang='lat' dir='ltr'>Hec.</span> <span class='ocrx_word' id='word_1_192' title='bbox 1122 3143 1201 3227; x_wconf 89' lang='lat' dir='ltr'>prol.</span> <span class='ocrx_word' id='word_1_193' title='bbox 1225 3141 1260 3205; x_wconf 91' lang='lat' dir='ltr'>II</span> <span class='ocrx_word' id='word_1_194' title='bbox 1282 3163 1312 3205; x_wconf 87' lang='lat' dir='ltr'>v.</span> <span class='ocrx_word' id='word_1_195' title='bbox 1339 3145 1359 3205; x_wconf 86' lang='grc'><strong>4</strong></span> 
     </span>
     <span class='ocr_line' id='line_1_28' title="bbox 221 3244 1259 3328; baseline 0.005 -23"><span class='ocrx_word' id='word_1_196' title='bbox 221 3263 322 3314; x_wconf 79' lang='lat' dir='ltr'>nouos</span> <span class='ocrx_word' id='word_1_197' title='bbox 343 3247 397 3328; x_wconf 80' lang='lat' dir='ltr'>qut</span> <span class='ocrx_word' id='word_1_198' title='bbox 418 3251 545 3309; x_wconf 81' lang='lat' dir='ltr'>caoctus</span> <span class='ocrx_word' id='word_1_199' title='bbox 563 3244 631 3327; x_wconf 78' lang='lat' dir='ltr'>feei</span> <span class='ocrx_word' id='word_1_200' title='bbox 653 3251 687 3309; x_wconf 85' lang='lat' dir='ltr'>ot</span> <span class='ocrx_word' id='word_1_201' title='bbox 709 3247 973 3310; x_wconf 82' lang='lat' dir='ltr'>inueteraaeereot</span> <span class='ocrx_word' id='word_1_202' title='bbox 995 3253 1028 3310; x_wconf 89' lang='lat' dir='ltr'>et</span> <span class='ocrx_word' id='word_1_203' title='bbox 1050 3246 1125 3310; x_wconf 90' lang='lat' dir='ltr'>ibid.</span> <span class='ocrx_word' id='word_1_204' title='bbox 1150 3268 1178 3308; x_wconf 85' lang='lat' dir='ltr'>v.</span> <span class='ocrx_word' id='word_1_205' title='bbox 1204 3248 1259 3310; x_wconf 84' lang='lat'>10:</span> 
     </span>
    </p>
   </div>
   <div class='ocr_carea' id='block_1_5' title="bbox 349 3375 1245 3564">
    <p class='ocr_par' dir='ltr' id='par_1_6' title="bbox 349 3375 1245 3564">
     <span class='ocr_line' id='line_1_29' title="bbox 349 3375 1245 3462; baseline 0.001 -24"><span class='ocrx_word' id='word_1_206' title='bbox 349 3375 489 3439; x_wconf 82' lang='lat' dir='ltr'>Eosdem</span> <span class='ocrx_word' id='word_1_207' title='bbox 512 3397 605 3462; x_wconf 75' lang='lat' dir='ltr'>opere</span> <span class='ocrx_word' id='word_1_208' title='bbox 629 3377 722 3458; x_wconf 81' lang='lat' dir='ltr'>coepi,</span> <span class='ocrx_word' id='word_1_209' title='bbox 745 3383 779 3440; x_wconf 83' lang='lat' dir='ltr'>ut</span> <span class='ocrx_word' id='word_1_210' title='bbox 802 3376 841 3440; x_wconf 86' lang='lat' dir='ltr'>ab</span> <span class='ocrx_word' id='word_1_211' title='bbox 863 3378 967 3441; x_wconf 84' lang='lat' dir='ltr'>eodem</span> <span class='ocrx_word' id='word_1_212' title='bbox 990 3377 1074 3440; x_wconf 84' lang='lat' dir='ltr'>ulios</span> <span class='ocrx_word' id='word_1_213' title='bbox 1096 3375 1245 3439; x_wconf 79' lang='lat' dir='ltr'>discerem</span> 
     </span>
     <span class='ocr_line' id='line_1_30' title="bbox 349 3478 528 3564; baseline 0 -20"><span class='ocrx_word' id='word_1_214' title='bbox 349 3478 460 3544; x_wconf 84' lang='lat' dir='ltr'>Nouus</span> <span class='ocrx_word' id='word_1_215' title='bbox 483 3502 528 3564; x_wconf 91' lang='lat' dir='ltr'>sq.</span> 
     </span>
    </p>
   </div>
   <div class='ocr_carea' id='block_1_6' title="bbox 220 3609 1359 4213">
    <p class='ocr_par' dir='ltr' id='par_1_7' title="bbox 220 3609 1359 4004">
     <span class='ocr_line' id='line_1_31' title="bbox 323 3609 1358 3699; baseline 0.005 -26"><span class='ocrx_word' id='word_1_216' title='bbox 323 3609 468 3694; x_wconf 89' lang='lat' dir='ltr'>Denique</span> <span class='ocrx_word' id='word_1_217' title='bbox 491 3632 557 3674; x_wconf 93' lang='lat' dir='ltr'>non</span> <span class='ocrx_word' id='word_1_218' title='bbox 587 3611 699 3676; x_wconf 88' lang='lat' dir='ltr'>eodem</span> <span class='ocrx_word' id='word_1_219' title='bbox 729 3634 793 3698; x_wconf 90' lang='lat' dir='ltr'>quo</span> <span class='ocrx_word' id='word_1_220' title='bbox 823 3619 896 3696; x_wconf 89' lang='lat' dir='ltr'>post</span> <span class='ocrx_word' id='word_1_221' title='bbox 919 3612 1060 3676; x_wconf 80' lang='lat' dir='ltr'>Terentii</span> <span class='ocrx_word' id='word_1_222' title='bbox 1092 3618 1225 3677; x_wconf 89' lang='lat' dir='ltr'>mortem</span> <span class='ocrx_word' id='word_1_223' title='bbox 1254 3614 1358 3699; x_wconf 81' lang='lat' dir='ltr'>pretio</span> 
     </span>
     <span class='ocr_line' id='line_1_32' title="bbox 221 3712 1359 3800; baseline 0.005 -25"><span class='ocrx_word' id='word_1_224' title='bbox 221 3712 344 3777; x_wconf 90' lang='lat' dir='ltr'>habitos</span> <span class='ocrx_word' id='word_1_225' title='bbox 367 3735 434 3777; x_wconf 87' lang='lat' dir='ltr'>esse</span> <span class='ocrx_word' id='word_1_226' title='bbox 458 3720 581 3778; x_wconf 87' lang='lat' dir='ltr'>veteres</span> <span class='ocrx_word' id='word_1_227' title='bbox 603 3723 713 3798; x_wconf 89' lang='lat' dir='ltr'>poetas</span> <span class='ocrx_word' id='word_1_228' title='bbox 736 3717 802 3800; x_wconf 91' lang='lat' dir='ltr'>ipse</span> <span class='ocrx_word' id='word_1_229' title='bbox 826 3716 978 3798; x_wconf 90' lang='lat' dir='ltr'>singulari</span> <span class='ocrx_word' id='word_1_230' title='bbox 1010 3716 1158 3799; x_wconf 84' lang='lat' dir='ltr'>exemplo</span> <span class='ocrx_word' id='word_1_231' title='bbox 1192 3716 1359 3781; x_wconf 88' lang='lat' dir='ltr'>confirmat</span> 
     </span>
     <span class='ocr_line' id='line_1_33' title="bbox 221 3814 1357 3904; baseline 0.007 -27"><span class='ocrx_word' id='word_1_232' title='bbox 221 3814 397 3897; x_wconf 78' lang='lat' dir='ltr'>Terentius,</span> <span class='ocrx_word' id='word_1_233' title='bbox 419 3838 492 3880; x_wconf 87' lang='lat' dir='ltr'>eum</span> <span class='ocrx_word' id='word_1_234' title='bbox 514 3839 547 3881; x_wconf 89' lang='lat' dir='ltr'>se</span> <span class='ocrx_word' id='word_1_235' title='bbox 570 3839 589 3881; x_wconf 85' lang='lat' dir='ltr'>a</span> <span class='ocrx_word' id='word_1_236' title='bbox 612 3818 689 3882; x_wconf 88' lang='lat' dir='ltr'>furti</span> <span class='ocrx_word' id='word_1_237' title='bbox 712 3820 841 3883; x_wconf 88' lang='lat' dir='ltr'>crimine</span> <span class='ocrx_word' id='word_1_238' title='bbox 857 3819 906 3883; x_wconf 90' lang='lat' dir='ltr'>his</span> <span class='ocrx_word' id='word_1_239' title='bbox 921 3819 1027 3883; x_wconf 85' lang='lat' dir='ltr'>verbis</span> <span class='ocrx_word' id='word_1_240' title='bbox 1042 3826 1157 3903; x_wconf 83' lang='lat' dir='ltr'>purget</span> <span class='ocrx_word' id='word_1_241' title='bbox 1173 3818 1254 3882; x_wconf 83' lang='lat' dir='ltr'>Eun.</span> <span class='ocrx_word' id='word_1_242' title='bbox 1273 3820 1357 3904; x_wconf 92' lang='lat' dir='ltr'>prol.</span> 
     </span>
     <span class='ocr_line' id='line_1_34' title="bbox 220 3920 1359 4004; baseline 0.005 -22"><span class='ocrx_word' id='word_1_243' title='bbox 220 3940 249 3984; x_wconf 84' lang='lat' dir='ltr'>v.</span> <span class='ocrx_word' id='word_1_244' title='bbox 273 3921 332 3984; x_wconf 87' lang='lat'>33:</span> <span class='ocrx_word' id='word_1_245' title='bbox 356 3920 409 3985; x_wconf 83' lang='lat' dir='ltr'>scd</span> <span class='ocrx_word' id='word_1_246' title='bbox 432 3941 484 3984; x_wconf 84' lang='lat' dir='ltr'>eos</span> <span class='ocrx_word' id='word_1_247' title='bbox 502 3921 637 4004; x_wconf 81' lang='lat' dir='ltr'>fabulas</span> <span class='ocrx_word' id='word_1_248' title='bbox 661 3922 742 4004; x_wconf 83' lang='lat' dir='ltr'>(scil.</span> <span class='ocrx_word' id='word_1_249' title='bbox 761 3923 908 3986; x_wconf 81' lang='lat' dir='ltr'>Colacem</span> <span class='ocrx_word' id='word_1_250' title='bbox 924 3922 1039 3986; x_wconf 85' lang='lat' dir='ltr'>Naevii</span> <span class='ocrx_word' id='word_1_251' title='bbox 1062 3930 1094 3986; x_wconf 89' lang='lat' dir='ltr'>ct</span> <span class='ocrx_word' id='word_1_252' title='bbox 1111 3923 1232 4003; x_wconf 87' lang='lat' dir='ltr'>Plauti)</span> <span class='ocrx_word' id='word_1_253' title='bbox 1244 3923 1359 4004; x_wconf 81' lang='lat' dir='ltr'>foetus</span> 
     </span>
    </p>

    <p class='ocr_par' dir='ltr' id='par_1_8' title="bbox 366 4028 1053 4213">
     <span class='ocr_line' id='line_1_35' title="bbox 411 4028 506 4107; baseline 0.042 -21"><span class='ocrx_word' id='word_1_254' title='bbox 411 4028 506 4107; x_wconf 81' lang='lat' dir='ltr'>prius</span> 
     </span>
     <span class='ocr_line' id='line_1_36' title="bbox 366 4125 1053 4213; baseline 0.006 -24"><span class='ocrx_word' id='word_1_255' title='bbox 366 4125 499 4191; x_wconf 82' lang='lat' dir='ltr'>Latinos</span> <span class='ocrx_word' id='word_1_256' title='bbox 522 4132 616 4193; x_wconf 83' lang='lat' dir='ltr'>scisse</span> <span class='ocrx_word' id='word_1_257' title='bbox 638 4149 710 4208; x_wconf 85' lang='lat' dir='ltr'>sese,</span> <span class='ocrx_word' id='word_1_258' title='bbox 734 4129 768 4191; x_wconf 84' lang='lat' dir='ltr'>id</span> <span class='ocrx_word' id='word_1_259' title='bbox 791 4149 866 4191; x_wconf 84' lang='lat' dir='ltr'>uero</span> <span class='ocrx_word' id='word_1_260' title='bbox 887 4136 1053 4213; x_wconf 80' lang='lat' dir='ltr'>perneqot.</span> 
     </span>
    </p>
   </div>
   <div class='ocr_carea' id='block_1_7' title="bbox 220 4265 426 4276">
    <p class='ocr_par' dir='ltr' id='par_1_9' title="bbox 220 4265 426 4276">
     <span class='ocr_line' id='line_1_37' title="bbox 220 4265 426 4276; baseline 0 0"><span class='ocrx_word' id='word_1_261' title='bbox 220 4265 426 4276; x_wconf 58' lang='lat' dir='ltr'>tun—uu*—</span> 
     </span>
    </p>
   </div>
   <div class='ocr_carea' id='block_1_8' title="bbox 324 4354 897 4426">
    <p class='ocr_par' dir='ltr' id='par_1_10' title="bbox 324 4354 897 4426">
     <span class='ocr_line' id='line_1_38' title="bbox 324 4354 897 4426; baseline 0.005 -22"><span class='ocrx_word' id='word_1_262' title='bbox 324 4356 334 4391; x_wconf 90' lang='lat'>¹</span> <span class='ocrx_word' id='word_1_263' title='bbox 354 4354 388 4405; x_wconf 34' lang='lat' dir='ltr'>oli</span> <span class='ocrx_word' id='word_1_264' title='bbox 410 4354 589 4408; x_wconf 74' lang='lat' dir='ltr'>Rttsehels&#39;um</span> <span class='ocrx_word' id='word_1_265' title='bbox 610 4357 721 4424; x_wconf 82' lang='lat' dir='ltr'>Purerg.</span> <span class='ocrx_word' id='word_1_266' title='bbox 742 4372 767 4423; x_wconf 92' lang='lat' dir='ltr'>p.</span> <span class='ocrx_word' id='word_1_267' title='bbox 786 4354 838 4409; x_wconf 69' lang='lat'>‘203</span> <span class='ocrx_word' id='word_1_268' title='bbox 857 4372 897 4426; x_wconf 85' lang='lat' dir='ltr'>sq.</span> 
     </span>
    </p>
   </div>
   <div class='ocr_carea' id='block_1_9' title="bbox 0 0 1520 4816">
    <p class='ocr_par' dir='ltr' id='par_1_11' title="bbox 0 0 1520 4816">
     <span class='ocr_line' id='line_1_39' title="bbox 0 0 1520 4816; baseline 0 2"><span class='ocrx_word' id='word_1_269' title='bbox 0 0 1520 4816; x_wconf 95' lang='lat' dir='ltr'> </span> 
     </span>
    </p>
   </div>
  </div>
 </body>
</html>
