2954 4822
563 319 602 330 -
650 279 736 370 [aa]
784 319 824 330 -
1246 286 1265 348 ο

140 520 141 523 ,
209 466 417 550 εἰςπάντα
439 468 487 538 τὰ
509 467 756 539 καλλύνοντα
776 464 934 559 μορφὰς
954 465 1121 550 τὰςτῶν
1137 492 1264 556 προσ-
1294 531 1296 537 .

741 571 881 656 ώπων,
1137 653 1140 656 ,

181 736 182 743 ,
208 675 270 759 εἰς
292 681 370 746 πᾶν
391 705 431 748 τε
453 676 593 760 πάθος
615 679 900 768 γυναικῶνκαὶ
925 676 1107 767 ἰατρείας
1129 673 1262 760 άλλας.

211 801 380 876 Quaenam
409 824 520 867 earum
549 804 693 889 Aegypti
725 803 926 889 reginarum,
955 823 1038 889 quae
1068 800 1262 890 Cleopatrae

122 906 254 971 nomine
279 906 507 989 innotuerunt,
539 906 590 972 hia
614 907 741 971 duobus
764 907 844 971 loeis
865 927 885 971 a
907 905 1028 970 Taetza
1051 906 1261 991 significetur,

124 1011 284 1075 incertum
307 1034 383 1077 esse
411 1033 474 1076 non
501 1018 624 1100 potest,
653 1011 805 1097 quoniam
835 1010 951 1075 eodem
974 1010 1097 1075 Taetaa
1128 1017 1261 1075 auctore

125 1113 324 1180 Charmiane
337 1123 370 1181 et
381 1116 500 1181 Taeira
516 1115 647 1181 fuorunt
662 1115 801 1180 ancillae
818 1115 900 1192 eiua,
917 1135 1013 1200 quam
1027 1113 1148 1195 laudat,
1163 1113 1259 1178 Cleo·

121 1225 247 1304 patrae.
298 1219 437 1285 Constat
464 1226 574 1286 autem
605 1240 623 1284 e
652 1217 780 1284 Caleno
810 1220 949 1306 aliisque
978 1218 1158 1299 lontibue¹y
1188 1239 1261 1283 eam

123 1322 348 1409 Cleopatram,
372 1346 455 1412 quae
479 1325 531 1390 hia
553 1325 708 1390 utebatur
731 1325 876 1405 ancillis,
900 1319 1148 1390 celeberrimam
1172 1325 1260 1389 illam

122 1427 223 1493 fuisse
253 1428 398 1514 Aegypti
429 1429 592 1514 reginam,
626 1449 708 1515 quae
739 1435 814 1515 poat
841 1449 984 1513 pugnam
1011 1427 1097 1514 apud
1125 1427 1258 1492 Actium

124 1532 331 1596 commissam
346 1533 479 1618 vipereo
496 1553 622 1598 veneno
640 1533 702 1597 sibi
719 1532 791 1619 ipsa
808 1538 946 1597 mortem
963 1532 1129 1597 conscivit.
1164 1530 1260 1595 Hanc

126 1656 192 1700 rem
218 1635 364 1701 Galenus
388 1635 420 1700 in
444 1637 720 1701 commentatione
743 1633 820 1721 περί
843 1636 902 1724 τῆς
923 1636 1088 1722 θηριακῆς
1109 1634 1150 1700 ad
1166 1635 1259 1700 Piao-

125 1759 200 1803 nem
217 1738 293 1804 data
310 1737 442 1824 (Galen.
460 1739 510 1804 ed.
527 1739 652 1804 Kuehn
662 1738 746 1804 XIV
758 1761 788 1825 p.
805 1740 880 1823 235)
899 1739 946 1804 ita
962 1745 1105 1805 enarrat:
1185 1736 1259 1804 ἐπεὶ

121 1836 181 1928 γὰρ
204 1835 306 1932 αὐτὴν
329 1843 412 1927 [scil.
435 1838 666 1931 Κλεοπάτραν]
692 1836 926 1930 ὁΑἰίμοοστος
953 1837 1088 1931 νικήσας
1109 1838 1166 1910 τὸν
1186 1835 1259 1908 Ἀν-

119 1940 234 2011 τοίνιον
256 1945 364 2027 ζῶσαν
386 1946 499 2032 λαβεῖν
521 1939 678 2035 ἠβούλετο
701 1944 757 2012 καί
781 1944 916 2035 ζῆνκαὶ
941 1941 998 2012 aa
1026 1947 1175 2034 σπονδῆς
1197 1969 1258 2032 ‹pu-

119 2045 256 2130 λάττειν,
285 2043 330 2129 ὡς
362 2044 465 2129 εἰκός,
498 2050 552 2115 ἵνα
575 2046 665 2138 ὄείξη
685 2043 863 2130 Ῥωμαίοις
889 2048 923 2116 ἰν
944 2051 992 2137 τῷ
1014 2044 1172 2136 θριάμβηι
1201 2045 1260 2137 τὴν

123 2148 208 2219 otto
223 2149 385 2243 διάσημον
399 2158 556 2240 γυναῖκα·
579 2146 600 2242 ἡ
615 2153 653 2219 δὲ
668 2158 809 2234 συνεῖσα,
827 2150 922 2240 φασί,
937 2154 1036 2219 τοῦτο
1051 2153 1107 2219 καί
1125 2149 1258 2240 ἑλομένη

122 2257 246 2340 μᾶλλον
280 2253 328 2323 ἔτι
363 2253 544 2342 βασίλισσα
578 2246 662 2324 οίσα
694 2255 730 2338 ἐξ
765 2250 953 2344 ἀνθρώπων
984 2255 1136 2345 γενέσθαι
1173 2251 1259 2345 ἥπερ

123 2354 255 2448 ἰδιώτης
283 2354 462 2445 Ῥωμαίοις
503 2362 663 2449 φανῆναι,
700 2356 775 2427 τότε
808 2356 1035 2450 ἐμηχανήσατο
1067 2361 1115 2448 τῷ
1149 2357 1258 2450 θηρίῳ

119 2461 224 2552 τούτῳ
239 2461 295 2531 τὸν
312 2460 458 2532 θάνατον
481 2460 602 2555 σίντης.
625 2464 691 2531 καὶ
714 2464 836 2554 φασίν
859 2459 980 2555 αὐτὴν
1001 2464 1163 2532 καλέσαι
1187 2462 1257 2546 τὰς

119 2565 366 2648 πιστοτάτας
388 2564 457 2636 δύο
479 2574 681 2658 γυναῖκας,
705 2557 821 2637 αὗται
845 2569 887 2636 δὲ
908 2559 1005 2659 ἦσαν
1027 2567 1067 2636 αἰ
1093 2566 1192 2657 πρὸς
1213 2567 1256 2637 τὸ

119 2668 261 2752 κάλλος
283 2666 406 2762 αὐτῆς
429 2669 486 2753 εἰς
507 2669 573 2741 τὸν
588 2669 735 2758 κόσμον
757 2675 825 2740 τοῦ
848 2669 1029 2758 σώματος
1051 2667 1257 2763 ύπηρετεῖν

118 2770 361 2865 ἡρμοσμένοι
383 2775 448 2843 καί
477 2782 563 2856 τοῖς
589 2770 756 2862 ὀνόμασι
786 2772 991 2864 λεγόμεναι
1017 2773 1166 2865 Νάειρα
1189 2777 1254 2844 καί

117 2876 320 2968 Καρμιόνη
345 2881 454 2965 (scrib.
482 2876 722 2968 Xapprrivry)²),
754 2875 867 2970 ἡμὲν
889 2875 1166 2948 άναπλίκοοσα
1188 2877 1256 2960 τὰς

117 2980 253 3071 τρίχας
282 2977 502 3070 εὐπρεπῶς,
536 2978 556 3073 ἡ
586 2984 627 3050 δὲ
654 2978 934 3069 άποτέμνοοσα
962 2981 1031 3065 τὰς
1061 2981 1256 3072 ὑπεροχὰς

117 3089 190 3153 τῶν
223 3081 367 3171 ὀνύχων
397 3080 563 3176 εύηνοῶς·
597 3080 670 3154 alra
703 3084 883 3155 κελεύσασα
917 3090 1102 3178 σταφυλαῖς
1130 3115 1165 3157 τε
1197 3090 1252 3156 καί

117 3187 229 3272 σύκοις
250 3190 468 3278 κεκρυμμένον
490 3188 745 3283 εἰσκομισθῆναι
769 3189 808 3260 τὸ
830 3190 950 3280 θηρίον
973 3245 1105 3262 ......

205 3295 367 3370 Quoniam
399 3298 497 3382 igitur
527 3298 700 3362 statuimus
723 3297 877 3362 Tzetzam
906 3299 1069 3384 cogitasse
1093 3299 1134 3363 de
1157 3299 1254 3363 Cleo-

118 3404 211 3486 patra
243 3400 450 3486 imperatoris
479 3399 622 3485 Augusti
656 3401 804 3487 aequali,
840 3400 922 3465 duco
955 3401 1096 3467 'laetzae
1126 3425 1253 3467 errores

116 3523 237 3589 eoaque
259 3504 469 3589 gravissimos
493 3525 711 3590 agnoscamus
734 3525 871 3570 neccsse
891 3511 952 3571 eat.
997 3506 1141 3570 Primum
1166 3506 1253 3570 enim

190 3713 210 3777 ¹)
229 3709 282 3764 cfr.
301 3709 435 3780 Stephan.
455 3709 587 3766 'l'hcaaua
606 3710 671 3764 VIII
690 3729 717 3780 p.
740 3711 814 3765 1349.

186 3798 207 3865 ²)
226 3796 339 3851 Tzatzea
362 3813 411 3860 ea,
434 3814 506 3865 quae
524 3797 559 3851 de
577 3797 726 3868 Cleopatra
743 3797 868 3869 Aegypti
891 3797 989 3868 regina
1011 3797 1125 3866 eiusque
1143 3799 1252 3853 ancillis

115 3884 228 3953 profert,
248 3886 382 3940 eGaleno
401 3885 512 3940 videtur
530 3886 740 3956 deprompsisse.
771 3888 893 3943 Nomina
910 3891 1004 3942 autem
1017 3889 1184 3943 ancillarum
1202 3894 1252 3945 aut-

115 3970 199 4024 aliter
216 3973 301 4040 atque
321 3972 349 4025 in
369 3972 408 4025 eia
427 3972 528 4041 quibua
547 3989 597 4026 noo
615 3973 722 4027 utimur
734 3974 834 4028 Caleni
853 3974 1024 4028 editionibus
1042 3975 1149 4029 tradita
1167 3976 1251 4031 luisse

114 4055 143 4108 in
163 4073 195 4109 eo
208 4073 263 4124 quo
276 4056 389 4110 'Fratres
403 4057 535 4111 utebatur
548 4058 641 4112 codice
655 4059 754 4113 Gelani
767 4063 818 4114 aut
830 4060 926 4114 dedito
944 4079 1028 4130 opera
1047 4079 1063 4115 a
1077 4062 1176 4115 'laetae
1190 4081 1250 4116 eam

115 4144 219 4197 obrem
232 4145 345 4213 paulum
363 4162 421 4199 esse
434 4148 565 4209 mutatae,
585 4149 617 4200 ut
629 4148 829 4217 etymologiam
842 4149 984 4203 nominum
1002 4149 1112 4203 illorum
1126 4168 1140 4203 e
1154 4151 1251 4220 lingua

115 4230 245 4284 hebraica
262 4235 290 4283 et
308 4232 382 4300 tyria
396 4232 492 4285 afferro
507 4237 608 4302 pomet.
627 4251 709 4288 nemo
728 4238 770 4287 eat
789 4235 856 4303 quin
877 4236 966 4304 prima
984 4236 1133 4306 intellegat
1151 4239 1249 4308 specie.
