2948 4808
669 299 861 358 -4-

198 479 376 569 Σομβαίιει
403 481 440 548 δὲ
466 477 533 572 τὴν.
549 480 741 568 ἐπιμέλειαν
761 477 880 570 ταύτην
903 480 1033 566 ἐνιαχοῦ
1054 482 1113 569 μὲν
1136 477 1219 551 εἶναι
1242 481 1333 570 μίαν,

198 578 269 653 οἷον
292 585 325 653 εἰ
346 591 421 666 ταῖς
441 590 576 674 μικραῖς
598 583 750 671 πόλεσιν,
774 586 904 670 ἐνιαχοῦ
928 585 964 653 δὲ
986 583 1112 668 πολλὰς
1133 588 1189 655 καὶ
1213 614 1334 672 κεχιο-

198 691 392 779 ρισμέιας
424 693 492 781 τῆς
523 687 749 780 ἱερωσύνης,
784 683 875 758 οἷον
907 688 1142 776 ἶεροιιοιοῦς
1169 692 1225 759 καί
1257 718 1334 759 vco-

198 792 347 884 φύλακας
368 794 424 862 καί
448 792 572 880 ταμίας
592 797 657 862 τῶν
681 792 774 882 ἱερῶν
796 791 977 884 χρημάτων.

284 902 453 967 Eiusmodi
471 902 720 988 magistratuum
742 903 774 967 in
791 902 1056 988 inscriptionibus
1069 902 1215 984 Graecis,
1236 902 1333 967 uber-

198 1008 278 1072 rimo
309 1007 540 1092 antiquitatum
573 1028 680 1072 rerum
711 1005 892 1071 divinarum
919 1006 1018 1088 fonte,
1048 1029 1120 1072 cum
1151 1008 1333 1092 permultae

198 1114 348 1177 notiones
377 1111 567 1191 afferuntur,
591 1117 658 1174 tum
682 1111 874 1197 saepissime
898 1110 1108 1200 inveniuntur
1130 1132 1211 1197 quos
1231 1112 1335 1197 primo

197 1217 267 1280 loco
282 1215 479 1284 Aristotcles
503 1221 673 1280 enumerat
697 1210 873 1298 ἱεροιιοιοί.
918 1214 969 1278 Dc
984 1215 1101 1300 quibus
1119 1235 1333 1300 quaecunque

198 1321 279 1385 etin
296 1321 399 1384 titulis
416 1326 450 1406 ct
466 1318 554 1405 apud
569 1321 743 1406 scriptores
759 1321 914 1405 leguntur
929 1320 1083 1402 colligere
1101 1326 1133 1383 et
1149 1319 1333 1405 disponere,

198 1423 356 1511 disposita
385 1425 550 1510 explicare
582 1423 661 1488 mihi
696 1424 868 1510 proposui,
896 1428 948 1504 ut,
979 1443 1138 1507 quaenam
1162 1422 1334 1507 qualiaque

198 1528 318 1593 fuerint
342 1551 454 1593 eorum
473 1527 558 1616 apud
576 1527 722 1593 Graecos
738 1549 884 1608 munera,
909 1528 1092 1591 accuratius
1109 1534 1334 1612 cognoscatur.

286 1632 395 1717 Atque
424 1630 463 1696 de
496 1628 678 1717 ἱεροποιοῖς
709 1633 866 1696 nonnulla
903 1632 966 1696 iam
996 1641 1249 1717 composuerunt
1276 1631 1335 1695 viri

199 1733 285 1799 docti
310 1735 358 1799 hi:

284 1839 325 1903 K.
350 1840 403 1905 Fr.
427 1839 612 1919 Hermann,
644 1839 792 1922 antiquit.
817 1838 915 1905 Gnl
944 1839 963 1914 ,S
992 1841 1065 1911 150;
1100 1838 1230 1917 11511
1259 1837 1332 1902 adu.

203 1946 251 2010 ld.
277 1946 325 2006 12.
349 1965 419 2028 sqq.

284 2046 324 2111 A.
348 2045 495 2122 Boeekh,
520 2066 589 2109 oec.
613 2044 701 2132 publ.
718 2043 840 2111 Athen.
863 2043 879 2107 I
901 2067 933 2130 p.
951 2043 1040 2108 eard
1064 2047 1104 2111 al.

285 2150 326 2214 A.
350 2148 543 2229 Mommsen,
567 2148 783 2232 Heortologie
808 2171 838 2235 p.
864 2151 937 2214 242.
962 2151 1034 2215 314.
1058 2152 1120 2213 453
1144 2156 1206 2214 etc.

285 2254 423 2336 Gilbert,
447 2253 595 2337 antiquit.
620 2251 676 2318 Gr.
700 2252 789 2338 publ.
815 2253 831 2317 Ι
854 2274 886 2338 p.
905 2256 967 2317 249
990 2275 1021 2317 n.
1042 2258 1068 2317 1.

287 2358 418 2443 Ussing,
442 2360 538 2423 inser.
562 2356 619 2423 Gr.
642 2356 727 2421 ined.
753 2379 783 2443 p.
801 2360 955 2423 ‹rr-218.

285 2460 453 2547 Rangabd,
477 2461 578 2545 antiq.
601 2461 679 2524 hell.
704 2460 745 2524 ad
768 2462 818 2525 tit.
842 2483 873 2527 n.
890 2463 962 2526 814.

287 2565 386 2639 Jebb,
409 2564 545 2630 Journal
569 2565 605 2628 of
624 2564 765 2629 hellenic
789 2565 915 2630 studies
940 2565 1135 2629 1880v01.1
1158 2589 1188 2652 p.
1209 2569 1249 2630 30
1267 2588 1335 2653 sqq.

286 2671 458 2743 Homolle,
498 2670 643 2734 Bullatin
686 2670 726 2734 de
761 2670 1044 2757 correspondance
1078 2669 1265 2757 hellenique
1287 2672 1336 2736 VI

201 2796 231 2860 p.
250 2778 289 2838 57
314 2796 382 2860 sqq.

292 2879 484 2961 Attigerunt
519 2878 616 2941 etiam
652 2877 706 2941 alii
739 2877 799 2941 viri
828 2877 930 2958 docti,
965 2879 992 2941 si
1022 2877 1075 2963 qui
1107 2878 1336 2964 inscriptiones

202 2984 234 3047 in
264 2982 380 3068 quibus
417 2977 582 3066 ὶεροιτοιοί
614 2988 834 3045 memorantur
864 2987 1094 3046 tractaverunt.
1150 2981 1194 3044 Hi
1225 2988 1334 3045 tamen

203 3110 315 3153 omnes
339 3110 381 3151 ex
404 3089 517 3173 paucis
540 3094 664 3151 tantum
681 3088 762 3151 locis
780 3087 935 3152 indicium
950 3088 1108 3167 fecerunt,
1132 3109 1196 3151 non
1214 3108 1335 3174 paucas

202 3193 431 3280 inscriptiones
461 3192 643 3257 recentiore
679 3197 825 3277 tempore
851 3193 1000 3256 inventas
1024 3191 1231 3277 ignorabant:
1267 3213 1335 3256 rem

202 3318 331 3362 omnem
377 3295 572 3361 testimoniis
617 3296 649 3358 in
694 3316 793 3358 unum
834 3296 1000 3380 congestis
1039 3296 1207 3382 explicare
1241 3317 1336 3361 nemo

202 3408 338 3467 conatus
362 3406 422 3465 est.

287 3505 339 3569 Ita
366 3527 445 3569 vero
474 3503 736 3590 disquisitionem
758 3503 930 3566 instituere
955 3504 1091 3568 consilio
1115 3506 1236 3592 optime
1260 3527 1335 3570 con-

202 3613 302 3685 venit,
328 3610 425 3674 utin
449 3617 565 3695 parte
589 3610 725 3695 priore
749 3608 795 3673 de
820 3609 1147 3675 sacrificulorum
1170 3632 1336 3675 munere

206 3717 242 3779 in
264 3715 516 3795 universum,
547 3714 584 3777 in
615 3715 745 3778 altera
768 3711 814 3778 de
839 3713 1018 3798 singulis
1043 3735 1176 3779 eorum
1199 3715 1337 3779 officis

205 3819 307 3884 verba
330 3818 459 3883 faciam.

694 3890 848 3900 ——-

291 3967 485 4050 Priusquam
496 3969 606 4030 autem
619 3986 687 4029 rem
696 3965 801 4052 ipsam
810 3964 993 4050 aggrediar,
1007 3963 1148 4029 Rudolfo
1160 3964 1338 4043 Schoellio,

205 4070 408 4157 praeceptori
427 4070 606 4151 carissimo,
622 4089 674 4133 me
690 4068 752 4133 hoc
769 4070 800 4133 in
818 4070 974 4156 opusculo
989 4067 1188 4132 conficiendo
1201 4070 1337 4133 multum

204 4176 326 4240 dcbcrc
344 4176 420 4259 quin
437 4181 529 4256 grato
547 4173 654 4238 animo
670 4174 827 4259 profitear
841 4174 1105 4277 praetermittere
1120 4195 1183 4237 non
1195 4195 1338 4260 possum.
