2956 4822
208 311 249 375 80
730 303 821 391 [176]

209 504 403 590 Hyrcaniam
415 522 542 587 quoquc
554 505 780 585 occupauerat:
792 504 1047 585 potestatemque
1059 521 1153 585 quam
1166 500 1349 567 obtinuerat

210 610 372 673 etiamtum
396 606 556 669 tuebatur.
592 604 661 667 Iam
686 625 758 668 cum
782 603 952 667 Seleucum
976 603 1015 666 ad
1041 605 1195 668 orientem
1217 626 1347 690 recupe-

209 712 342 777 randum
367 708 499 794 aggredi
524 707 664 785 uideret,
688 705 860 773 Theodoto
885 707 1074 772 Bactrianae
1098 710 1165 793 regi
1190 708 1243 772 illo
1268 718 1348 773 tern-

208 838 286 902 pore
317 815 461 891 infestus,
492 822 528 876 ut
558 812 685 896 utrique
715 811 877 875 resisteret
905 834 939 875 se
962 812 1088 896 parauit
1110 810 1214 894 (240).
1264 813 1347 895 ,Sed

210 923 272 986 cito
295 928 400 983 morte
423 915 583 981 Theodoti
606 922 693 980 metu
715 914 883 992 liberatus,
914 936 986 978 eum
1010 915 1074 980 filio
1100 917 1184 998 eius,
1216 922 1248 980 et
1277 917 1346 1001 ipso

207 1024 385 1102 Theodoto,
408 1020 523 1085 foedus
546 1040 582 1083 ao
605 1039 718 1104 pacem
733 1019 818 1099 lecit,
842 1039 900 1081 nec
922 1018 1023 1082 multo
1049 1028 1120 1106 post
1144 1041 1216 1086 cnm
1235 1021 1349 1088 Seleu-

209 1151 246 1195 co
285 1148 363 1212 rege
401 1125 440 1190 ad
479 1124 656 1189 defectores
693 1123 935 1207 persequendos
973 1125 1121 1190 ueniente
1158 1147 1348 1211 congressus

209 1235 313 1298 uictor
335 1230 411 1295 fuit:
436 1250 528 1313 quem
547 1228 628 1290 diem
645 1226 758 1290 Parthi
782 1225 899 1291 exinde
916 1228 1102 1293 sollemnem
1118 1231 1207 1295 uelut
1224 1233 1349 1298 initium

208 1336 364 1405 libertatis
388 1332 578 1399 obseruant“
605 1330 727 1413 (239)¹.

313 1440 443 1503 Interea
465 1436 655 1512 Stratonice,
679 1435 829 1499 Antiochi
853 1435 979 1501 Seleuci
1002 1438 1100 1522 patris
1132 1458 1238 1519 soror,
1264 1463 1348 1526 quae

210 1568 229 1609 a
251 1543 415 1610 Demetrio
440 1541 551 1605 marite
576 1538 789 1603 Macedonum
814 1560 890 1624 rege
920 1539 1208 1625 repudiaremus)
1232 1545 1348 1611 Antio·

211 1649 313 1713 chiam
337 1655 489 1724 uenerat,
521 1652 556 1710 ut
578 1645 748 1710 Seleucum
771 1646 824 1730 qui
847 1646 1013 1732 Babylone
1043 1655 1110 1710 tum
1143 1648 1348 1733 expeditione

210 1751 360 1817 Parthica
383 1749 525 1837 paranda
549 1757 723 1834 occupatus
746 1755 831 1829 erat,
864 1748 905 1811 ad
928 1750 1028 1831 ipsam
1055 1751 1087 1813 in
1110 1753 1348 1818 matrimonium

211 1855 388 1920 ducendam
420 1863 451 1918 et
482 1853 523 1916 ad
546 1854 664 1918 bellum
688 1860 800 1917 contra
822 1853 1012 1919 Macedones
1043 1855 1277 1939 suscipiendum
1302 1858 1349 1922 in·

211 1963 333 2042 citaret,
358 1980 428 2023 cum
453 1981 472 2022 a
495 1964 613 2041 nepote
635 1959 865 2041 neglegeretur,
888 1957 1074 2023 seditionem
1098 1962 1267 2026 mouerat‘2.

315 2063 477 2147 Simulque
501 2061 583 2147 quod
608 2063 735 2125 maioris
757 2063 907 2125 momenti
924 2070 1002 2145 erat,
1026 2063 1265 2129 Attalus'uictis
1281 2066 1349 2130 An·

211 2169 317 2234 tiooho
335 2168 498 2252 Gallisque
514 2173 546 2231 et
562 2167 678 2230 maiore
691 2166 789 2229 Asiae
805 2166 934 2230 minoris
952 2174 1042 2248 parte
1060 2178 1245 2253 expugnata
1262 2173 1348 2254 regis

212 2292 327 2338 nomeu
349 2276 566 2354 assumpserat
585 2268 691 2350 (239),
711 2289 839 2332 suarum
859 2290 962 2333 rerum
982 2272 1088 2354 potius
1107 2294 1203 2356 quam
1219 2273 1349 2338 Seleuci

211 2378 287 2441 socii
311 2375 484 2440 studiosus.
526 2373 649 2447 Quibus
671 2372 811 2436 motibus
835 2375 1025 2457 prohibitus,
1049 2380 1217 2461 quominus
1241 2379 1347 2443 denuo

212 2485 322 2544 contra
338 2478 477 2541 Parthos
500 2497 659 2539 armorum
684 2475 845 2539 fortunam
869 2473 1112 2563 periclitaretur,
1139 2481 1291 2547 Seleucus
1315 2486 1347 2547 in

211 2585 321 2649 Asiam
345 2583 498 2649 minorem
514 2580 667 2645 reuertit3
690 2578 793 2663 (238).
833 2583 940 2666 Atque
956 2590 1023 2646 tum
1039 2586 1191 2671 temporis
1211 2587 1347 2653 fortasse

211 2688 381 2767 Antiocho,
405 2707 498 2771 quem
521 2685 650 2749 Attalus
673 2706 714 2748 ex
736 2683 814 2749 Asia
836 2687 958 2751 minore
987 2688 1166 2772 fugauerat,
1190 2693 1221 2754 in
1244 2692 1348 2758 Meso-

212 2791 353 2877 potamia
376 2789 503 2853 obniam
526 2788 629 2852 lactus
652 2794 747 2871 atque
770 2791 866 2853 armis
889 2810 1079 2874 congressus
1103 2793 1269 2859 uictoriam
1292 2818 1348 2881 pa·

212 2895 305 2959 rauit.
361 2893 432 2967 Qua
461 2892 641 2957 Antiochus
675 2892 715 2955 ad
745 2891 948 2958 Ariamenem
981 2894 1205 2981 Cappadociae
1236 2922 1345 2986 regem

213 2998 325 3084 fugere
349 3006 478 3063 coactus
503 3005 561 3062 est.

317 3102 388 3168 Hoc
410 3102 480 3168 loco
503 3123 574 3167 cum
597 3100 769 3167 memoriae
800 3102 979 3187 fragmenta
1008 3105 1074 3170 lere
1098 3107 1260 3188 deficiant,
1290 3133 1348 3196 per·

214 3207 372 3291 reliquum
403 3207 491 3290 regni
520 3211 644 3290 tempus
678 3205 880 3271 Seleucidem
906 3208 1047 3292 Syriam,
1071 3210 1350 3298 Mesopotamiam,

213 3311 438 3396 Babyloniam,
461 3310 645 3391 Susianam,
668 3309 826 3392 Mediam,
849 3310 1013 3375 Persidem
1038 3311 1191 3380 Seleucus
1214 3317 1243 3379 in
1268 3340 1349 3403 pace

212 3414 394 3501 possedisse
417 3414 554 3479 uidetur.
595 3413 646 3478 De
668 3413 745 3477 Asia
768 3416 891 3480 minore
914 3421 1022 3479 autern
1045 3416 1223 3484 Antiochus
1248 3442 1348 3506 usque

212 3520 252 3585 ad
275 3520 362 3584 uitae
383 3520 478 3582 finem
502 3516 634 3601 (22817)
657 3539 727 3582 cum
750 3518 861 3582 Attalo
886 3519 1108 3587 contendebat.

317 3622 407 3696 Quae
436 3644 486 3686 res
516 3641 587 3685 cum
619 3620 659 3685 ad
688 3630 830 3686 nestrum
864 3624 1060 3707 propositum
1089 3625 1152 3688 iam
1182 3648 1246 3692 non
1276 3640 1347 3715 per*

212 3727 346 3808 tineent,
369 3726 408 3789 ad
434 3727 578 3789 ciuitates
593 3724 733 3789 Graecas
756 3733 963 3791 reuertamur.
1002 3727 1144 3801 Quarum
1169 3732 1349 3799 tractanda-

212 3852 282 3894 rum
304 3832 461 3895 rationem
484 3852 579 3916 quam
605 3836 637 3894 et
653 3828 838 3894 Alexander
862 3832 982 3895 eteius
1005 3836 1189 3917 exemplum
1206 3846 1347 3903 sectatus

213 3934 396 4018 Antigonus
420 3936 581 4018 ingressus
604 3942 681 4017 erat,
706 3937 866 4019 quomode
891 3958 981 4020 reges
996 3937 1186 4005 Seleucidae
1208 3962 1272 4005 nou
1295 3965 1346 4007 so·

317 4181 323 4213 ¹
344 4180 440 4231 lustin.
460 4180 478 4230 l.
497 4197 520 4230 c.
540 4177 555 4242 ἓ
574 4179 598 4231 a.
619 4179 659 4230 10.

314 4267 324 4301 ²
344 4264 565 4332 Agatharchides
584 4268 600 4318 l.
620 4283 643 4318 c.
680 4265 776 4317 lustin.
795 4264 836 4329 28,
861 4270 882 4321 1.

315 4348 437 4403 ’Iustim
459 4353 500 4412 41,
519 4351 544 4416 b,
565 4353 587 4404 l.
