2956 4822
643 282 733 373 [257]
1223 282 1258 356 ιο

230 478 320 544 Nem.
339 478 390 543 III
407 501 437 544 v.
453 481 536 543 2-3
553 478 609 543 τᾶν
624 479 844 555 πολυξέναν...
870 481 997 562 Δωρίδα
1012 487 1103 546 νᾶσον
1117 483 1257 567 Αἴγιναν,

126 607 156 651 v.
174 588 213 649 13
227 581 341 667 χώρας,
356 582 558 664 Μυρμιδόνες
569 583 621 647 ἵνα
637 581 775 666 πρότερον
791 582 924 673 ρίκησαν,
943 605 973 651 v.
990 586 1031 652 68
1048 584 1136 650 τᾶνδε
1153 593 1257 670 νᾶσον;

226 687 319 752 Nem.
336 687 383 751 IV
396 709 425 753 v.
441 690 566 752 11—12
580 688 735 752 Αἰακιδᾶν
749 689 904 772 ἠΰπυργον
920 692 1000 768 ἕδος,
1016 714 1045 754 ν.
1062 693 1103 755 22
1117 692 1258 774 Αἰγίνας,

119 813 150 860 v.
173 795 214 858 46
239 789 376 880 οἰνοίνᾳ;

223 895 334 961 Iothm.
356 896 405 960 IV
429 916 457 959 V.
479 898 522 962 20
544 893 627 960 τάνδ’
651 899 682 974 ἐς
711 895 841 979 εὔνομον
869 897 966 976 πόλιν,
995 920 1026 963 v.
1051 900 1092 962 30
1122 898 1255 989 Οἰναίνᾳ,

120 1020 150 1064 v.
173 1001 301 1064 39-40
326 998 518 1081 Αἴγιναν...
541 999 661 1082 πάτραν
684 1000 847 1083 διαπρεπέα
870 1007 980 1085 νᾶσον;

223 1102 336 1168 Iethm.
358 1103 388 1167 V
414 1126 443 1168 v.
466 1104 487 1170 8
511 1103 653 1186 Αἴγιναν,
682 1126 710 1169 V.
735 1108 772 1170 21
800 1105 893 1169 τᾶνδε
917 1112 1019 1184 νᾶσον,
1047 1128 1075 1172 v,
1099 1111 1139 1172 65
1164 1104 1255 1171 triade

120 1205 208 1269 πόλιν
230 1211 376 1293 θεοφιλῆ,
399 1228 428 1273 v.
453 1210 493 1273 69
517 1205 601 1272 dores
625 1208 682 1296 {953

222 1310 333 1376 Isthm.
356 1310 423 1375 VH
445 1333 475 1377 v.
502 1313 541 1377 16
570 1313 694 1402 Αἰγίνᾳ,
724 1334 754 1378 v.
778 1316 816 1378 21
850 1319 941 1378 νᾶσον
973 1316 1129 1393 Οἰνοπίαν,
1160 1338 1189 1380 v.
1213 1318 1253 1381 55

118 1413 262 1495 Αἴγιναν.

222 1516 273 1583 De
295 1519 422 1602 Aegina
445 1518 572 1604 quidem
592 1520 718 1585 abunde
735 1524 916 1607 expositum
934 1532 990 1587 est.
1025 1522 1251 1587 Examinemus

118 1621 231 1704 igitur,
266 1643 340 1686 num
373 1623 506 1687 eandem
539 1625 693 1688 rationem
724 1625 883 1690 Pindarus
913 1627 944 1690 in
979 1628 1092 1691 ceteris
1124 1646 1251 1711 quoque

118 1724 258 1805 urbibus,
284 1747 417 1810 quarum
442 1729 529 1792 cives
550 1738 683 1813 propter
700 1730 843 1794 victorias
861 1730 890 1794 in
909 1730 1132 1795 certaminibus
1147 1740 1255 1814 partas

118 1827 333 1910 celebrantur,
357 1830 558 1894 nominandis
581 1832 762 1896 instituerit.

221 1932 337 1996 Mirum
360 1934 452 1997 nobis
475 1933 634 2015 rideatur,
664 1936 805 2020 quod·in
833 1945 983 2020 quattuor
1006 1937 1196 2001 carminibus
1219 1937 1251 2000 in

118 2033 439 2101 SYRACUSANOS
462 2039 598 2103 victores
622 2042 745 2123 scriptis
775 2040 843 2117 (Ol.
867 2040 900 2114 l,
924 2041 975 2106 Ol.
999 2040 1063 2120 Vl,
1087 2041 1183 2126 Pyth.
1206 2039 1251 2122 11,

119 2139 215 2224 Pyth.
241 2139 306 2221 111)
330 2141 370 2204 de
393 2141 519 2205 illorum
542 2143 645 2226 patria
667 2144 745 2207 urba
767 2143 895 2207 Pindari
923 2145 1108 2227 praesertim
1133 2153 1253 2228 tempo·

121 2243 207 2307 ribus
231 2244 455 2309 florentissima
477 2248 601 2311 nonnisi
618 2247 800 2312 brevissime
818 2251 937 2312 mentio
953 2250 998 2313 fit.
1037 2248 1127 2322 Quae
1143 2269 1251 2333 quam·

118 2367 212 2430 quam
243 2348 273 2412 in
305 2350 392 2413 nulla
423 2372 553 2436 usquam
586 2353 758 2416 carminum
787 2360 878 2437 parte
910 2354 957 2419 bis
987 2353 1099 2418 eodem
1124 2353 1253 2417 nomine

118 2452 280 2537 appellata
309 2463 373 2533 est,
402 2461 506 2519 tamen
530 2454 555 2519 si
578 2476 598 2519 a
621 2455 780 2519 locutione
805 2455 992 2536 Ἀρέθουσαν
1014 2459 1063 2520 ἐπὶ
1086 2455 1198 2539 κράναν
1219 2456 1250 2518 in

118 2577 147 2618 v.
171 2559 211 2620 69
235 2557 381 2621 carminis
404 2558 531 2644 Pythici
562 2561 647 2624 tertii
678 2567 711 2624 et
740 2560 780 2623 ab
811 2561 1024 2647 appellatione
1054 2559 1193 2640 Ὀρτυγία
1219 2559 1250 2622 in

117 2680 145 2720 v.
170 2660 189 2724 6
212 2662 358 2725 carminis
382 2661 509 2748 Pythici
532 2664 664 2726 alterius
686 2664 936 2745 discesserimus,
958 2663 1045 2728 nullo
1069 2664 1140 2727 loco
1157 2662 1252 2748 Syra·

120 2783 266 2829 cneorum
291 2788 406 2831 nomen
430 2769 585 2832 variatum
609 2775 667 2831 est.
706 2768 857 2853 Suspicor
880 2777 987 2832 autem
1011 2768 1072 2831 hoc
1093 2767 1165 2830 ideo
1189 2767 1252 2830 fac·

117 2876 184 2931 turn
207 2892 285 2951 esse,
310 2873 475 2956 quiscum
496 2871 595 2936 trihus
614 2871 740 2935 illorum
761 2873 935 2936 carminum
955 2872 1107 2936 Hieronis
1126 2872 1250 2956 tyranni

116 2975 265 3039 victoriae
293 2976 420 3039 curules
451 2974 711 3057 celebrarentur,
740 2977 824 3060 regis
854 2975 966 3039 laudes
995 2977 1095 3060 magis
1126 2977 1251 3040 elucere

115 3098 209 3162 quam
232 3078 319 3142 urbis
342 3099 400 3162 par
422 3078 524 3142 luerit.

219 3182 333 3265 Longe
357 3183 448 3245 aliter
470 3204 522 3247 res
545 3203 580 3246 se
603 3182 701 3247 habet
717 3183 747 3247 in
765 3183 904 3247 carmine
921 3181 1088 3268 Olympico
1104 3182 1250 3266 septimo,

114 3307 184 3351 oum
215 3286 266 3350 hic
296 3287 327 3349 in
360 3284 536 3350 RHODIO
568 3288 687 3350 victore
716 3285 931 3372 praedicando
964 3285 1092 3349 fabulae
1123 3305 1249 3369 quoque

113 3391 235 3478 patriae
258 3390 341 3453 illius
356 3389 525 3472 diligenter
545 3396 739 3454 enarrentur.
777 3389 890 3474 Itaque
906 3389 1063 3453 Pindarus
1080 3398 1249 3474 postquam

108 3514 142 3578 in
165 3515 196 3560 v.
215 3497 265 3574 14,
288 3500 324 3557 ut
339 3493 420 3557 solet
436 3493 502 3557 fere
518 3493 548 3557 in
567 3495 739 3558 carminum
757 3494 899 3574 introitu,
922 3493 963 3557 ab
978 3492 1102 3556 insulae
1120 3494 1247 3558 nomine

112 3599 241 3686 proprio
280 3619 413 3662 exorsus
452 3604 500 3659 est
540 3596 846 3682 cognominibusque
888 3603 958 3674 παῖς
996 3595 1176 3680 Ἀφροδίτας
1218 3605 1249 3663 et

113 3705 239 3767 Ἁτλίοιο
276 3699 383 3785 νίμςοα
425 3699 557 3781 additis,
606 3710 723 3785 quanta
764 3702 1015 3787 appellationum
1056 3705 1149 3787 copia
1190 3702 1248 3767 sibi

110 3813 237 3890 praesto
270 3810 370 3883 esset,
403 3803 650 3881 demonstravit,
673 3807 779 3869 statim
809 3807 840 3869 in
870 3827 898 3869 v.
931 3805 987 3888 18,
1018 3806 1071 3870 ubi
1095 3807 1247 3870 victorem

111 3918 144 3975 et
173 3918 296 3993 patrem
329 3907 397 3971 eius
430 3906 505 3971 dicit
537 3907 645 3986 Ἀσίας
674 3907 840 3992 εὐρυχόρου
870 3911 1006 3991 τρίπολιν
1036 3915 1127 3973 νᾶσον
1157 3908 1248 3988 πέλας

111 4013 232 4101 ἐμβόλῳ
264 4013 419 4089 ναίοντας,
457 4032 540 4075 πονο
577 4012 712 4096 quadam
745 4020 777 4076 et
810 4022 970 4097 tamquam
1001 4036 1020 4078 a
1050 4014 1247 4099 geographia

110 4119 211 4200 petita
235 4116 397 4181 locutione
419 4115 526 4180 Rhodi
550 4137 668 4181 nomen
692 4117 805 4182 reddit.
841 4116 923 4182 Nam
942 4118 1059 4182 triurbs
1075 4118 1128 4182 illa
1144 4119 1248 4182 insula

109 4220 206 4285 Asiae
228 4221 390 4305 spatiosae
413 4239 514 4303 prope
539 4228 678 4284 rostrum
701 4219 836 4285 Rhodus
859 4221 928 4306 ipsa
951 4229 1008 4301 est,
1031 4241 1113 4305 quae
1131 4215 1246 4287 >contra

110 4323 277 4408 Peraeam,
300 4343 383 4409 quae
406 4322 530 4406 dicitur,
562 4323 674 4390 Cariae
694 4335 815 4411 partem
847 4325 937 4390 cunei
968 4325 1070 4389 forma
1097 4326 1130 4389 in
1159 4347 1246 4391 mare

1106 4428 1138 4486 17
