2948 4808
583 260 798 323 ..29-

122 447 289 512 nocturnis
312 468 446 534 operam
469 447 565 529 dent,
589 448 629 511 iis
651 447 838 529 mandatur,
871 453 907 511 ut
931 468 988 511 eos
1012 448 1067 533 qui
1089 440 1169 535 ipsis
1192 470 1258 514 non

123 551 379 637 obtemperaturi
412 551 477 616 sint
507 552 622 637 poenis
653 550 798 615 alliciant
829 551 904 636 lege
934 552 1134 617 constitutis:
1171 551 1207 619 O.
1230 552 1257 620 Ι.

122 654 164 722 Α.
188 655 221 720 II
248 659 307 721 163
329 677 378 721 vs.
396 658 453 720 31:
487 650 563 734 τοὺς
593 653 629 721 δὲ
658 650 846 741 ἱεροποιοὺς
867 650 945 734 τοὺς
967 655 1183 740 διοι[κοῦντας
1203 651 1257 740 τ]ὰ

123 753 347 848 Παναθήναια
368 754 412 825 τὰ
433 751 503 824 κατ’
528 753 676 826 ἐνιαυτὸν
697 763 793 824 ποεῖν
813 753 873 847 τὴν
894 755 1100 843 πα[ννυχίδα]
1118 753 1163 839 ὡς
1177 760 1258 825 καλ-

122 858 235 950 λίστην
256 865 296 951 τῇ
320 864 390 951 θεῷ
413 861 469 929 καί
492 857 551 951 τὴν
573 854 723 951 πομπὴν
737 861 895 947 πέμπε[ιν
920 857 990 947 ίίμα
1015 856 1111 952 δηλίῳ
1134 855 1257 930 όνιόντι

123 963 364 1052 ζημιοῦντας
378 961 445 1032 τὸν
459 961 509 1056 μὴ
527 969 846 1052 πειθαρχο[ὗντα
865 970 955 1046 ταῖς
974 964 1111 1050 &ahma
1126 963 1258 1052 νόμιον

122 1066 329 1157 ζημίαι[ς].
383 1070 493 1136 Voces
524 1069 719 1157 ζημιοῦντας
747 1077 780 1136 et
808 1065 942 1158 ζημίαις
971 1092 1045 1136 oum
1068 1072 1110 1138 ad
1134 1074 1257 1137 multas

122 1174 314 1242 referendae
332 1175 406 1256 sint,
422 1171 582 1263 ἐπιβολῆς
597 1176 647 1239 ius
665 1174 751 1261 quod
763 1175 931 1261 proprium
944 1183 994 1241 ast
1006 1177 1256 1263 magistratuum

121 1278 374 1345 Atheniensium
406 1300 471 1343 non
504 1278 650 1346 defuisse
685 1279 875 1345 sacrificulis
901 1280 1074 1367 probabile
1103 1288 1164 1348 est.
1213 1281 1257 1346 Et

121 1380 287 1468 Rangabis
315 1382 447 1468 quidem
476 1383 606 1447 titulum
629 1382 722 1446 illurn
745 1383 916 1469 explicans
939 1404 997 1449 eos
1022 1405 1042 1449 a
1065 1385 1256 1449 sacrificulis

122 1489 255 1573 punitos
287 1507 360 1552 csse
389 1492 503 1552 censet
524 1487 593 1571 qui,
621 1507 694 1550 cum
724 1507 817 1552 sacra
840 1487 1022 1573 sumptibus
1047 1488 1115 1553 suis
1138 1510 1255 1555 ornare

122 1597 154 1655 et
184 1592 341 1678 ampliora
367 1589 506 1657 reddere
533 1591 663 1676 publice
695 1591 776 1655 iussi
806 1591 887 1671 sint,
918 1593 1093 1679 participes
1116 1613 1256 1679 pompae

121 1693 290 1762 ducendae
329 1716 404 1761 esse
438 1695 611 1760 noluerint.
675 1693 770 1769 Quod
807 1695 886 1759 mihi
920 1716 939 1758 a
978 1696 1118 1782 simplici
1156 1698 1256 1762 inter-

120 1799 273 1884 pretandi
296 1800 420 1864 ratione
444 1798 573 1864 videtur
595 1797 786 1864 abhorrere:
810 1799 908 1863 immo
933 1799 1001 1863 veri
1025 1799 1162 1865 similius
1181 1821 1255 1866 esse

120 1903 290 1989 magisque
329 1903 566 1968 sententiarum
609 1902 710 1968 nexui
744 1903 919 1967 convenire
960 1903 992 1967 in
1034 1903 1105 1989 ipsa
1137 1925 1257 1991 pompa

121 2006 269 2073 ducenda
291 2006 441 2093 ludisque
465 2004 730 2071 administrandis
746 2026 858 2070 corum
873 2005 976 2072 fuisse
993 2013 1029 2071 ut
1051 2006 1256 2093 disciplinam

121 2116 292 2175 servarant
314 2130 437 2195 eosque
461 2109 517 2194 qui
540 2109 625 2174 dicto
648 2109 819 2176 audientes
841 2130 907 2174 non
930 2116 1044 2175 essent
1060 2110 1093 2174 in
1109 2111 1256 2176 ordinem

121 2220 286 2300 cogerent.
332 2213 431 2279 Cuius
452 2214 500 2279 rei
515 2213 761 2279 similitudinem
777 2213 986 2299 agnoscimus
1004 2215 1036 2278 in
1052 2214 1257 2280 nobilissima

120 2318 331 2404 inscriptione
356 2318 396 2383 de
420 2318 586 2405 mysteriis
609 2317 783 2384 Andaniac
811 2317 1015 2384 celebrandis
1037 2340 1089 2406 ap.
1110 2318 1254 2384 LeBas-

120 2419 273 2487 Foucart.
297 2421 332 2487 Π
349 2425 441 2489 cuca
463 2421 519 2506 (cf.
545 2421 709 2509 Sauppius
733 2421 786 2487 dic
809 2421 1172 2507 Mystericn·Inschrift
1194 2445 1254 2488 aus

121 2525 274 2591 Andania
304 2525 393 2593 Gott.
423 2525 520 2613 1860)
543 2548 590 2592 vs.
608 2531 649 2591 40
673 2549 740 2613 sqq.
764 2527 820 2592 ubi
843 2521 1064 2614 ῥαβδοφόροις
1087 2528 1171 2593 haec
1195 2549 1253 2593 nc·

120 2631 210 2714 gotia
231 2630 441 2696 mandantur:
465 2626 669 2718 ῥαβδοφόροι
685 2629 721 2696 δὲ
736 2626 883 2697 ἔστωσαν
897 2626 934 2697 ἐκ
948 2632 1013 2696 τῶν
1029 2627 1123 2717 ἱερῶν
1138 2626 1253 2714 ε’ίκοσι,

120 2733 176 2798 καί
206 2730 459 2821 πειθαρχοόντω
485 2739 557 2815 τοῖς
579 2730 820 2815 ε’πιτελοόντοις
846 2730 888 2800 τὰ
910 2731 1075 2824 μυστήρια
1098 2734 1154 2802 καί
1177 2735 1253 2802 ἑπι-

120 2836 251 2920 μέλειαν
273 2835 392 2921 ἐχόντω
417 2833 511 2917 ὅπως
532 2830 736 2925 εὐσχημόνως
757 2837 814 2904 καί
838 2834 1001 2918 εδτοίκτως
1023 2833 1090 2906 ὑπὸ
1105 2841 1170 2906 τῶν
1185 2866 1256 2906 πα·

121 2941 375 3030 ραγεγενημένιον
398 2939 508 3009 πάντα
531 2939 659 3031 γίνηται
680 2938 796 3022 καθώς
811 2936 850 3007 dv
865 2941 1129 3029 παραγγέλλουσι
1146 2940 1178 3009 ολ
1194 2941 1253 3009 ἐπὶ

119 3045 243 3116 τούτων
263 3048 463 3138 τεταγμένοι,
486 3045 563 3131 τοὺς
585 3049 622 3117 δὲ
643 3044 869 3128 ἀπειθοῦντας
883 3043 906 3137 ἢ
920 3040 1082 3135 ἀπρεπῶς
1095 3042 1252 3134 ἀναστρε-

120 3153 281 3241 φομένους
294 3150 521 3242 μαστιγοόντω
532 3180 561 3222 κ.
571 3180 600 3222 τ.
613 3155 641 3221 λ.
658 3192 701 3202 -
716 3153 842 3219 Eodem
859 3153 967 3218 officio
982 3154 1014 3218 in
1030 3154 1125 3219 titulo
1139 3154 1254 3218 Iliensi

121 3258 195 3324 cl.
209 3257 248 3324 G.
269 3259 305 3324 ΙΙ
318 3263 402 3325 3599
424 3260 603 3346 funguntur
622 3259 772 3324 homines
794 3257 835 3323 ad
859 3257 1065 3344 disciplinam
1086 3258 1118 3322 in
1134 3279 1254 3345 pompa

119 3363 287 3429 Minervas
311 3363 558 3430 custodiendam
581 3363 721 3428 instituti
745 3383 792 3427 vs.
809 3364 849 3425 27
872 3382 955 3447 sqq.:
979 3355 1180 3426 andronarium
1204 3360 1254 3446 [δὲ

119 3464 174 3532 καί
198 3459 317 3553 ἄνδρας
340 3505 379 3514 -
397 3504 439 3514 -
454 3467 509 3551 —]
532 3461 609 3545 τοὺς
630 3467 689 3554 τῆς
704 3458 857 3545 εὐταξίας
872 3462 1178 3550 ἐπιμελησομένους,
1195 3461 1252 3529 καί

119 3566 194 3650 τοὺς
226 3568 497 3650 κατασταθέντας
527 3566 610 3652 ἔχειν
644 3565 810 3654 [ἐξουσίαν
842 3563 919 3647 τούς
953 3560 1185 3650 ἆτακτ]ο<ῦντας
1213 3593 1253 3657 τη

119 3670 228 3762 ῥάβδῳ
250 3670 407 3757 κολάζειν.

205 3780 299 3855 Quae
326 3786 474 3866 potestas
503 3777 609 3864 qualis
638 3779 670 3842 in
698 3777 841 3863 publicis
870 3778 977 3863 epulis
1000 3775 1252 3840 Atheniensium

120 3884 218 3950 fuerit
238 3885 420 3949 illustratur
443 3884 516 3949 loco
538 3882 705 3947 Athenaei
727 3881 774 3945 IV
794 3887 832 3946 14
856 3880 993 3968 p.137f
1012 3901 1055 3946 ex
1078 3878 1253 3967 Chrysippi

120 3990 202 4054 libro
240 3995 356 4074 quarto
388 3986 466 4074 περὶ
503 3988 562 4053 τοῦ
595 3986 697 4053 καλοῦ
726 3984 783 4051 καί
812 3991 872 4076 της
899 3979 1019 4074 ἡδονῆς
1047 3986 1165 4072 petito:
1204 3986 1253 4050 Ἐν

116 4086 288 4184 Ἀθήναις
310 4092 347 4160 δὲ
374 4089 559 4179 ἱστοροῦσιν
589 4085 627 4157 οὗ
659 4086 746 4157 πάνυ
781 4083 925 4177 ἆρχαίιον
953 4090 1044 4154 δυοῖν
1077 4087 1253 4175 γενομένων

119 4198 269 4277 δείπνων,
305 4197 338 4263 ἐν
367 4193 501 4284 Λυκείῳ
531 4220 567 4263 τε
597 4194 655 4272 καί
684 4188 896 4283 Ἀκαδημείᾳ,
927 4196 986 4260 τοῦ
1020 4192 1079 4278 μὲν
1112 4191 1160 4273 εἰς
1194 4191 1253 4285 τὴν
