2954 4816
656 278 870 343 ..50-

189 475 300 535 contra
323 467 515 553 reliquorum
538 469 601 532 ista
617 488 720 552 neque
743 468 868 532 miuus¹
894 466 1051 553 (262,20)
1076 469 1176 536 Andr.
1199 470 1230 534 V
1246 475 1320 546 214

188 596 260 640 cum
284 574 313 638 G
336 576 406 658 qai
427 579 539 636 contra
562 572 679 636 Donati
703 581 735 636 et
757 572 909 637 librorum
932 576 1010 659 quic.

292 678 328 743 In
353 679 407 759 eie,
432 697 512 762 quae
535 677 741 761 praecedunt,
762 699 801 742 ca
824 679 1006 744 testimonia
1020 679 1222 761 Terentiana,
1239 702 1322 766 quac

188 791 340 868 tanquam
383 781 550 846 subseciua
593 781 726 844 aliorum
761 782 948 867 scriptorum
984 784 1147 849 ordinibus
1191 786 1324 850 inseruit

188 886 322 967 Nonius,
353 886 507 950 coeteris
537 885 609 951 ideo
641 906 702 949 non
734 888 889 971 separatu,
924 888 998 972 quia
1022 909 1085 952 non
1108 890 1212 953 minus
1244 891 1323 954 haec

188 998 338 1076 corrupta
359 997 433 1054 sunt
457 989 488 1052 in
510 988 606 1053 Nonii
630 989 811 1072 codicibus3
835 1011 938 1074 neque
961 1012 1038 1055 uero
1064 994 1127 1057 ullo
1149 1005 1244 1076 pacto
1269 994 1324 1058 de·

187 1095 355 1160 monstrari
378 1101 485 1181 potest
507 1114 625 1178 paucos
656 1093 727 1157 illos
751 1077 850 1177 lobes,
882 1095 997 1180 quibus
1020 1094 1145 1161 Nonius
1168 1118 1187 1160 a
1211 1096 1321 1161 codice

188 1200 343 1265 Bembiuo
356 1201 401 1264 ita
416 1199 546 1281 recedit,
557 1206 592 1263 ut
605 1220 675 1262 cum
690 1200 817 1284 reliquis
832 1200 1201 1266 codicibusTercnt-ianis
1216 1202 1322 1277 faciat,

188 1325 298 1369 omnes
315 1327 357 1370 ex
379 1304 467 1369 fonte
490 1302 690 1382 secundario,
704 1325 769 1366 non
793 1325 834 1366 ex
857 1304 1005 1389 primario
1029 1303 1168 1370 aNonio
1192 1306 1324 1370 haustos

187 1417 269 1475 esse.

290 1511 342 1576 Ex
365 1514 410 1576 eis
434 1533 515 1597 quac
539 1533 635 1597 supra
668 1511 815 1593 congessi
836 1511 1024 1577 testimoniis
1047 1519 1180 1598 apparet
1202 1513 1321 1578 Teren·

187 1617 273 1681 tiana
297 1617 477 1681 testimonia
510 1616 595 1699 apud
620 1613 759 1678 Nonium
788 1621 918 1680 seruata
940 1615 980 1678 ad
1004 1615 1151 1680 Bembini
1182 1617 1242 1697 (Α)
1274 1639 1323 1680 re-

188 1722 368 1786 censionem
391 1720 535 1806 proximc
559 1718 720 1783 accedere.
753 1739 817 1782 non
840 1738 912 1783 raro
935 1722 1115 1784 consentire
1138 1742 1210 1784 cum
1234 1719 1321 1784 codi-

188 1826 275 1891 cibus
299 1824 372 1906 Dc,
396 1825 557 1909 aliquanto
581 1824 682 1887 rarius
707 1842 777 1886 cum
802 1822 964 1886 codicibus
988 1822 1142 1889 CBPEF.

291 1927 371 1992 Cum
395 1928 454 1992 hac
478 1928 601 1992 ratione
632 1927 708 1989 illud
734 1926 862 2009 egregie
893 1928 1049 2005 conuenit,
1080 1927 1165 2012 quod
1196 1927 1322 1993 codices

188 2031 249 2097 DG
273 2031 373 2096 multo
389 2032 520 2118 propius
536 2031 653 2094 absunt
675 2052 694 2093 a
712 2027 856 2094 Bembini
873 2031 1057 2095 recensione
1082 2052 1177 2116 quarn
1194 2032 1320 2097 codices

187 2135 347 2213 corum
383 2157 440 2201 nec
463 2135 655 2200 dissimiliter
679 2135 824 2199 Donatus
847 2134 948 2199 multo
978 2136 1105 2220 saepius
1129 2157 1201 2199 cum
1225 2135 1320 2200 Bem-

187 2240 262 2304 biuo
287 2245 319 2306 et
341 2239 404 2304 De
427 2241 502 2304 fecit
526 2262 619 2326 quarn
643 2260 715 2304 cum
738 2237 889 2304 usspuu.

290 2344 382 2419 Quae
405 2353 512 2409 autem
534 2345 616 2408 ratio
640 2343 817 2409 intercedat
850 2344 931 2407 iuter
954 2341 1078 2407 codices
1108 2342 1317 2408 Terentianus

185 2447 249 2512 DG
273 2456 305 2512 et
327 2447 478 2528 OBPEI',
510 2449 593 2512 inter
617 2449 759 2512 homines
788 2447 899 2512 doctos
930 2468 994 2511 non
1018 2454 1161 2513 constet:
1184 2447 1261 2512 clii2
1284 2448 1318 2511 in

185 2552 311 2616 codices
342 2551 405 2616 Du
440 2574 481 2615 cx
511 2551 624 2616 eodem
654 2550 740 2617 fonte
771 2560 867 2636 atque
902 2550 1043 2615 OBPEF
1077 2560 1164 2617 ortos
1197 2552 1317 2617 Donati

186 2656 337 2721 lectiones
367 2678 386 2720 a
421 2662 599 2719 correctore
629 2657 734 2720 illatas
770 2677 840 2720 esse
874 2663 998 2739 putant,
1034 2656 1107 2720 alii3
1140 2656 1318 2719 communis

185 2760 330 2824 codicum
360 2758 565 2829 DGOBPEF
596 2760 759 2843 archetypi
789 2768 977 2824 contextum
1015 2759 1125 2824 melius
1155 2768 1319 2824 seruatum

185 2885 351 2948 superesse
381 2864 413 2927 in
445 2862 607 2927 codicibus
639 2862 710 2941 De,
735 2862 947 2948 deprecatum
970 2874 1080 2929 autem
1102 2864 1133 2927 in
1158 2864 1319 2928 codicibus

186 2966 337 3045 OBPEI‘,
363 2968 416 3052 qui
439 2967 478 3030 ad
504 2967 669 3053 exemplar
693 2967 732 3030 ab
757 2968 884 3030 bomine
915 2968 1021 3050 aliquo
1046 2967 1223 3032 recentiore
1250 2988 1319 3031 cor-

157 3072 376 3136 rectionibus
413 3072 773 3156 interpolationibusque
803 3070 1005 3135 multifariam
1045 3078 1233 3156 temptatum
1272 3092 1318 3134 re-

185 3172 290 3239 deant.
335 3176 418 3239 Vtre
437 3175 591 3240 sententia
607 3196 685 3239 uera
707 3176 757 3255 sit,
781 3175 895 3239 certius
917 3180 984 3239 tum
1008 3175 1135 3239 demum
1151 3173 1317 3239 diiudicari

185 3280 312 3363 poterit,
346 3302 416 3344 cum
452 3287 483 3345 et
505 3279 626 3344 Donati
659 3280 711 3365 qui
746 3278 889 3344 feruntur
921 3281 1136 3344 commentarii
1168 3286 1316 3343 accurate

184 3382 331 3446 recensiti
354 3383 473 3465 publici
496 3384 572 3446 iuris
595 3383 672 3446 fient
704 3388 735 3446 et
765 3383 796 3445 in
821 3381 961 3446 Terentii
997 3382 1105 3446 codice
1129 3381 1317 3448 Victoriana

185 3482 257 3566 (D),
281 3485 354 3569 quid
379 3487 499 3572 primae
522 3488 638 3553 rnanui,
664 3485 736 3571 quid
762 3487 937 3551 correctrici
962 3486 1126 3569 debeatur,
1147 3486 1318 3571 diligenter

185 3587 374 3653 enotabitur.

289 3801 297 3833 ¹
318 3814 377 3849 oum
398 3798 567 3865 Xugrapbio.

287 3886 350 3938 ¹ci·
371 3888 538 3950 potissimum
560 3883 755 3951 Vmpfonbaob.
777 3884 864 3950 praei.
884 3901 908 3950 p.
928 3885 989 3936 XX.

287 3971 297 4005 ⁸
317 3973 352 4024 oi.
371 3972 434 4046 Leo.
455 3973 482 4022 io
502 3971 590 4023 Musei
610 3971 733 4022 Rhenani
753 3972 807 4022 uol.
826 3969 977 4023 XXXVIII
996 3968 1090 4030 (1883)
1108 3989 1134 4038 p.
1153 3970 1212 4023 347.
