2948 4808
568 265 783 326 ...27-

100 438 354 533 Ἕρμαγόροο
344 445 530 536 ιππάρχεοι,
574 444 628 535 [ὡς
659 449 705 536 δέ]
742 452 959 540 Σαμοθρᾷνος
991 450 1050 519 ἐπὶ
1081 454 1243 539 βασιλεως

101 543 292 637 ’Aedilem
322 561 355 619 et
383 554 423 620 de
448 551 600 620 Lindi‘
591 559 789 641 ιεροποιοῖς,
820 557 860 622 de
884 558 1002 643 quibus
1025 558 1242 625 conferendus

105 662 155 720 est
177 656 404 740 Peucestes,
394 680 491 725 mser.
514 659 632 726 ined'
624 682 686 725 me.
708 660 872 748 Rhodip.
890 665 939 727 74.

192 761 382 848 Denique'
373 784 407 827 111
433 764 623 829 universum
656 785 770 830 ornnes
802 766 1000 830 sacrificulos
1033 768 1087 852 qui
1120 768 1243 852 pariter

108 872 207 952 atquc
231 867 393 934 Eleusinii
424 876 458 935 et
479 869 568 935 Delii
592 892 759 936 sacrorum
783 871 1114 937 administrandorum
1137 872 1245 936 officia

106 979 276 1056 praestant
306 994 432 1039 annuos
463 974 566 1039 luisse
598 997 664 1040 non
697 982 748 1040 est
779 997 837 1041 cnr
865 976 1014 1062 pluribus
1038 977 1242 1063 explicemus

106 1074 162 1154 (cf.
185 1078 468 1142 commentationis
493 1078 590 1144 huius
614 1101 686 1167 cap.
709 1101 779 1166 seq.
802 1087 835 1146 et
856 1088 941 1168 part.
962 1082 997 1145 Π
1020 1083 1105 1161 §tt

195 1179 238 1264 B)
263 1180 384 1247 Contra
405 1182 443 1247 in
464 1188 617 1248 certum
639 1184 850 1271 datumque
873 1185 1034 1252 brevius
1053 1184 1243 1272 temporis

106 1285 273 1370 spatium
298 1291 451 1350 creantur
472 1285 613 1352 Athenis
628 1287 848 1353 Eumenidum
872 1290 1055 1372 sacrificuli,
1079 1284 1243 1375 ἱεροποιοὶ

107 1382 139 1453 oi
161 1381 389 1477 adiacentiam
411 1385 653 1476 ἱεροποιοῦνιις
680 1414 724 1458 ex
752 1393 943 1479 prytanibus
967 1394 1102 1474 delecti,
1131 1398 1242 1458 extra-

107 1491 261 1559 ordinarii
283 1515 364 1579 quos
387 1501 546 1560 memorat
569 1497 617 1560 tit.
630 1487 746 1595 ᾉθήν.
764 1497 813 1562 VI
832 1520 865 1584 p.
878 1501 951 1563 482.
996 1497 1097 1563 Certa
1118 1497 1244 1561 scilicet

107 1602 241 1687 negotia
267 1601 317 1666 his
340 1601 551 1683 mandantur,
578 1623 662 1688 quae
690 1602 747 1667 ubi
776 1604 996 1690 perfecerunt
1017 1602 1244 1687 rationemque

108 1707 265 1791 pecuniae
288 1706 441 1793 publicae
464 1706 678 1772 sacrificando
701 1713 916 1794 consumptae
938 1706 1150 1773 reddiderunt
1173 1728 1243 1770 ma-

108 1811 246 1896 gistratu
269 1811 401 1876 abeunt.

195 1911 349 1979 Ceterum
379 1914 435 1999 qui
458 1913 498 1978 ad
523 1919 629 1978 certas
653 1934 707 1978 res
732 1934 840 1978 sacras
864 1913 1070 1999 peragendas
1094 1919 1247 1979 creantur

110 2017 151 2081 ab
195 2018 312 2082 annuis
352 2013 536 2103 ἶεροποιοῖς
574 2016 731 2102 distingui
774 2017 996 2103 appellatione
1034 2012 1245 2106 diciplinam

109 2120 297 2186 Boeckhius
326 2122 440 2186 statuit
462 2120 546 2208 (ccc.
571 2122 659 2206 publ.
683 2120 804 2187 Athen.
829 2121 846 2186 I
869 2144 901 2208 p.
918 2123 994 2193 302;
1028 2122 1069 2186 cl.
1094 2122 1131 2187 0.
1154 2122 1181 2186 Ι.
1206 2121 1247 2187 G.

110 2225 223 2290 sotto
246 2224 282 2289 ΙΙ
312 2247 344 2311 p.
364 2224 513 2311 1133)1):
549 2246 623 2290 cum
653 2219 825 2314 rimaminor
848 2225 1016 2311 designari
1040 2226 1170 2291 soleant
1193 2227 1247 2311 qui

110 2335 167 2394 aut
196 2351 255 2415 per
283 2335 389 2394 totum
422 2348 544 2392 annum
573 2329 673 2394 certis
703 2329 960 2415 uniuscuiusque
984 2329 1107 2394 mensis
1130 2328 1246 2393 diebus

109 2440 165 2498 aut
193 2455 253 2520 per
281 2433 428 2519 singulos
459 2454 591 2498 menses
622 2433 799 2519 fungantur
826 2433 926 2498 rebus
959 2433 1073 2498 sacris.
1117 2432 1246 2499 Pariter

110 2537 146 2604 Ο.
175 2536 214 2604 F.
241 2537 452 2602 Hermannus
481 2538 597 2623 (antiq.
630 2538 724 2623 relig.
752 2537 915 2620 ξ11,14)
950 2537 1041 2601 nisus
1082 2536 1244 2623 Hesychii

110 2644 221 2727 glossa
242 2635 433 2729 ineptiores·
465 2637 499 2707 oi
521 2636 688 2726 ispcrrctoi
709 2665 739 2706 κ.
762 2665 791 2707 τ.
813 2641 841 2706 t.
870 2642 959 2727 ipsos
983 2635 1186 2725 iepcnotodg,
1219 2641 1246 2705 si

110 2744 143 2808 in
166 2743 311 2829 singulos
331 2764 462 2810 menses
482 2743 703 2820 instituantur,
724 2737 920 2828 ἐπιμηνίοος
947 2743 1107 2830 appellari
1131 2744 1245 2829 opina-

111 2854 163 2912 tur
184 2843 367 2933 ἱεροποιοῖς
388 2834 460 2925 τοῖς
480 2838 552 2912 κατ’
575 2841 722 2912 ἐνιαυτόν
746 2846 966 2933 opponendos.
1014 2845 1075 2911 Oui
1099 2848 1245 2933 opinioni

112 2957 273 3038 repugnat
294 2950 379 3037 quod
408 2971 516 3036 neque
544 2971 610 3015 vox
633 2945 799 3036 ἐιροποιοί
822 2971 895 3015 cum
918 2951 1050 3016 notione
1074 2946 1245 3039 ἐπιμήνιοι

111 3056 284 3121 coniuncta
315 3076 454 3141 usquam
480 3054 642 3142 reperitur
665 3093 706 3102 —
729 3053 818 3141 apud
845 3054 1069 3120 Athenienses
1092 3076 1134 3120 nc
1157 3076 1245 3119 com-

111 3166 228 3247 parent
256 3158 387 3246 quidem
416 3153 587 3247 ἐπιμήνιοι
620 3195 660 3206 -
683 3179 789 3244 neque
821 3159 895 3246 ipsa
926 3153 1108 3245 ἐπιμηνίων
1139 3158 1248 3222 officia

112 3264 221 3349 qualia
249 3285 293 3328 ex
320 3262 587 3349 inscriptionibus
615 3261 828 3327 innotuerunt
858 3262 947 3326 omni
976 3282 1017 3326 cx
1045 3266 1138 3347 parte
1154 3280 1246 3339 *con-

112 3367 246 3433 veniunt
275 3361 451 3451 ἱεροποιῶν
480 3367 617 3431 muneri.
669 3365 767 3439 Quod
793 3366 976 3431 accuratius
1009 3363 1181 3452 apparebit
1204 3385 1248 3428 ex

112 3472 159 3536 eis
183 3491 267 3555 quae
290 3468 331 3534 de
354 3465 537 3555 ἐπιμηνίων
563 3476 681 3535 natura
702 3469 807 3555 deque
832 3490 944 3535 eorum
967 3490 1041 3534 cum
1065 3464 1248 3553 icponoioig

112 3577 237 3641 ratione
266 3575 299 3639 in
326 3574 506 3660 appendice
535 3575 631 3640 huius
661 3575 947 3641 commentationis
971 3573 1162 3659 singillatim
1188 3594 1246 3637 ex-

112 3687 286 3767 ponentur.

184 3893 205 3959 ¹)
223 3891 262 3946 cf.
282 3889 494 3957 Barthelcmius,
513 3889 593 3943 Mem.
613 3889 639 3942 d.
658 3889 763 3944 l'tcad.
781 3890 830 3944 des
848 3889 927 3944 inser.
942 3888 1057 3942 XLVIII
1070 3906 1098 3957 p.
1109 3887 1160 3942 337
1178 3904 1247 3955 sqq..

114 3976 257 4042 Scldcnus,
275 3976 373 4030 Manu.
392 3976 478 4030 Oxon.
498 3994 524 4047 p.
541 3977 590 4029 163
607 3975 700 4029 Maitt.
