2962 4800
232 280 274 342 44
750 281 842 366 [too]

333 471 433 537 Recte
464 471 599 556 Holtae,
627 473 716 560 Synt.
739 475 849 559 prisce.
880 496 955 541 sorr.
986 477 1055 543 latt.
1080 477 1121 543 11
1151 501 1186 564 p.
1219 484 1311 563 140,
1343 480 1398 546 ad·

232 574 353 639 notavit
371 578 489 659 poeaim
510 577 784 663 interpretandum
809 601 880 644 esee
902 581 988 645 aollte
1009 581 1060 645 icit
1082 582 1253 648 kenesen?

231 677 349 749 Peeud,
373 682 436 748 290
488 680 581 768 qun
615 685 707 769 patri
741 704 914 768 surrepere
945 687 1063 770 poesim
1099 690 1293 771 quicquam
1330 698 1398 754 tom

1028 797 1127 853 cauto
1151 794 1231 856 aeni
1242 793 1285 857 ,²¹

233 892 324 958 Coni.
348 894 444 959 etiam
466 891 559 957 Moat
585 896 625 957 14
647 914 693 978 eq.
713 926 749 936 -
768 893 862 958 Most.
887 895 949 957 984
972 914 1049 957 vero
1072 895 1237 960 codicum
1263 897 1393 962 ABCD

230 996 322 1062 lectio
347 1003 451 1083 potest
472 997 629 1062 servanda
653 1003 702 1063 eet
725 995 824 1079 (coni.
849 1017 876 1063 e.
895 1018 926 1081 g.
942 996 1032 1081 Capt.
1060 999 1135 1078 132,
1160 999 1271 1066 Truc.
1299 1002 1394 1083 678),

231 1121 422 1186 quamquam
438 1121 562 1164 veroum
578 1120 747 1186 persanare
763 1120 898 1184 nequeo.
944 1101 991 1164 Ao
1007 1101 1115 1165 neseio
1133 1124 1177 1166 an
1199 1103 1307 1189 Capt.
1329 1108 1392 1170 120

229 1225 287 1288 pro
319 1204 471 1269 librorum
506 1202 587 1268 ΒΕ]
615 1204 752 1269 lectione
777 1205 882 1286 poaaia
911 1203 1113 1269 scribendum
1144 1207 1190 1270 eit
1226 1211 1323 1291 potia
1358 1230 1390 1274 ea

230 1306 326 1389 (conf.
351 1329 379 1372 e.
402 1327 433 1390 g.
456 1306 545 1372 Asin.
570 1309 642 1372 164.
666 1308 745 1386 886;
769 1305 841 1371 Cae.
865 1306 900 1370 H
923 1311 953 1389 8,
977 1309 1017 1370 68
1039 1305 1130 1391 ete).

332 1410 401 1473 Iam
416 1411 581 1492 quaerenti
594 1410 679 1494 mihi,
695 1432 758 1495 qua
770 1409 892 1475 ratione
905 1409 1016 1476 Cicero
1030 1413 1150 1494 possim
1163 1415 1385 1482 coniunctivo

230 1536 306 1579 uaue
328 1514 378 1595 sit,
401 1513 550 1599 quoniam
573 1515 604 1577 in
628 1515 806 1578 orationum
823 1512 948 1599 sylloge
966 1513 1138 1578 Halmiana
1153 1517 1291 1582 nullum
1312 1521 1382 1585 eiua

230 1617 260 1680 in
286 1623 408 1682 enuntt.
432 1615 545 1682 condd.
569 1617 664 1700 positi
687 1617 868 1702 exemplum
897 1617 1014 1698 inveni,
1043 1616 1177 1681 strictim
1217 1624 1381 1706 tangendi

230 1728 305 1785 aunt
334 1721 396 1786 loci
418 1743 447 1788 a.
471 1721 635 1806 Draegero
665 1721 685 1788 l.
710 1742 735 1786 c.
758 1721 797 1784 Ι2
820 1721 837 1803 §
860 1724 923 1786 298
953 1721 1087 1787 collecti
1136 1720 1272 1796 Quibus
1306 1747 1379 1810 per·

230 1823 371 1890 lustratia
394 1826 488 1889 statui
512 1825 639 1891 videtur
660 1846 762 1911 posse,
785 1846 850 1889 non
865 1825 960 1911 longe
976 1824 1156 1890 discessisse
1173 1826 1378 1896 Ciceronem

230 1949 250 1993 a
271 1927 421 1993 Plautina
442 1929 592 2013 loquendi
615 1930 747 1994 ratione.
792 1928 875 1993 Nam
898 1936 931 1993 et
952 1929 984 1992 in
1001 1929 1167 1993 enuntiato
1186 1931 1377 2018 interroga·

230 2031 296 2097 tivo
319 2032 434 2117 legitur
449 2035 503 2118 qui
520 2035 641 2117 possim
659 2039 691 2096 et
706 2033 854 2098 adverbio
870 2033 988 2119 aliquo,
1004 2032 1107 2117 qualia
1122 2039 1198 2097 aunt
1216 2037 1374 2118 forsitan

232 2137 437 2222 aliquomodo,
450 2139 594 2225 apposito
606 2144 639 2202 et
650 2139 681 2202 in
693 2138 823 2222 apodoei
836 2159 946 2203 eorum
960 2138 1209 2220 enuntiatorum,
1228 2162 1373 2226 quorum

229 2239 262 2304 in
293 2242 412 2325 protasi
441 2243 602 2307 concessio
633 2264 785 2328 expressa
819 2249 876 2307 eet.
930 2241 1035 2306 Etiam
1066 2240 1157 2306 Brut.
1189 2244 1253 2323 83,
1285 2245 1373 2309 287;

229 2345 351 2408 imitari
372 2363 466 2428 neque
485 2349 613 2430 possim,
641 2349 669 2410 ai
690 2349 788 2426 velim,
815 2366 870 2410 nec
891 2347 980 2410 velim
997 2346 1152 2429 fortasse,
1182 2347 1214 2409 ai
1233 2352 1371 2431 possim,

231 2470 293 2534 quo
315 2449 385 2515 loeo
408 2451 453 2514 ite
475 2452 695 2516 coniunctivus
718 2452 840 2534 poeitua
862 2449 1083 2530 videturesse,
1107 2457 1151 2532 ut,
1174 2451 1252 2533 quid
1269 2454 1372 2518 inter·

229 2555 270 2618 eit
283 2554 365 2618 inter
380 2555 484 2639 ipsum
501 2563 533 2618 et
548 2554 750 2618 indicativum
768 2553 851 2618 haud
865 2553 957 2618 facile
976 2573 1160 2637 cognoscas,
1175 2555 1370 2623 adverbium

225 2658 366 2740 fortoeae
387 2658 583 2745 aliquantum
607 2660 744 2724 valuieae
761 2657 801 2722 ed
822 2657 1054 2722 coniunctivum
1070 2657 1274 2723 scribendum
1292 2684 1370 2727 con·

229 2765 415 2826 uentaneum
439 2768 496 2829 eat.
542 2763 655 2848 Itaque
678 2762 764 2849 apud
788 2761 974 2825 Ciceronem
997 2781 1125 2846 quoque
1148 2781 1187 2826 ea
1207 2784 1311 2847 saepe
1335 2766 1367 2830 in

230 2863 330 2929 forma
343 2866 461 2950 possim
483 2865 570 2929 notio
594 2865 719 2930 videtur
741 2868 856 2939 inesse,
879 2887 972 2951 quam
989 2886 1047 2929 noe
1069 2863 1203 2929 reddere
1220 2866 1366 2933 solemus

229 2967 327 3034 verbo
350 2969 495 3036 auxiliari
517 2971 614 3035 cellen
637 2970 756 3036 addito.
1152 2969 1154 2975 ’

334 3072 424 3146 Quae
455 3094 524 3138 oum
554 3075 599 3137 ita
628 3075 707 3145 sint,
738 3095 795 3139 suo
826 3075 894 3138 iure
926 3072 1006 3136 Briu
1035 3071 1075 3135 ad
1099 3071 1165 3135 Mil.
1191 3075 1253 3138 764
1286 3074 1367 3160 ipaia

229 3174 333 3239 verbis
356 3176 387 3240 id
411 3177 495 3261 qnod
518 3177 641 3243 Lorenz
672 3178 713 3243 ad
745 3177 879 3242 cundem
910 3178 1015 3242 locum
1045 3174 1207 3240 contendit
1227 3178 1367 3244 reiciens

229 3277 402 3358 adnotavit,
432 3282 464 3344 in
486 3302 632 3347 aermone
655 3282 811 3347 cotidiano
834 3282 933 3346 verba
956 3281 1006 3344 vel
1035 3278 1222 3354 locutiones,
1255 3283 1366 3366 qualia

228 3391 301 3446 eunt
320 3404 450 3467 possum
473 3384 555 3449 decet
576 3386 734 3469 lonqumst
761 3391 921 3469 peremat,
953 3382 1124 3448 indicativo
1155 3383 1253 3448 modo
1284 3386 1365 3470 poni

229 3485 331 3550 solere
361 3488 393 3551 iu
423 3489 558 3573 apodoei
588 3490 823 3554 enuntiatorum
856 3488 1126 3554 condicionalium.
1170 3487 1304 3565 Verum,
1336 3491 1363 3554 si

229 3609 379 3674 praesens
402 3596 526 3677 tempus
550 3592 708 3677 respicies,
732 3592 912 3658 addendum
935 3600 1070 3657 estnon
1100 3590 1195 3655 modo
1219 3593 1366 3676 vulgaria

229 3692 346 3777 eloquii
368 3693 400 3757 id
431 3696 593 3781 proprium
624 3695 731 3779 fuisse,
761 3695 816 3763 sed
850 3697 945 3762 etiam
977 3695 1205 3763 Ciceronianae
1228 3716 1367 3762 consue·

230 3794 358 3863 tudinis.

333 3902 442 3986 Atque
465 3924 504 3968 ea
526 3905 724 3987 potissimum
747 3904 787 3968 de
810 3924 905 3970 cauea
934 3904 1104 3969 indicativo
1136 3903 1204 3968 eina
1236 3907 1368 3988 generis

229 4003 398 4068 verborum
421 4026 495 4070 uaos
519 4029 587 4073 esee
610 4005 742 4073 Latinos
768 4008 932 4073 contendit
952 4007 1035 4073 Foth
1050 4007 1070 4072 l.
1086 4028 1111 4070 e.
1128 4026 1158 4090 p.
1178 4009 1254 4089 263,
1280 4010 1368 4095 quod

334 4165 342 4198 ¹
360 4163 464 4217 Verane
477 4165 533 4217 Mil.
551 4163 602 4218 684
619 4166 690 4217 hono
709 4165 767 4216 iere
786 4164 901 4217 formem
923 4181 937 4217 e
957 4165 1052 4217 codice
1069 4161 1253 4218 Ambrosiano
1273 4166 1369 4218 elicuit

232 4247 414 4301 Studemund:
439 4249 509 4301 Ndm
528 4250 598 4303 oona
614 4266 685 4303 uxor
708 4248 789 4301 etone
807 4250 949 4315 duc(tu)et.
987 4250 1019 4303 Sl
1037 4252 1074 4302 ait
1093 4263 1209 4316 aequom
1235 4251 1369 4316 qdntium,

440 4336 491 4390 Ubi
509 4354 540 4390 eo
554 4341 644 4405 poaatt
664 4337 804 4390 inveniri?
