2956 4822
677 308 767 394 [121]
1244 312 1287 374 25

153 527 211 569 suo
228 504 296 568 Teii
319 504 445 568 soluere
460 502 620 569 iubentur.
657 502 805 568 Oeterum
822 503 905 586 quod
923 501 961 566 de
985 502 1053 566 solo
1070 500 1286 567 Lebediorum

153 630 226 672 aere
249 609 353 678 alieno
376 608 427 672 hio
451 607 569 671 dietum
600 618 665 687 est,
689 607 763 671 inde
786 627 864 671 ooue
888 606 1028 683 ellieias,
1052 628 1089 669 oa
1113 626 1194 689 quae
1217 603 1287 668 Teii

154 722 226 777 ante
248 713 480 798 synoeoismum
503 711 681 788 debuerint,
705 712 763 776 hos
780 710 938 795 (excepta
951 709 1168 775 Lebediorum
1186 708 1284 789 tribu)

153 818 240 881 solos
262 817 424 881 soluturos
447 815 555 879 fuisse.
601 815 713 901 Neque
737 816 819 880 enirn
844 815 983 878 caruisse
1007 834 1062 877 eos
1086 833 1159 876 aere
1182 813 1284 877 alieno

154 921 332 1003 colligimus
366 942 383 984 e
418 919 564 984 uersibus
605 923 643 983 87
679 941 725 1004 sq.
782 918 845 983 Sed
890 938 963 981 oum
1007 916 1157 980 Teiorum
1209 916 1284 980 urbs

156 1031 187 1088 et
221 1025 332 1089 eioitas
363 1030 559 1109 permoneat
585 1024 734 1087 Lebedus
758 1022 834 1086 urbs
857 1023 997 1101 tollatur,
1021 1040 1129 1103 regem
1153 1019 1284 1084 desolo

155 1129 369 1192 Lebediorum
392 1150 467 1192 aere
488 1127 595 1192 alieno
619 1127 722 1192 dicere
746 1147 893 1190 censeam
917 1146 955 1190 eo
973 1124 1117 1207 oonsilio,
1142 1132 1177 1187 ut
1200 1122 1285 1208 quod

154 1231 222 1295 Teii
245 1239 318 1296 aute
341 1232 571 1316 syuoeoismum
604 1229 782 1307 debebant,
812 1231 841 1293 ei
864 1229 917 1314 qui
941 1249 1027 1292 nuno
1052 1228 1121 1292 Teii
1144 1227 1285 1303 audiunt,

155 1336 288 1400 soluturi
311 1336 382 1399 sint.

687 1473 749 1556 §s

257 1616 329 1680 Rex
361 1622 515 1701 utquam
543 1615 671 1678 minime
695 1617 834 1698 possint,
859 1613 1072 1679 Lebediorum
1095 1614 1166 1677 iura
1189 1611 1286 1675 derni-

155 1728 293 1783 nuantur
317 1727 416 1783 ourat.
464 1719 535 1793 Qua
559 1740 592 1782 re
616 1718 790 1800 constituit,
815 1726 850 1781 ut
875 1719 929 1803 qui
951 1718 1118 1803 priuilegia
1142 1739 1161 1781 a
1184 1714 1286 1779 Lebe-

155 1821 277 1886 diorum
309 1824 439 1888 oiuitate
473 1824 672 1905 acceperint,
707 1825 751 1887 eis
785 1822 896 1886 eadem
927 1844 946 1885 a
975 1821 1126 1886 Teiorum
1157 1821 1285 1885 oiuitate

154 1927 348 2010 tribuantur,
379 1927 506 1991 decreta
530 1926 689 2012 lapidibus
712 1928 863 2013 inscripta
887 1925 997 1992 eodem
1022 1926 1090 1990 loeo
1125 1931 1285 2010 ponantur

154 2030 209 2094 ubi
231 2038 337 2096 cetera
361 2032 488 2096 decreta
511 2032 679 2095 honoraria
702 2031 853 2095 Teiorum
876 2031 979 2115 posita
1001 2029 1090 2093 sint¹.

689 2197 749 2278 so

258 2335 446 2401 Communio
470 2336 545 2399 iuris
562 2356 633 2399 oum
649 2336 734 2420 apud
747 2344 873 2400 ueteres
897 2336 955 2400 nisi
979 2357 1018 2399 ex
1036 2334 1136 2419 poetis
1152 2332 1285 2417 publicis

153 2442 197 2504 eis
223 2447 346 2504 tantum
382 2449 466 2505 esset
497 2441 548 2525 qui
580 2440 723 2504 eiusdem
747 2440 883 2504 ciuitatis
906 2442 993 2505 ciues
1017 2445 1141 2520 essent,
1165 2438 1204 2500 de
1226 2435 1286 2499 hoo

153 2566 186 2608 re
210 2565 281 2607 oum
305 2545 336 2607 iu
353 2544 421 2607 aliis
437 2543 630 2623 foederibus,
654 2552 720 2608 tum
745 2545 777 2608 in
801 2545 844 2609 eis
869 2545 1056 2630 plerumque
1084 2541 1285 2607 constituitur

152 2647 267 2731 quibus
291 2649 437 2712 ciuitates
461 2648 543 2712 duae
566 2649 617 2713 uel
649 2650 754 2733 plures
778 2657 833 2713 aut
857 2649 1055 2735 syuoeoismo
1079 2655 1135 2712 aut
1157 2666 1283 2730 sympo-

152 2752 219 2814 litia
243 2760 298 2817 aut
321 2752 481 2836 isopolitia
497 2753 596 2817 artius
621 2754 703 2816 inter
726 2775 760 2817 so
777 2755 1022 2837 coniunguntur.
1059 2749 1178 2814 Omnes
1201 2770 1284 2834 quae

152 2877 170 2918 o
203 2855 382 2920 ciuitatium
413 2856 626 2922 simultatibus
658 2866 747 2922 ortae
779 2865 869 2939 sunt,
905 2878 1016 2921 causes
1046 2857 1117 2941 lege
1147 2853 1285 2917 foederis

155 2960 304 3043 persequi
328 2961 414 3024 eines
436 2963 625 3046 plerumque
647 2962 830 3026 notantur-³:
863 2963 1006 3047 priuatae
1029 2959 1101 3024 lites
1125 2956 1284 3042 quomodo

154 3070 187 3126 et
209 3063 322 3146 quibus
345 3064 473 3148 legibus
489 3065 710 3130 diiudicandae
727 3068 799 3141 siut,
823 3067 984 3131 statuitur.
1023 3064 1102 3129 Illae
1119 3085 1189 3128 eum
1205 3063 1286 3126 iuter

152 3165 248 3231 Teios
272 3178 305 3233 et
327 3168 487 3235 Lebedios
510 3193 573 3234 uon
597 3174 678 3254 sint,
702 3172 742 3236 de
774 3173 823 3236 his
846 3172 920 3236 solis
944 3177 1051 3234 nostro
1076 3170 1146 3234 loeo
1170 3169 1284 3251 agitur.

257 3319 265 3352 ¹
285 3317 325 3369 Ol.
343 3320 452 3370 titulum
473 3321 616 3386 llphesium
642 3324 712 3388 apud
734 3321 893 3384 Woodium,
912 3321 1085 3372 Discoreries
1105 3326 1133 3370 at
1152 3317 1285 3384 Ephesos.

152 3403 333 3469 Inscriptions
356 3405 386 3456 ol
411 3406 456 3456 tho
475 3408 575 3473 templo
603 3409 634 3459 of
663 3408 753 3459 Diona
775 3408 821 3459 24:
846 3405 990 3478 ἀναγράψαι
1009 3409 1037 3460 δὲ
1054 3406 1084 3460 ni
1103 3405 1214 3473 ὀνόματα
1235 3405 1285 3474 τῶγ

152 3494 288 3560 γενομένων
302 3495 412 3546 πολιτῶν
431 3493 487 3553 τούς
499 3502 614 3556 seruantem·
627 3500 695 3549 ὅπου
713 3502 752 3548 καὶ
771 3495 830 3554 τούς
850 3497 936 3554 ἄλλους
956 3493 1070 3558 πολίταΙς
1087 3489 1286 3563 druypdtpovnmL

152 3577 197 3628 ubi
217 3593 250 3628 ex
271 3581 351 3630 titulo
364 3581 422 3645 ipso
436 3579 549 3631 inuento
569 3581 695 3633 nimirum
715 3581 808 3633 eodem
823 3582 883 3632 loco
903 3580 948 3631 ubi
962 3580 1044 3631 eriam
1064 3585 1157 3631 uetera
1172 3577 1286 3630 decreta

152 3663 300 3715 honoraria
314 3665 494 3731 Ephesiorum
515 3668 627 3718 inuenta
647 3675 719 3725 sunt,
738 3683 892 3733 eognosoas
910 3683 965 3718 non
985 3667 1018 3719 de
1037 3667 1191 3718 nominibus
1211 3672 1284 3717 eota·

151 3750 217 3816 logo
236 3749 281 3813 (do
301 3767 354 3818 quo
374 3753 493 3819 cogites)
511 3752 695 3822 irrsoribeodis
715 3755 799 3806 uerba
818 3754 885 3805 fleri.
1128 3745 1131 3749 ’

254 3838 265 3871 ²
285 3836 325 3888 Cf.
341 3838 412 3889 tituli
432 3838 574 3905 Smyrnaei
594 3841 667 3892 iulru
687 3838 833 3892 enarrandi
854 3840 882 3892 lI
900 3841 914 3898 ξ
933 3841 958 3904 b,
977 3845 1005 3891 et
1024 3840 1096 3891 tituli
1110 3837 1285 3891 Orchomenii

153 3922 273 3975 Dlilenb.
300 3923 365 3986 Syll.
393 3922 443 3976 118
468 3941 492 3974 v.
520 3924 551 3977 13
576 3943 650 3993 sqq.:
676 3929 697 3979 si
721 3929 750 3979 δέ
775 3950 799 3980 τι
824 3926 852 3979 ἔκ
877 3927 928 3981 τῶν
952 3931 1083 3995 ἔμπροσθε
1103 3928 1233 3996 χρόνωνῆ
1261 3929 1284 3979 oi

146 4014 299 4079 Ορχυμένιοι
315 4009 412 4080 Ἀχαιοὶ
432 4008 559 4081 ἒγὲ1νοντο
578 4011 645 4079 ἤτοι]
668 4010 839 4085 Νσ[α’]ρ[χωι]
859 4020 967 4084 Ῑγκλημα
985 4013 1086 4085 γέγονεν
1104 4016 1119 4080 ἢ
1145 4023 1197 4072 τοῖς
1214 4016 1285 4076 υἱοῖς,

151 4093 270 4161 ὖπότομα
294 4099 363 4165 εἶμεν
380 4103 474 4159 admo,
498 4106 538 4151 καὶ
556 4096 606 4166 prb}
624 4096 777 4167 δικαζέ]οθω
801 4097 891 4169 prestre]
913 4107 1027 4171 Νεάρχωι
1051 4108 1138 4168 μηθεὶς
1154 4105 1215 4167 μήτε
1234 4109 1286 4161 τοῖς

153 4183 213 4242 υἱοῖς
230 4183 319 4248 αὖτοῦ,
340 4186 403 4251 andi
420 4182 539 4255 Νέαρχος
555 4187 618 4251 μηδὲ
636 4184 698 4253 [τῶν
715 4189 777 4243 υἱῶν
795 4185 889 4253 αὖ1τοῦ
906 4196 993 4255 μηθεὶς
1012 4196 1067 4256 περὶ
1087 4189 1142 4254 reip
1162 4192 1285 4256 πρότερον

153 4268 317 4339 ἓγκλημᾶτων
340 4271 356 4333 ἲ
380 4274 403 4324 oi
419 4271 567 4343 Ὀρχομένιοι
581 4272 673 4345 Ἀχαιώ
699 4271 905 4345 ἓγὲ1νοντο”κιι1]
923 4271 1015 4343 ilerdae
1039 4273 1175 4339 δαᾶζοιτο,
1192 4273 1289 4346 o’plr'tw

155 4361 234 4426 χιλίας
250 4357 362 4428 δραχμαῖς
379 4366 418 4412 καὶ
436 4358 453 4413 oi
469 4363 528 4415 diro
545 4360 632 4429 duritie
647 4367 721 4420 dorm.
