2954 4808
204 308 246 382 52
353 429 355 432 Α
726 301 816 398 [114]

198 509 324 594 legitur.
370 507 452 574 Cum
476 506 679 571 coniunctivo
704 526 843 570 conexas
869 503 923 568 has
955 503 1226 572 coniunctiones
1251 511 1382 593 praeter

199 634 298 679 uuum
326 613 434 677 locum
464 631 697 697 usquequaque
721 608 882 674 invenies:
913 609 965 673 22.
1000 609 1059 692 15,
1095 611 1162 675 26:
1200 620 1381 699 antequam

189 717 312 804 fiscibus
333 719 400 781 suis
423 716 588 797 secedunt,
612 715 745 800 proeliis
764 719 930 796 superatos
943 764 950 778 .
965 759 994 776 ..
1016 722 1156 780 corant.
1213 702 1384 802 Exempla

200 821 391 885 coniunctivi
425 828 499 886 sunt
531 820 627 885 haec:
660 818 873 883 Praesens
906 819 957 882 23.
982 820 1021 899 4,
1053 817 1076 880 3
1118 827 1159 882 ut
1199 828 1383 908 autquasi

199 924 292 991 tetum
315 931 474 1005 cernatur,
498 924 589 989 dolor
613 924 704 988 letale
725 923 839 990 uulnus
865 929 1030 1006 apnoscot3
1062 924 1121 989 30.
1150 927 1185 1003 7,
1216 929 1263 991 10
1295 934 1383 991 cnte-

199 1050 292 1113 911911
325 1030 481 1114 nepotirim
516 1027 714 1112 effervescat,'
748 1025 980 1110 oppresserat.
1012 1045 1092 1110 pag.
1133 1027 1215 1113 20).
1278 1031 1383 1096 Ρ91-

199 1132 352 1198 fectum
376 1132 494 1197 habes:
522 1134 571 1196 14.
597 1137 626 1212 6,
651 1133 692 1195 23
715 1131 919 1217 additumque
940 1136 984 1194 est
1001 1179 1008 1194 .
1025 1178 1053 1194 ..
1078 1138 1119 1196 ut
1143 1132 1310 1208 famulos

198 1259 261 1303 non
285 1244 357 1301 ante
375 1239 532 1321 recipiant
556 1237 684 1300 donum
707 1256 801 1320 quarn
823 1237 953 1300 lauacro
974 1238 1208 1319 perpercerint
1235 1260 1381 1324 corpus:

199 1344 250 1407 28.
274 1344 304 1424 4,
327 1343 369 1406 24
391 1362 447 1405 nec
469 1340 577 1405 lauari
599 1338 812 1419 arbitrantur,
827 1388 834 1403 .
849 1386 876 1404 ..
901 1345 1069 1424 antequam
1169 1343 1381 1426 didicerint3

198 1448 247 1511 31.
272 1448 301 1523 2,
324 1448 343 1510 5
367 1446 476 1508 tunica
500 1496 507 1510 .
533 1495 540 1510 .
565 1494 572 1509 .
596 1465 661 1508 non
688 1449 761 1507 ante
790 1443 960 1527 deponitur
991 1449 1047 1507 out
1078 1451 1247 1510 mutatur
1280 1469 1380 1533 quam

198 1549 353 1618 diuturna
381 1550 465 1612 carie
488 1551 523 1611 in
550 1548 709 1633 pannulos
731 1547 907 1621 deduxerit.
951 1545 1300 1632 Imperfectum:
1328 1555 1379 1617 19.

198 1654 229 1735 2,
255 1655 293 1716 12
323 1674 361 1716 ac
388 1653 576 1737 priusquam
606 1652 662 1715 lus
688 1653 914 1736 occiperet...
944 1652 1071 1735 copiae.
1087 1702 1121 1717 ..
1143 1652 1378 1737 feretroatdr3

198 1759 250 1822 21.
278 1758 325 1839 12,
359 1762 393 1838 13
425 1757 478 1820 20.
512 1759 541 1837 7,
575 1758 613 1820 16
643 1776 707 1819 non
737 1762 811 1820 ante
841 1756 985 1820 discessit
1006 1776 1177 1840 91111111...
1213 1767 1377 1825 cerum.

200 1859 307 1924 Semel
342 1860 426 1924 male
461 1858 809 1945 plusquamperfectum
840 1880 899 1944 pro
929 1857 1126 1944 imperfecto
1161 1862 1377 1928 collocatum

199 1972 266 2028 est:
298 1966 349 2028 20.
378 1968 416 2047 4,
447 1966 487 2027 22
517 1984 579 2029 non
609 1970 704 2029 antec
734 1964 945 2028 discesserunt
978 1983 1096 2049 quom.
1116 2009 1149 2027 ..
1176 1967 1375 2052 futpentem

198 2088 266 2131 eun
291 2075 425 2150 enpusto
448 2067 557 2134 habitu
581 2073 812 2152 conspexissent
836 2067 890 2146 (cf.
916 2090 945 2154 p.
970 2066 1038 2147 35).

303 2169 382 2236 Vll.
420 2157 529 2234 ‘Usum
563 2171 793 2236 coniunctionis
815 2172 1001 2258 temporalis
1025 2191 1135 2255 cuns,
1161 2174 1221 2239 ubi
1257 2175 1302 2240 de
1331 2198 1369 2241 re

199 2275 296 2338 semel
321 2273 406 2339 facta
430 2274 550 2359 agitur,
575 2282 606 2338 et
622 2275 837 2339 Dederichsus
853 2284 885 2339 et
902 2275 1155 2340 Hessensteinus
1172 2279 1365 2363 explanare

199 2378 458 2463 supersederunt.
505 2377 692 2443 Coniunctio
714 2400 785 2443 cum
801 2380 870 2444 sive
885 2400 973 2443 mere
990 2379 1178 2464 temporalis
1196 2391 1265 2466 est,
1291 2385 1365 2450 sive

199 2483 292 2547 simul
325 2483 485 2548 causalem
514 2484 578 2546 vim
612 2480 719 2564 habet,
751 2481 941 2568 plerumque
972 2502 1046 2545 cum
1076 2483 1276 2568 imperfecto
1310 2488 1364 2552 vel

199 2585 513 2672 plusquamperfecto
537 2586 729 2650 coniunctivi
751 2585 903 2670 iungitur,
932 2587 987 2650 ubi
1014 2585 1053 2649 de
1086 2587 1220 2653 actione
1257 2593 1361 2656 semel

199 2688 285 2753 factu
307 2692 422 2776 agitur.
469 2692 575 2774 Atque
600 2699 663 2753 tam
687 2689 751 2753 late
773 2696 864 2776 patet
885 2690 938 2754 hic
960 2711 1046 2772 usus,
1070 2696 1106 2753 ut
1131 2691 1232 2756 etiam
1259 2697 1362 2778 parti·

201 2793 306 2857 culam
329 2793 536 2878 compositam
560 2793 791 2875 cumprimum
818 2792 1039 2878 imperfectum
1073 2792 1275 2860 coniunctim
1304 2820 1359 2863 sc·

202 2905 335 2981 quatur:
374 2897 420 2960 19.
448 2898 518 2976 1,2
547 2917 675 2981 cumque
695 2899 837 2979 primum
860 2916 985 2961 aurora
1010 2896 1166 2981 superet,
1199 2902 1357 2966 urrioersa

270 3001 372 3065 armis
386 3000 586 3065 stellantibus
603 3000 822 3067 coruscabant.
858 3001 1026 3065 Similiter:
1053 3002 1103 3066 19.
1123 3004 1151 3084 1,
1172 3004 1190 3065 'l
1213 3003 1358 3093 Ideoque

203 3125 273 3168 curn
292 3105 404 3187 prima
426 3103 484 3167 tus
508 3104 695 3187 advenisset,
716 3125 774 3168 rec
792 3152 803 3173 .
827 3154 834 3170 .
859 3153 866 3169 .
890 3103 1032 3168 tendebat
1056 3104 1100 3168 ad
1122 3109 1268 3193 moenia;
1300 3112 1354 3176 23.

202 3209 232 3288 2,
262 3209 282 3271 2
312 3207 446 3292 proinde
478 3228 547 3271 cum
580 3211 721 3292 prienam
757 3210 917 3274 consultae
949 3209 1087 3272 rationes
1111 3212 1237 3294 coptum
1257 3233 1356 3296 prae·

203 3309 350 3393 5111999111,
368 3359 376 3373 .
399 3357 406 3372 .
431 3359 438 3375 .
464 3315 606 3377 transire
627 3314 721 3377 iussit
743 3312 942 3398 Euphraten.

308 3414 494 3480 Admodum
530 3418 622 3502 pauci
654 3423 729 3481 sunt
759 3416 840 3498 loci,
873 3417 897 3482 si
931 3415 1224 3502 frequentissimum
1261 3443 1358 3488 usum

204 3518 380 3602 particulae
404 3540 473 3583 cuns
496 3529 631 3602 spectes,
655 3522 708 3604 qui
733 3542 753 3584 a
776 3521 848 3605 lege
871 3520 911 3584 de
935 3520 1138 3586 coniunctius
1168 3544 1271 3610 supra
1299 3549 1356 3593 ex·

204 3622 310 3706 posito
335 3623 527 3688 discordent.
574 3622 656 3689 Sunt
679 3631 787 3690 autem
811 3625 859 3689 hi:

258 3761 260 3763 ·
313 3730 338 3791 l.
374 3748 444 3791 cunr
467 3728 623 3812 particula
647 3729 823 3796 conectitur
846 3753 919 3795 cum
942 3735 1184 3819 praesentis
1213 3733 1359 3804 histo·

204 3828 280 3893 rici
309 3829 563 3897 indicativo:
597 3835 649 3899 29.
681 3839 709 3917 1,
741 3837 803 3917 26;
834 3837 886 3901 25.
911 3839 940 3919 4,
966 3839 1025 3918 233
1056 3840 1106 3903 30.
1138 3841 1176 3921 5,
1209 3843 1269 3924 173
1306 3843 1361 3909 20.

205 3934 235 4013 2,
267 3940 290 3998 1.
336 3932 387 3998 De
410 3955 473 4019 quo
496 3957 555 3999 usu
580 3936 642 4000 iam
667 3958 742 4023 pag.
770 3942 819 4005 10.
846 3942 882 4004 11
916 3941 1087 4027 disputari.
1130 3941 1250 4030 Neque
1282 3968 1364 4015 vero

206 4058 341 4122 usquam
358 4039 533 4124 praesentis
558 4040 699 4105 historici
724 4043 945 4109 coniunctivae
965 4045 1092 4130 legitur.

309 4144 339 4207 2.
374 4163 457 4207 cum
488 4143 734 4211 indicativo
764 4148 1026 4234 imperfecti:
1059 4152 1110 4216 30.
1138 4155 1213 4234 4,5
1247 4153 1365 4224 Flore-

207 4241 282 4307 bant
397 4244 594 4329 tribunalia,
627 4271 695 4314 curn
729 4258 872 4317 oratores
896 4303 903 4318 .
929 4301 968 4318 ..
1001 4255 1128 4336 inpendo
1154 4256 1222 4335 fide
1258 4266 1364 4346 copiis

207 4351 457 4436 ornamentisque
489 4351 615 4415 dicendi
646 4354 795 4437 pluribus
826 4357 1016 4443 enztrrcllont,
1049 4364 1084 4422 ut
1115 4358 1362 4443 Dcrnostlsenssi
