2954 4816
151 296 155 304 ·
221 281 262 342 42
749 278 818 363 [ee]

217 472 345 555 pentum
366 472 430 537 uisi
451 471 527 557 qaid
548 472 620 556 ipso
639 491 689 535 res
703 470 856 534 mandato
870 470 1046 555 postularet
1060 476 1222 554 spectasse,
1238 479 1352 536 contro

216 576 442 659 prouincialem
466 576 497 653 ti.
521 595 548 640 e.
571 575 788 654 Dorotheum)
819 576 930 658 pratia
961 571 1147 638 Tritoor'oai
1176 576 1211 638 a'a
1241 574 1352 640 arbem

219 680 341 762 reptem
363 679 407 742 od
428 678 485 744 hoc
507 699 584 762 opus
608 680 750 758 oratura,
773 679 850 763 quid
877 677 937 742 sibi
958 677 1031 743 iade
1053 678 1138 762 effici
1153 679 1266 761 possit,
1289 699 1306 742 s
1324 679 1351 743 t·

182 856 184 860 ,
219 782 338 847 licitum
357 783 467 866 fuisse.
512 781 637 846 Deinde
656 781 812 846 Huschke
835 779 923 868 (pag.
941 782 992 846 XI
1014 781 1130 866 praef.)
1153 783 1285 867 propius
1309 782 1350 845 ad

222 907 259 949 ea
289 894 477 971 argumenta
506 886 644 967 accedit,
676 886 790 971 quibus
813 885 1025 971 Theophilum
1048 885 1187 972 priorum
1212 886 1350 950 duorum

218 990 370 1055 librorum
394 997 553 1056 auctorem
569 1012 630 1055 non
647 989 743 1054 fuisse
759 991 882 1076 probet.
917 992 1025 1075 Atque
1042 991 1185 1075 quamvis
1208 1011 1271 1054 non
1297 990 1350 1053 de·

220 1094 319 1158 futuri
342 1095 404 1157 sint
426 1095 540 1179 quibus
557 1094 712 1159 Huschke
736 1095 866 1157 nimiam
887 1094 982 1158 fidem
1001 1094 1161 1159 codicibus
1177 1093 1353 1178 paraphra-

220 1198 262 1261 sis
277 1219 411 1281 graecae
426 1199 576 1265 tribuisse
592 1199 749 1280 videatur,
773 1199 827 1282 qui
847 1198 972 1263 codices
989 1199 1048 1282 ipsi
1065 1197 1243 1283 Theophilo
1260 1218 1352 1282 para·

219 1301 348 1384 phrasin
372 1302 571 1381 adscribunt,
602 1311 723 1380 tamen,
748 1323 820 1366 cum
839 1302 983 1367 docuerit
1004 1301 1159 1367 Huschke
1182 1302 1352 1385 exemplis·

221 1425 282 1489 que
305 1405 508 1472 illustraverit
531 1409 710 1492 complures
733 1407 932 1494 paraphrasis
953 1428 1087 1491 graecae
1109 1406 1195 1470 locos
1219 1404 1352 1468 demon·

220 1515 329 1589 strare,
361 1515 523 1575 auctorem
551 1513 754 1596 paraphrasis
784 1513 816 1575 in
839 1512 996 1596 prioribus
1019 1511 1104 1576 libris
1127 1509 1284 1595 quaedam
1307 1508 1351 1573 ibi

220 1613 303 1677 dicta
334 1634 398 1678 non
420 1615 574 1697 probasse
598 1625 630 1679 et
654 1616 840 1696 correxisse,
863 1616 894 1680 in
919 1616 986 1680 aliis
1009 1615 1052 1679 ibi
1075 1614 1217 1679 tractatis
1246 1613 1352 1677 minus

222 1723 381 1781 versatum
411 1716 525 1800 fuisse,
558 1718 638 1783 adeo
670 1725 706 1782 ut
736 1719 890 1783 nonnulla
928 1727 1040 1784 contra
1077 1719 1181 1782 Latini
1212 1718 1354 1781 auctoris

222 1827 359 1885 mentem
382 1828 512 1904 caperet
534 1829 566 1886 et
589 1829 735 1899 verteret,
760 1845 895 1909 quorum
918 1824 1055 1887 omnium
1086 1823 1117 1886 in
1140 1823 1352 1909 posteriorum

220 1924 372 1989 librorum
401 1925 586 2010 paraphrasi
616 1947 730 2010 graeca
760 1927 837 1991 nihil
863 1948 1046 1992 occurrere:
1085 1927 1150 1990 ueri
1179 1925 1351 1991 admodum

222 2028 323 2092 simile
342 2035 390 2092 est
405 2029 601 2094 Dorotheum
618 2029 746 2114 quidem
767 2030 864 2095 libros
879 2031 896 2094 I
912 2038 943 2094 et
957 2031 1002 2111 II,
1018 2030 1228 2115 Theophilum
1244 2035 1353 2094 autem

221 2131 317 2196 libros
341 2131 392 2196 ΙΙΙ
416 2139 447 2197 et
469 2131 518 2197 IV
541 2135 767 2218 composuisse.

738 2412 756 2493 s
783 2415 830 2475 14.

324 2584 381 2649 De
405 2585 724 2650 Institutionum
748 2584 962 2649 Iustinani
985 2585 1102 2648 tituli
1124 2585 1256 2649 ultimi

543 2686 607 2771 (IV
634 2688 689 2772 18)
712 2690 1019 2775 compositione.

325 2843 418 2918 Quod
448 2843 645 2907 Huschke
673 2844 850 2928 suspicatus
879 2850 928 2908 est
958 2842 1029 2906 libri
1051 2842 1099 2906 IV
1130 2841 1256 2906 titulum
1280 2842 1354 2906 ulti-

224 2969 309 3013 mum
332 2946 398 3031 (IV
423 2947 479 3031 18)
510 2969 574 3012 non
607 2970 625 3012 a
659 2948 837 3032 Theophilo
870 2948 927 3012 sed
955 2947 1163 3012 aDorotheo
1193 2946 1353 3010 adiectum

225 3074 295 3118 esse
318 3060 479 3138 tamquam
512 3054 767 3138 supplementum
800 3054 840 3117 ad
863 3053 1104 3117 Institutionum
1136 3072 1251 3136 corpus
1283 3050 1353 3115 libri

222 3155 270 3220 IV
294 3156 383 3221 titulo
407 3156 508 3222 XVII
531 3160 734 3223 terminatum
749 3159 767 3238 ¹,
801 3157 832 3221 id
855 3157 976 3222 idoneis
1009 3156 1204 3240 argumentis
1227 3177 1267 3220 ex
1292 3176 1352 3219 usu

326 3366 402 3419 ¹otr.
424 3365 559 3419 Huschkii
583 3367 670 3433 praet.
697 3381 760 3434 pag.
781 3365 848 3418 VII:
877 3368 944 3429 ,hoo
972 3365 1064 3416 statim
1093 3362 1265 3430 adiungimus

224 3452 292 3505 duos
311 3454 395 3506 libros
480 3455 646 3517 posteriores
666 3470 682 3505 a
700 3452 853 3521 Theophila
873 3451 1183 3517 Constantinopolitano
1203 3454 1354 3516 conceptos

223 3555 291 3604 esse,
318 3544 435 3605 excepto
464 3538 579 3591 tortasse
608 3540 670 3592 libri
700 3539 790 3607 quarti
821 3539 901 3590 titulo
930 3538 1023 3589 ultimo
1050 3538 1082 3589 de
1097 3537 1215 3602 publicis
1234 3536 1353 3597 tudiciis,

224 3641 303 3694 quem
323 3627 424 3678 collato
443 3624 631 3677 antecedentis
650 3626 699 3690 (IV
716 3626 758 3689 Π)
775 3641 814 3692 pr.
853 3625 1039 3692 Superest,
1057 3629 1086 3674 ut
1098 3624 1130 3674 de
1143 3622 1237 3687 afficto
1255 3623 1354 3675 iudicia

223 3713 412 3779 dispiciamus,
437 3716 534 3778 postea
561 3712 675 3775 demum,
705 3714 843 3779 exemplo,
872 3714 955 3777 puto,
982 3709 1115 3761 Marciani
1144 3708 1355 3772 institutionum,

224 3813 310 3866 acque
330 3799 454 3863 consilio,
474 3803 503 3850 ut
521 3799 710 3851 Institutiones
728 3800 819 3851 verius
838 3802 920 3851 totius
938 3797 1073 3862 tepitimoe
1087 3798 1212 3848 scientiae
1225 3794 1355 3846 elemento

224 3884 452 3952 Digestorumque
479 3885 597 3937 medulla
624 3886 678 3938 dici
705 3890 826 3951 possent,
855 3886 990 3937 adiectum
1020 3898 1093 3946 esse,
1121 3888 1196 3934 tanto
1224 3883 1354 3933 maiorem

224 3970 307 4021 habat
327 3972 383 4022 reri
401 3973 528 4039 speciem,
547 3973 622 4040 quod
640 3974 664 4025 is
683 3975 711 4024 et
730 3990 746 4024 a
766 3973 861 4038 priscis
874 3969 1091 4023 institutionibus
1111 3973 1138 4018 et
1157 3969 1191 4020 ab
1209 3968 1264 4029 ills,
1284 3983 1355 4035 quae

223 4057 302 4109 initio
321 4059 470 4124 placuerat,
490 4061 573 4111 totius
591 4060 681 4126 operis
700 4058 893 4112 distributione
911 4059 961 4121 Il,
974 4055 1005 4109 12
1019 4056 1101 4108 Omne
1116 4060 1168 4121 ius,
1180 4072 1230 4122 quo
1242 4058 1355 4122 scimur,

225 4144 265 4194 eet
283 4144 318 4194 ad
336 4159 468 4209 personas
485 4148 610 4211 pertinet,
628 4147 668 4196 oet
686 4145 721 4195 ad
733 4160 777 4195 res
790 4145 830 4195 uel
842 4145 877 4195 ost
895 4147 1064 4208 actiones,
1083 4143 1186 4194 oollato
1206 4141 1244 4192 IV
1262 4140 1299 4200 18,
1312 4158 1354 4208 pr.

224 4228 331 4294 publico
349 4231 450 4283 luduin
470 4247 575 4297 neque
595 4247 660 4299 per
678 4233 839 4283 octioacs
864 4231 1030 4283 ordinantur
1120 4243 1230 4294 prorsus
1249 4228 1355 4281 alienus

226 4319 291 4369 erat.
327 4315 430 4370 Rursus
457 4323 546 4374 autern
574 4319 601 4373 in
628 4316 681 4371 flns
707 4315 817 4376 additus
844 4319 888 4371 hic
916 4317 1011 4373 titulus
1035 4349 1086 4372 ...
1104 4315 1131 4368 in
1160 4329 1243 4370 causa
1270 4313 1354 4373 inisse
