2954 4808
660 311 749 399 [103]
1232 319 1272 383 43

246 507 372 573 Verum
401 513 519 592 quanta
549 528 620 570 cum
650 508 805 572 varietate
834 509 866 571 in
894 509 1014 592 protasi
1049 509 1116 573 eius
1149 509 1274 594 generis

147 612 381 677 enuntiatorum
402 609 488 694 apud
511 610 662 674 Plautum
685 617 717 675 et
740 610 804 677 ind.
828 632 931 696 praes.
956 619 989 677 et
1012 616 1093 678 coni.
1116 620 1273 697 presset

142 716 206 782 ind.
229 716 285 780 fut.
308 715 465 800 legentur,
489 736 530 778 ex
551 714 630 778 locis
654 715 838 798 subscriptis
863 716 1077 799 cognoscitur:

141 820 243 883 Perse
265 820 326 881 827
394 816 517 881 Malum
538 837 595 901 eqo
617 815 699 880 ochis
723 817 813 899 dabo,
835 820 870 882 ni
892 816 994 882 aditio.

139 922 358 986 Β3331ι.1172
392 920 435 984 Ni
458 922 561 1001 abeas,
585 969 592 985 .
616 973 622 986 .
648 971 654 985 .
678 923 798 985 malum
821 921 876 986 tibi
897 942 1048 1007 mapnom
1074 923 1152 987 dabo
1174 924 1249 988 iam.

142 1025 207 1091 Mil.
231 1028 294 1091 450
395 1024 468 1089 Nisi
488 1027 646 1092 voluntate
668 1024 737 1106 tois,
761 1027 890 1109 rapiam
914 1033 942 1091 te
965 1026 1099 1091 domum.

671 1217 743 1299 §s

244 1334 392 1421 Sequitur
422 1337 517 1400 tertie
546 1356 643 1401 causa
674 1335 836 1401 indicativi
866 1337 898 1400 in
930 1336 1065 1422 spodosi
1096 1338 1272 1404 eiusmodi

144 1439 377 1505 enuntiatorum
399 1441 510 1525 positi:
535 1441 620 1525 quod
644 1462 716 1505 cum
738 1441 966 1507 interiectionis
989 1441 1125 1526 quadarn
1149 1443 1180 1508 vi
1208 1463 1271 1508 non

141 1564 212 1607 raro
235 1544 357 1628 positus
382 1551 439 1608 est.
484 1544 558 1608 Huc
580 1546 740 1629 pertinent

141 1647 235 1712 Truo.
260 1648 322 1712 234
397 1645 510 1732 Nepae
531 1655 614 1728 sunt,
637 1649 702 1713 nisi
722 1649 812 1713 modo
835 1669 926 1734 quom
949 1648 1078 1731 dederit,
1106 1650 1186 1731 dare
1206 1651 1272 1715 iam

944 1751 1047 1816 lubeat
1069 1752 1169 1817 denuo

144 1861 175 1920 et
190 1854 275 1920 Rud.
292 1857 374 1920 1020
997 1854 1136 1940 Numqui
1157 1856 1271 1939 minus,

398 1960 436 2024 Si
457 1960 561 2025 veniat
590 1981 674 2024 ncnc
703 1960 850 2024 domim
879 1961 1019 2044 quoiast,
1050 1981 1121 2044 eqo,
1152 1962 1207 2046 qui
1236 1962 1271 2024 in

899 2065 1037 2146 spectavi
1053 2065 1170 2148 procot

268 2160 269 2163 '
398 2167 441 2231 Te
461 2166 544 2232 horre
566 2167 686 2248 trabere,
708 2168 769 2246 sur
788 2187 857 2231 suro
879 2185 972 2249 quam
995 2167 1055 2232 tu?
1068 2189 1096 2232 ::
1110 2167 1227 2234 Nihilo.
1243 2189 1271 2230 .·.·

871 2271 977 2353 Mace,
1000 2274 1169 2356 inostipio:

396 2378 464 2458 Quo
492 2383 679 2461 arpocrerrto
709 2377 809 2441 socius
838 2397 900 2440 333
930 2397 999 2440 scm
1029 2384 1057 2441 et
1083 2376 1147 2459 fur
1177 2374 1272 2440 soro?

789 2479 926 2562 foedum
950 2501 988 2543 ex
1010 2487 1038 2544 te
1059 2480 1167 2544 scium.

143 2585 214 2658 Quo
237 2586 308 2648 loco
330 2583 492 2649 indicativi
516 2604 585 2647 sum
609 2581 656 2665 (in
680 2605 773 2648 versu
798 2581 895 2665 1023)
919 2583 1105 2667 repetitione
1128 2582 1271 2647 firmatur

142 2689 284 2753 codicum
308 2689 471 2772 scriptura,
493 2685 672 2750 refutantur
695 2688 733 2767 ei,
756 2687 808 2771 qui
830 2688 891 2750 sim
913 2707 970 2770 pro
993 2706 1063 2751 som
1086 2688 1118 2751 in
1140 2710 1171 2752 v.
1189 2689 1270 2751 1022

141 2791 393 2859 substituendum
419 2812 488 2855 esso
512 2791 632 2876 opinati
654 2797 737 2855 sunt.

245 2896 296 2960 Ad
309 2895 370 2959 hoc
380 2915 481 2980 genus
494 2896 653 2981 pertinent
668 2896 766 2960 etiarn
780 2902 927 2979 pcrumst
940 2904 973 2960 ot
988 2896 1063 2977 quid
1074 2880 1174 2977 refert
1184 2896 1270 2960 locu·

141 3002 250 3075 tiones,
273 3000 330 3064 nisi
355 3000 438 3064 forte
460 3000 560 3062 mavis
584 3020 638 3064 ess
663 2998 702 3064 ad
726 3020 796 3062 earn
820 3000 1083 3082 significationem
1109 3000 1270 3082 accedere,

141 3127 222 3190 quae
234 3106 316 3170 inest
328 3105 359 3168 in
371 3102 476 3168 verbis
485 3122 576 3187 posse
588 3103 640 3167 vcl
654 3102 768 3167 debere.
793 3102 905 3166 Altera
917 3108 1022 3167 autern
1034 3102 1152 3168 locutio
1165 3110 1270 3169 exstat

141 3209 226 3274 Trin.
252 3211 333 3273 1186
397 3207 477 3271 Nom
515 3209 544 3272 ci
577 3228 639 3291 pro
672 3209 812 3291 peccatis
855 3214 974 3271 centum
1015 3207 1110 3272 ducat
1149 3211 1269 3293 uxoris,

1002 3317 1168 3395 purumst;

140 3422 173 3481 et
194 3437 295 3504 prope
317 3415 409 3479 indic.
433 3415 533 3478 futuri
556 3413 696 3498 positum

139 3520 227 3585 Pers.
240 3521 301 3586 559
314 3539 374 3603 sq.:
397 3519 489 3582 Haec
511 3518 595 3582 unde
617 3517 758 3599 aberunt,
790 3539 826 3582 ca
849 3516 924 3580 orbs
949 3520 1082 3583 moenita
1107 3540 1197 3583 muro
1220 3529 1270 3586 sot

931 3623 991 3685 erit
1012 3623 1168 3706 simpliei;

399 3725 459 3790 Vbi
472 3725 534 3810 [ec]
549 3727 695 3808 oderunt,
712 3727 904 3810 centumplex
916 3746 1026 3791 murus
1037 3726 1127 3791 rebus
1139 3748 1270 3792 seruarc-

940 3833 990 3896 dis
1006 3839 1166 3917 parumsr.

140 3938 219 4004 conf.
242 3936 282 4001 de
305 3936 353 4000 his
384 3935 531 4001 versibus
554 3933 751 3999 Studemund
783 3934 815 3998 in
838 3931 1015 4018 ‘Festgruss
1049 3933 1106 4000 der
1133 3935 1269 4020 philolo·

138 4043 270 4127 gisehen
293 4038 505 4105 Gcsellschsit
527 4060 565 4102 zu
589 4034 778 4122 Wiirzburg'
803 4039 884 4101 1888
907 4059 980 4123 pag.
1006 4043 1055 4104 75.

243 4145 292 4208 De
305 4143 401 4208 Mero.
415 4165 443 4209 r.
457 4145 518 4206 602
531 4142 626 4206 aliem
638 4143 776 4227 speciem
788 4163 862 4228 proc
874 4164 908 4207 se
922 4141 1042 4207 ferente
1054 4142 1136 4207 inire
1147 4149 1269 4227 agetur.

241 4247 353 4311 Altera
375 4246 494 4310 locutio
518 4246 595 4331 quid
617 4245 717 4327 refert
740 4246 856 4330 legitur

140 4348 325 4431 (iasllll,
344 4352 381 4412 15
405 4350 489 4430 Quid
509 4371 556 4413 me
579 4370 686 4414 amore
708 4350 818 4433 refert,
843 4351 906 4413 nisi
926 4351 984 4412 sim
999 4350 1106 4413 doctos
1127 4401 1133 4414 .
1159 4399 1167 4415 .
1192 4348 1226 4416 ..⁹
