2956 4822
659 304 749 389 [aaa]
1209 308 1270 372 ror

138 500 315 584 aptissime.
364 498 450 563 Dum
480 499 564 562 euim
597 498 659 562 uici
682 498 726 562 illi
750 519 821 563 cum
845 497 1040 584 Megalopoli
1072 498 1269 583 synoecismo

136 604 290 669 coniuncti
321 610 429 684 erant,
459 603 563 667 uicani
586 604 736 666 nimirum
759 602 1008 688 Megalopolitae
1032 611 1139 685 erant,
1172 605 1271 668 omni-

135 707 257 792 busque
282 707 396 771 horum
418 707 540 771 iuribus
556 707 754 773 fruebantur.
800 707 1030 792 Philopoemen
1048 713 1154 772 autem
1173 729 1271 771 unum

136 811 313 876 membrum
336 812 583 896 sympoliticum‚
606 810 690 896 quod
714 813 799 875 iusto
824 812 925 874 maius
948 833 1019 876 esse
1037 811 1217 892 uidebatur,
1239 812 1271 874 in

136 915 310 999 compluria
326 916 447 980 minore
463 915 582 997 diuisit,
599 915 683 998 quod
701 935 892 1000 quamquam
907 915 983 979 satis
995 915 1162 980 arbitrario
1176 913 1270 979 modo

137 1018 254 1084 lactum
279 1039 350 1084 esse
374 1017 509 1101 uidetur,
531 1027 639 1083 tamen
664 1040 704 1083 ex
727 1040 766 1084 ea
790 1041 823 1083 re
854 1019 936 1083 effici
966 1040 1029 1082 nou
1057 1026 1173 1104 potest,
1203 1018 1271 1083 iure

31 1120 37 1143 ¹
136 1123 250 1188 ciuium
279 1123 557 1207 sympolitieorum
588 1123 731 1207 priuatos
762 1128 857 1187 autea
887 1122 983 1203 fuisse
1014 1122 1270 1208 Aliphaereuses,

138 1228 366 1314 Gortynenses‚
397 1235 536 1293 ceteros:
567 1248 628 1292 non
661 1228 761 1312 magis
792 1249 889 1313 quam
921 1229 951 1292 in
984 1236 1093 1293 nostro
1123 1225 1269 1312 exemplo

135 1333 312 1398 Pereenses
341 1322 500 1397 communi
524 1333 714 1397 Aetolorum
743 1332 812 1398 iure
843 1333 960 1417 priuati
990 1338 1073 1397 suut.
1098 1332 1270 1416 —Atque

135 1438 230 1503 etiam
256 1460 274 1501 e
297 1435 465 1515 Messenia,
490 1457 561 1501 cum
584 1435 741 1502 seditione
764 1437 849 1501 laete
872 1439 987 1501 iterum
1004 1436 1166 1501 Achaicae
1187 1457 1270 1521 sym·

136 1542 266 1627 politiae
289 1541 532 1619 adscriberetur,
560 1547 666 1626 partes
688 1542 846 1628 quaedam
873 1547 1040 1626 separatae
1071 1549 1104 1605 et
1132 1541 1164 1604 in
1196 1539 1271 1603 ciui·

136 1647 250 1711 tatium
273 1648 545 1732 sympoliticarum
561 1646 691 1710 modum
708 1648 900 1711 constitutae
916 1652 991 1712 suut
1006 1645 1134 1731 (Polyb.
1150 1642 1271 1708 XXIII

140 1754 176 1815 lt
195 1750 308 1835 [XXV
321 1755 333 1814 l
348 1750 409 1835 sq]
425 1751 442 1832 ξ
455 1755 468 1815 l
482 1751 553 1836 sq),
569 1749 655 1814 Abia
670 1750 789 1816 scilieet
804 1758 836 1816 et
852 1750 972 1815 Thuria
986 1756 1018 1813 et
1032 1749 1169 1829 Pherae,
1183 1748 1269 1834 quod

134 1855 210 1921 ideo
231 1857 352 1920 fectum
375 1862 432 1937 est,
456 1860 491 1918 ut
506 1855 749 1932 Messeniorum,
774 1855 888 1939 quibus
904 1855 974 1919 iure
989 1876 1048 1919 suo
1068 1854 1174 1920 minus
1196 1873 1270 1917 con·

136 1960 256 2025 fidebat
272 1961 426 2045 Lycortas
449 1965 578 2045 praetor
602 1958 815 2040 Achaeorum,
838 1960 1010 2024 auctoritas
1032 1958 1270 2037 diminueretur,

136 2087 217 2130 neue
245 2064 270 2128 si
302 2062 384 2128 forte
408 2064 522 2126 iterum
552 2085 571 2127 a
603 2064 761 2127 communi
786 2063 970 2148 sympolitia
992 2062 1179 2140 deficerent,
1201 2061 1271 2125 illas

137 2169 281 2234 ciuitates
305 2189 412 2232 secum
435 2168 611 2233 traherent.

238 2272 283 2336 Ut
305 2271 402 2355 igitur
425 2271 626 2356 sympolitiae
649 2269 792 2336 membra
814 2270 974 2335 interdum
998 2270 1042 2335 ita
1065 2269 1167 2334 diuisa
1185 2277 1270 2353 sunt,

137 2380 172 2438 ut
193 2381 300 2458 partes
315 2375 347 2438 in
366 2373 493 2439 modum
510 2374 686 2439 ciuitatium
703 2375 974 2461 sympoliticarum
990 2375 1269 2458 constituerentur,

136 2479 181 2541 sic
204 2478 362 2542 contraria
383 2478 508 2543 ratione
532 2479 679 2544 ciuitates
702 2479 923 2565 sympolitioae
947 2477 1031 2543 duae
1059 2485 1207 2564 poterant
1237 2481 1269 2542 iu

136 2603 230 2646 unam
254 2581 407 2664 contrabi,
438 2585 528 2648 cuiue
551 2585 598 2648 rei
621 2592 653 2649 et
680 2584 730 2649 hic
758 2590 791 2648 et
823 2585 853 2649 iu
881 2592 976 2668 pacto
1008 2584 1208 2649 Stirieusium
1238 2590 1270 2647 et

136 2681 378 2752 Medeouiorum
403 2688 549 2773 exempla
573 2689 604 2752 iu
628 2689 772 2753 manibus
796 2688 959 2754 habemus.

239 2790 331 2856 Haec
353 2792 475 2859 scilieet
504 2793 761 2859 Melitaeensium
789 2799 822 2857 et
851 2792 1062 2859 Perseusium
1092 2792 1270 2878 sympolitia

136 2897 233 2960 artior
256 2904 323 2960 erat
351 2918 446 2982 quarn
470 2897 646 2962 communis
677 2897 860 2983 sympolitia
890 2897 1089 2978 Aetolorum,
1119 2919 1224 2983 neque
1250 2919 1269 2961 a

135 3000 334 3085 synoecismo
350 3001 448 3085 longe
464 3000 602 3066 diuersa.
627 3002 798 3076 Quadere
813 3002 1000 3068 infrenabis
1017 3002 1077 3067 erit
1088 3000 1267 3068 dicendum.

239 3104 334 3169 Nunc
356 3126 513 3190 quaenam
537 3106 655 3170 luerint
677 3106 750 3171 illae
765 3108 910 3172 ciuitates
934 3116 966 3172 et
983 3108 1036 3171 ubi
1052 3106 1169 3172 luerint
1189 3109 1270 3172 sitae

136 3230 335 3297 quaeramus.
383 3211 527 3284 Quarum
550 3211 650 3276 altera
674 3213 929 3299 exscriptorum
958 3218 1101 3276 ueterum
1133 3232 1269 3277 comme·

136 3315 313 3381 moratione
337 3320 415 3379 nota
438 3322 496 3380 est.
543 3315 604 3388 Qui
628 3316 696 3381 fere
715 3318 846 3383 omnes¹
872 3317 1040 3381 Μελίτειαν
1065 3337 1134 3380 eam
1152 3315 1269 3396 dicunt,

135 3437 217 3502 quae
240 3418 339 3484 forma
363 3420 394 3482 in
419 3426 528 3484 nostro
554 3420 645 3486 titulo
670 3428 720 3486 est
742 3444 772 3486 v.
798 3424 906 3504 aulai,
939 3419 1269 3507 praeterquamquod

134 3521 165 3585 in
189 3521 403 3607 Thucydidis²
427 3530 459 3588 et
479 3524 833 3590 Pseudo-Dicaearchi³
855 3533 886 3590 et
909 3525 1100 3611 quibusdam
1116 3524 1269 3590 Diodori⁴

134 3626 295 3692 codicibus
329 3628 446 3712 legitur
480 3630 629 3706 Μιληίας
662 3636 694 3694 et
725 3631 893 3713 Μελιτίαν,
927 3629 1012 3715 apud
1044 3629 1267 3696 Ptolemaeum

239 3856 247 3890 ¹
261 3853 428 3923 Theopomp.
439 3854 512 3919 apud
526 3854 618 3920 Steph.
629 3855 692 3921 Bya.
704 3870 724 3906 a.
736 3871 760 3906 v.
789 3854 884 3922 Polyb.
897 3855 921 3905 V
935 3854 968 3907 97
981 3852 1104 3922 (quidam
1119 3853 1180 3905 cod.
1195 3854 1267 3905 male

133 3938 290 4006 Marmar).
326 3939 425 3992 Strabo
444 3941 486 3993 1x
505 3956 531 4006 p.
549 3939 609 3993 434.
646 3940 727 3992 Diod.
748 3939 789 4006 18,
811 3939 886 4005 15‚1
913 3938 986 4006 (cod.
1006 3941 1068 3992 Par.
1087 3956 1155 3993 unns
1175 3939 1268 4004 reete).

134 4025 350 4080 proamitae.
387 4026 466 4079 Philo
485 4043 528 4093 ap.
548 4027 640 4094 Steph.
660 4028 726 4094 Byr.
763 4026 797 4079 cf.
817 4024 1050 4093 elongabatur.

236 4113 306 4166 aly
325 4111 358 4166 78
376 4113 425 4166 bis.

238 4200 248 4235 ³
267 4199 369 4267 Geogr.
389 4200 436 4254 Gr.
449 4201 542 4253 MinI
560 4217 586 4268 p.
600 4199 650 4254 109
669 4199 822 4265 (Mueller),
841 4217 921 4268 quam
935 4201 1079 4254 lectionem
1098 4200 1170 4254 idem
1183 4199 1270 4254 Muel-

140 4295 213 4349 01rus
231 4304 286 4339 uon
306 4289 419 4341 adnotat
438 4286 608 4340 adeundam
628 4288 719 4341 locum
739 4287 765 4340 in
784 4285 859 4340 FHG
878 4285 984 4343 11264.

242 4373 301 4427 ⁴11.
320 4389 342 4428 e.
361 4374 448 4428 ceteri
466 4372 583 4429 codices.
