2956 4822
209 316 268 379 112
728 309 818 394 [208]

207 506 336 569 ensibus
359 504 481 567 fecisse.
521 503 587 567 Res
603 511 706 566 tumen
725 503 902 586 composita
919 511 968 566 est
984 524 1021 566 eo
1037 502 1142 584 modo,
1160 510 1197 565 ut
1214 505 1345 589 utrique

204 611 234 672 in
254 609 422 673 concilium
439 628 605 671 commune
620 608 812 671 Aetolorum
829 608 1130 691 compromitterent.
1156 606 1228 671 Hoc
1244 608 1345 691 igitur

86 747 89 751 «
204 712 339 776 arbitros
362 712 493 775 creauit.

306 921 377 1001 §A
423 918 587 982 Monuisse
609 917 671 982 hoc
699 917 770 981 loco
801 917 934 1000 iuuabit,
966 939 1003 981 cn
1034 938 1116 1004 quae
1145 917 1185 982 de
1216 918 1341 984 iudiciis

203 1023 410 1111 sympoliticis
445 1021 572 1106 quidam
609 1027 810 1100 censuerunt,
842 1021 902 1084 hnc
933 1021 1027 1085 titulo
1051 1043 1113 1085 non
1149 1023 1341 1087 confirmari.

203 1130 300 1194 Milll
323 1128 424 1192 Moicr
448 1127 530 1189 enim
554 1133 589 1190 ut
612 1127 697 1189 huno
720 1125 824 1188 solum
853 1128 946 1190 citcm
976 1127 1079 1189 uirum
1111 1127 1187 1189 iuris
1217 1128 1339 1210 publici

204 1233 397 1297 Graecorum
416 1231 639 1316 peritissimum
656 1230 686 1291 in
703 1227 810 1293 libello
827 1250 921 1313 quem
939 1230 1112 1313 inscripsit:
1137 1230 1198 1293 Dic
1216 1230 1341 1294 Privat-

201 1335 446 1402 schiedsrichtor
463 1333 526 1396 und
544 1333 747 1398 offenttichen
763 1332 934 1429 Diaotetcp
952 1335 1087 1415 Athens,
1112 1334 1141 1398 iu
1161 1342 1251 1417 parte
1267 1334 1340 1399 lll:

202 1441 263 1506 Die
290 1438 627 1522 Austraegalgerichte
658 1438 709 1502 bei
741 1437 801 1501 den
826 1437 1001 1503 Gricclrcn:
1033 1440 1223 1503 sententium
1258 1439 1340 1502 dixit

200 1545 231 1608 in
261 1545 345 1608 hune
375 1542 523 1607 modum:
558 1542 638 1623 „Am
671 1549 775 1606 ersten
809 1543 918 1606 hutten
950 1542 1031 1608 noch
1062 1544 1125 1610 den
1157 1542 1340 1608 Charoktcr

200 1647 386 1713 bleibender
400 1646 739 1731 Austracgnlgerichte
757 1644 807 1708 die
825 1646 874 1709 bei
892 1645 952 1710 den
976 1647 1221 1712 verschiedcnen
1240 1646 1338 1723 κοινά,

200 1749 380 1835 συστήματα
403 1750 467 1814 und
491 1749 655 1814 συντέλειαι
681 1749 866 1813 vorlranden
894 1770 1083 1834 geweseucu
1113 1750 1336 1814 richterliclrcn

199 1854 378 1936 luctamen,
402 1853 557 1917 nutiirliclr
582 1872 643 1916 nur
665 1850 716 1916 fur
732 1851 783 1916 die
800 1874 836 1915 zu
855 1853 963 1916 diesen
980 1852 1140 1917 Vereinen
1157 1854 1336 1938 gelrdrigcn

199 1957 358 2022 Staatcn.“
407 1957 505 2020 Addit
529 1957 589 2020 hoc
612 1956 763 2020 iudicium
780 1956 867 2040 apud
883 1958 1032 2021 Achaeos
1056 1964 1087 2020 et
1103 1958 1237 2021 Aetolos
1260 1978 1336 2022 oon·

198 2061 304 2124 cilium
327 2082 492 2125 commune
516 2062 617 2146 ipsum
639 2062 827 2125 exercuisse.
874 2060 935 2124 Sed
960 2061 1108 2145 exempla
1123 2083 1186 2125 uon
1205 2068 1335 2125 exstant

197 2166 311 2250 quibus
335 2167 496 2251 probetur,
521 2165 653 2228 concilia
670 2166 850 2229 communia
867 2165 1069 2231 Achaeorum
1093 2175 1125 2230 ct
1142 2166 1334 2231 Aetolorum

196 2273 268 2335 lites
291 2269 373 2333 inter
396 2271 540 2333 ciuitates
569 2269 784 2354 sympoliticas
815 2281 903 2333 ortus
934 2269 1169 2335 diiudicuuisse.
1217 2269 1333 2355 Neque

195 2373 281 2459 apud
299 2373 446 2437 Achaeos
471 2374 641 2437 concilium
664 2394 831 2437 commune
848 2374 975 2437 uidetur
991 2375 1094 2438 iudicii
1113 2375 1183 2439 loco
1203 2377 1332 2440 omnino

194 2479 304 2559 fuisse,
328 2496 521 2563 quamquem
542 2476 693 2540 iudicium
708 2476 942 2561 sympolitieum
958 2477 999 2540 itn
1017 2499 1088 2541 oum
1106 2479 1239 2543 concilio
1256 2501 1331 2543 eon·

195 2584 336 2648 iunctum
362 2589 439 2663 erut,
462 2588 497 2644 ut
522 2582 666 2646 nonnisi
691 2583 759 2645 eius
782 2583 868 2645 iussu
894 2583 1152 2648 constitueretur.
1200 2584 1236 2646 In
1268 2585 1331 2648 hoc

194 2687 310 2752 iudicio
334 2693 438 2749 actum
464 2707 533 2749 csse
557 2687 588 2749 in
613 2707 669 2750 cos
701 2687 754 2770 qui
784 2686 870 2772 leges
901 2708 1084 2751 communes
1112 2687 1330 2771 sympoliticas

195 2791 375 2867 uiolassent,
397 2791 505 2853 multis
529 2791 685 2874 exemplis
710 2793 938 2875 cognoscimus,
962 2791 1058 2855 nullis
1082 2800 1188 2856 tamen
1212 2793 1242 2855 in
1268 2792 1331 2856 hoc

194 2894 309 2959 iudicio
334 2896 406 2959 lites
431 2895 605 2959 ciuitatium
630 2894 817 2960 diiudicatae
842 2918 921 2961 csso.

298 2998 392 3084 Apud
410 2998 542 3062 Aetolos
558 3020 620 3062 uon
645 3019 734 3062 secus
758 3007 854 3084 atque
874 3000 957 3086 apud
974 3001 1122 3084 Achpcos
1145 3009 1327 3084 praetorem

193 3103 296 3165 iudicii
322 3102 488 3185 iyyrporr'nv
504 3101 664 3183 habuisse,
681 3111 827 3167 senatum
845 3112 952 3168 nutem
968 3105 998 3170 in
1017 3105 1206 3191 quibusdam
1223 3106 1328 3167 causis

192 3206 298 3269 iudicii
314 3207 385 3271 loco
402 3206 510 3287 fuisso,
527 3215 661 3291 apparot
677 3207 829 3291 imprimis
842 3230 883 3270 ex
896 3229 932 3272 co
947 3208 1039 3272 titulo
1053 3209 1105 3292 qui
1120 3216 1168 3270 cst
1181 3207 1326 3274 Dittcnb.

192 3308 267 3394 Syll.
283 3332 314 3375 n.
332 3312 395 3375 215
413 3335 443 3376 v.
462 3314 503 3374 ‘20
520 3334 565 3396 sq.
582 3310 649 3390 (ubi
675 3311 714 3374 de
738 3311 851 3375 luounn
875 3319 961 3376 recto
986 3312 1112 3394 expleta
1129 3331 1189 3376 uon
1208 3318 1255 3376 est
1271 3334 1329 3376 cur

172 3412 400 3494 dubitemus).
448 3413 496 3478 Of.
522 3414 595 3478 OIG
621 3415 714 3479 2350.
740 3414 824 3476 3046
842 3413 945 3476 :Le
969 3414 1041 3494 Bas,
1072 3415 1148 3478 Asio
1175 3414 1249 3480 Min.
1274 3417 1327 3478 85.

295 3518 367 3581 Alia
398 3520 521 3583 ratione
552 3520 581 3581 in
614 3526 723 3581 nostru
755 3538 851 3581 causa
881 3527 987 3581 notum
1020 3525 1077 3583 est.
1123 3518 1211 3581 Lites
1241 3520 1325 3582 onim

191 3620 367 3685 ciuitatium
400 3622 614 3686 Aetolionrum
652 3621 802 3685 iudicium
837 3623 1085 3706 sympolitieum,
1120 3631 1154 3685 ut
1186 3622 1326 3702 uidetur,

190 3724 363 3789 diiudicare
408 3745 470 3790 non
518 3727 694 3791 consueuit.
751 3725 854 3789 Immo
901 3725 1059 3789 urbitrosl
1105 3727 1195 3789 datos
1242 3748 1324 3807 csse,

190 3850 379 3914 quamquam
419 3835 558 3894 δικασταί
595 3832 817 3915 appellantur,
855 3831 948 3914 plano
987 3839 1122 3915 apparet
1160 3852 1177 3894 e
1217 3833 1323 3895 uerbis

189 3931 236 4012 (v.
262 3936 280 3997 2
304 3936 365 4019 sq.)
397 3934 502 3998 αὐτῶν
531 3933 787 4018 ἐπιχωρησαίτων
809 3936 840 4009 ἐξ
864 3931 1030 4015 ὁμολόγων.
1078 3933 1172 4007 Quod
1196 3955 1266 3998 eum
1291 3938 1322 3999 ln

187 4036 305 4100 iudicio
329 4039 469 4122 legitimo
501 4040 579 4103 sutis
609 4039 769 4103 insolitum
796 4040 918 4119 fuisset,
949 4039 1161 4102 necessarium
1193 4047 1262 4102 crat
1292 4042 1322 4103 in

187 4193 392 4202 ——---.

292 4281 300 4314 ¹
322 4279 402 4330 Erret
422 4280 567 4346 Ussingins
586 4280 631 4348 qui
653 4282 811 4333 Aetolorum
831 4282 882 4333 troc
903 4280 1032 4333 iudicium
1053 4297 1111 4333 csso
1132 4279 1212 4333 dicit:
1235 4281 1312 4335 Grio-

187 4365 296 4417 chinchc
315 4366 415 4418 Rciren
435 4367 489 4418 und
509 4366 623 4420 Studien
648 4384 673 4434 p.
694 4366 752 4421 120.
