2954 4816
683 297 752 383 [er]
1259 300 1277 364 r

142 494 195 574 58,
224 497 249 574 l,
272 513 319 577 pr.
350 493 414 556 nisi
442 493 654 554 iuramentum
683 492 972 574 praestaverit
997 488 1009 572 b
1034 492 1090 571 58,
1120 491 1153 566 2,
1177 492 1218 553 3·
1249 489 1278 553 si

144 598 356 662 iuramentum
396 595 670 678 praestiterit
693 594 705 674 ΙΙ
736 592 767 656 V
805 596 864 675 27,
903 596 960 676 11,
996 615 1043 679 pr.
1087 595 1278 658 occasionem

141 701 445 784 praestiterant
461 697 536 778 ttVI
560 701 611 776 22,
636 701 676 763 12
697 700 924 763 immanitatem
945 699 1189 782 praestavit.

245 804 278 884 3)
296 803 429 887 perinde
533 824 572 866 ac
594 804 622 868 si
644 803 864 888 (properinde
886 796 1155 888 ac)112‚1';11
1182 804 1276 885 1‚33;

146 911 193 991 12,
206 929 266 993 pr.;
291 907 377 988 23,6
403 912 589 992 usurpatum
613 914 724 972 extare
748 907 903 973 Huschke
927 908 1005 972 scite
1027 906 1276 971 animadvertit.¹

142 1011 180 1076 Id
211 1032 308 1075 unum
338 1009 440 1092 addo,
470 1009 504 1073 II
535 1013 636 1089 23,5
668 1007 725 1093 (=
755 1009 817 1075 Gai
845 1011 917 1076 inst.
943 1007 1078 1094 11254)
1110 1029 1277 1075 occurrere

139 1115 272 1199 perinde
376 1121 468 1199 atqne
490 1114 712 1180 coniunctione
736 1116 765 1179 si
786 1135 848 1178 non
873 1115 992 1180 addita.

244 1217 279 1297 4)
302 1218 433 1304 Legitur
462 1218 496 1283 ΙΙ
528 1221 566 1299 5,
600 1220 632 1282 2:
666 1216 746 1282 Item
775 1220 803 1282 is
831 1220 885 1303 qni
913 1219 1039 1282 aedium
1067 1238 1160 1281 nsum
1186 1216 1276 1282 habet

141 1322 344 1386 hactenns
365 1323 474 1386 iuris
495 1320 607 1386 babere
629 1323 836 1407 inteltepitnr,
865 1330 900 1386 nt
923 1324 989 1406 ipse
1011 1327 1135 1387 tantum
1161 1320 1276 1386 habitet

140 1425 172 1490 id
185 1434 234 1491 est
246 1428 290 1490 ‘eo
305 1447 407 1510 usque
418 1425 536 1490 habere
550 1426 745 1510 intellegitur
754 1423 954 1511 potestatem'
964 1424 1086 1509 (μέχρι
1102 1424 1275 1489 τοσούτου

142 1538 249 1594 rasicae
276 1531 444 1612 παρρησίαν
467 1529 567 1614 ἔχειν).
620 1529 716 1594 Hune
748 1552 841 1595 usum
871 1531 956 1595 noeis
982 1531 1133 1594 hactenns
1140 1579 1150 1611 ,
1181 1537 1217 1593 ut
1246 1529 1275 1594 ei

140 1633 306 1717 genetivus
329 1633 531 1717 adiungatur,
562 1633 594 1696 in
617 1632 845 1717 posterioribus
872 1633 960 1697 libris
988 1633 1106 1697 frustra
1130 1652 1274 1717 quaeras.

140 1737 214 1802 Uno
238 1758 300 1822 quo
324 1737 356 1800 in
380 1736 428 1800 his
451 1743 540 1800 extat
563 1737 631 1800 loeo
655 1735 706 1800 III
730 1738 759 1817 6,
784 1740 800 1801 7
834 1736 991 1820 significat
1013 1732 1122 1820 ‘usque
1152 1734 1191 1799 ad
1215 1735 1274 1799 hos

140 1840 284 1924 gradus';
319 1839 450 1921 singulis
481 1839 564 1903 enim
596 1876 634 1886 -
666 1848 742 1904 sunt
771 1846 878 1904 autem
910 1861 967 1904 sex
1003 1880 1041 1890 -
1074 1838 1274 1923 cognationis

140 1943 291 2028 gradibus
321 1943 514 2007 enumeratis
553 1943 614 2006 hoo
652 1940 747 2008 modo
778 1945 885 2028 pergit
917 1944 1034 2008 oratio:
1076 1943 1275 2008 hactenns

142 2048 311 2112 ostendisse
340 2046 494 2130 sufficiet,
516 2047 775 2131 quenadmodum
805 2048 929 2131 predas
952 2049 1149 2131 copnationia
1171 2068 1274 2112 nurne-

142 2159 254 2217 rentnr
281 2153 385 2231 (ἀρκεῖ
408 2148 528 2232 μέχρι
560 2149 707 2214 τούτων
733 2150 898 2229 ἀποδεῖξαι,
932 2157 996 2216 τίνοι
1027 2150 1141 2232 τρόπον
1169 2153 1196 2215 οἱ
1220 2154 1274 2234 τῆς

141 2255 314 2338 συγγενείας
332 2253 537 2335 ἀριθμοῦνται
560 2253 707 2338 βαθμοί).

243 2359 277 2442 6)
300 2359 434 2443 Legitur
450 2358 466 2422 I
484 2360 500 2421 7
517 2358 712 2423 libertatibus
727 2360 1009 2443 impedientem
1025 2367 1056 2424 et
1071 2361 1273 2445 impediat

139 2463 292 2545 libertati,
322 2463 375 2528 ubi
405 2463 556 2548 impedire
585 2462 668 2527 idem
700 2464 858 2548 significat
889 2474 985 2550 atque
1015 2464 1154 2547 obstare,
1186 2466 1273 2551 quod
1396 2516 1398 2521 ⁴

142 2569 290 2649 verbum,
328 2587 399 2631 eum
437 2567 469 2629 in
508 2567 668 2651 prioribus
704 2567 792 2632 libris
831 2568 930 2649 desit,
972 2569 1004 2632 in
1042 2570 1272 2654 posterioribus

139 2671 250 2737 eodem
272 2692 368 2736 sensu
392 2693 454 2756 quo
477 2671 554 2735 iliud
577 2672 728 2756 impedire
752 2680 940 2758 usurpetur:
975 2672 1027 2737 III
1054 2678 1084 2757 1,
1110 2676 1149 2738 13
1172 2676 1201 2737 si
1222 2696 1272 2739 ne·

138 2797 195 2860 qne
217 2777 268 2840 sni
289 2775 415 2839 heredes
436 2775 526 2842 tiberi
548 2797 644 2862 neque
666 2778 858 2861 emancipati
879 2777 1037 2843 obstent
1061 2785 1092 2841 et
1115 2777 1163 2842 IV
1189 2781 1270 2858 13,9

138 2881 328 2964 exceptiones
350 2901 429 2965 qnae
444 2901 565 2964 semper
581 2880 744 2965 apentibns
761 2880 802 2945 ab
812 2888 933 2946 stant.
963 2881 1107 2945 Verbum
1122 2883 1273 2966 impedire

138 2992 245 3048 autem
269 3004 341 3047 oum
364 2983 471 3047 dativo
496 2984 699 3049 coniunctum
716 2986 748 3048 in
771 2985 857 3049 libris
880 2985 932 3049 111
948 2991 980 3048 et
995 2985 1043 3048 IV
1060 3009 1121 3051 non
1142 2987 1270 3071 legitur.

671 3191 695 3274 s
712 3194 740 3257 2.

241 3328 335 3394 Haec
358 3331 505 3414 exempla
526 3330 683 3396 delibasse
706 3334 758 3396 vei
781 3333 888 3419 potius
917 3334 1072 3404 indicasse
1104 3347 1271 3408 contentus

139 3441 206 3498 erat
230 3432 399 3513 Huschke,
428 3440 464 3497 ut
492 3435 644 3519 probaret
675 3437 770 3500 etiam
793 3438 824 3502 in
849 3460 909 3504 usu
931 3441 1079 3527 loquendi
1102 3445 1269 3531 utriusque

137 3539 235 3623 partis
260 3537 470 3602 differentiam
492 3539 590 3603 statui
612 3560 707 3624 posse
731 3541 778 3625 tin
801 3542 998 3627 praefatione
1021 3568 1093 3632 pag.
1116 3548 1191 3629 IX).

240 3639 341 3705 Nobis
371 3662 455 3706 nune
476 3643 698 3728 inquirendum
730 3651 795 3727 est,
827 3669 903 3712 num
926 3648 1166 3717 Institutionum
1195 3675 1270 3722 usus

135 3745 286 3830 loquendi
309 3747 458 3811 maiorem
482 3747 702 3832 exemplorum
727 3751 850 3836 copiam
868 3752 1028 3836 exhibeat,
1051 3757 1164 3840 quibus
1187 3779 1270 3844 qnae

136 3849 294 3914 Huschke
317 3852 428 3914 statuit
444 3850 680 3919 confirmentur.
718 3853 815 3921 Certe
830 3877 890 3921 nee
904 3859 1044 3923 sterilem
1057 3881 1116 3924 nee
1130 3859 1269 3928 ieiunam

135 3953 216 4018 hane
247 3956 414 4019 materiam
436 3956 589 4040 selegisse
613 3956 705 4022 nobis
728 3959 880 4045 videmur,
903 3961 935 4026 in
960 3984 1023 4048 qna
1053 3964 1162 4030 tironis
1187 3967 1268 4033 uires

137 4058 364 4143 experiremur.

239 4273 247 4305 ¹
267 4251 316 4323 etr.
337 4274 419 4324 etiam
439 4274 656 4327 Studsmundum
682 4276 708 4327 in
734 4278 907 4343 praefatione
932 4277 967 4330 ad
987 4280 1038 4333 Gai
1061 4281 1267 4335 Institutionum

137 4354 283 4410 aditionem
304 4357 416 4410 alteram
436 4359 474 4426 (a.
496 4358 574 4426 1884)
592 4376 654 4428 pag.
674 4363 722 4414 xl.
