3030 4816
669 290 761 379 [aar]
1241 297 1280 362 21

257 487 337 553 Cum
361 483 420 569 ἐγώ
443 485 629 573 pronomine
654 493 685 550 at
710 487 743 550 in
777 487 865 570 poesi
899 492 932 553 et
957 487 989 551 in
1019 507 1114 572 prosa
1145 490 1286 555 oratione

152 614 248 659 uoces
272 587 349 670 olda,
373 587 456 671 οἶμαι
478 592 663 655 coalescunt
684 592 716 655 in
739 586 849 679 ἐγῷδα,
872 585 998 679 ἐγῷμαι.
1027 659 1030 665 ,

255 693 284 764 6.
308 718 332 758 ω
350 699 385 770 4
406 717 438 757 eu
455 724 492 748 =
510 716 561 757 ou.
593 693 742 778 ωὖριπίδη
758 696 813 759 Α1.
830 694 957 762 Thesm.
974 700 994 760 4
1010 717 1067 781 pro
1085 691 1109 761 ui
1125 697 1286 783 Εὐριπίδη.

257 801 406 867 Ceterum
432 797 601 883 aliquando
633 820 737 863 erasas
766 799 919 883 duplices,
952 801 972 864 i.
1008 822 1035 864 e.
1065 802 1287 868 commissuras

153 905 247 968 trium
278 904 433 970 uocalium
463 904 515 968 uel
547 903 817 987 diphthongorum
850 903 935 988 apud
968 905 1129 970 scaenicos
1161 906 1286 973 Atticos

153 1015 333 1073 statuerunt
368 1007 511 1071 homines
543 1006 643 1070 docti:
683 1011 717 1070 ut
741 999 1048 1094 χᾶνδρεςΑτὼγε.
1072 1010 1288 1094 511461οκ66

152 1111 178 1175 οἱ
201 1109 307 1193 ἄνδρες
330 1111 490 1194 Reisigins
522 1131 580 1195 pro
612 1109 754 1175 codicum
777 1110 911 1175 lectione
934 1104 1074 1195 κᾶνὸρες,
1101 1111 1164 1196 gria
1186 1113 1285 1198 Soph.

152 1215 190 1280 Ο.
214 1214 249 1281 0.
275 1219 313 1280 13
336 1236 394 1300 pro
419 1216 465 1278 καὶ
490 1213 509 1277 ἃ
532 1212 571 1276 ἄν
592 1214 761 1279 Elmsleius
785 1214 916 1299 aliique,
949 1216 1003 1279 ubi
1026 1216 1152 1282 codices
1177 1239 1286 1282 omnes
1381 1247 1387 1257 ·

153 1319 304 1385 exhibent
326 1316 364 1382 ἅν
386 1320 404 1380 i.
427 1340 454 1383 e.
478 1314 497 1379 d
521 1313 567 1380 ἄν.
593 1355 631 1361 -
657 1317 748 1391 Quae
772 1338 876 1383 erasos
906 1317 1047 1401 duplices
1080 1340 1152 1383 cnrn
1182 1343 1311 1407 neque¹

153 1421 288 1487 traditae
311 1422 374 1487 siut
396 1442 499 1506 neque
521 1421 613 1487 facilc
637 1419 763 1485 defendi
786 1421 918 1505 possint,
949 1419 1093 1487 codicum
1116 1424 1285 1489 lectionem

153 1534 287 1613 utroque
308 1528 379 1591 loco
403 1526 535 1591 retineo.

257 1686 326 1749 Iam
350 1683 487 1768 reliquas
509 1682 711 1767 perlustrabo
735 1682 896 1763 dialectos,
919 1704 998 1768 quas
1021 1692 1053 1749 et
1083 1705 1154 1749 curn
1176 1687 1284 1751 Attica

156 1799 188 1855 et
210 1793 291 1855 inter
313 1811 349 1854 sc
370 1810 423 1852 me
446 1794 703 1872 comparaturum
726 1808 797 1851 csse
819 1788 977 1870 pollicitus
1001 1810 1079 1853 sum.

270 1920 295 1984 Ι.
327 1943 357 1996 α,
388 1942 428 1995 αι,
457 1941 478 2002 cp
507 1940 593 1982 cnm
624 1918 903 2003 sequentibus
935 1919 1165 1986 noualibus.

256 2048 283 2117 l.
308 2072 337 2123 α,
358 2072 396 2123 αι,
416 2071 437 2133 cp
459 2056 495 2125 -l
518 2071 538 2111 α
560 2078 596 2102 =
620 2071 640 2111 a
662 2049 694 2112 in
716 2046 858 2113 Attica
882 2049 1086 2115 dialecto:
1110 2051 1148 2116 cf.
1173 2046 1287 2131 τᾶθλα,

157 2154 334 2236 τᾰναγκαῖα,
372 2150 576 2235 τάκρωτήρια,
613 2150 718 2235 ἀρχαί,
756 2150 907 2232 κάγαθός,
947 2150 1004 2215 κᾶν
1040 2161 1072 2218 et
1108 2154 1140 2218 in
1175 2163 1288 2247 κοινῇ

155 2259 354 2323 dialecto:
379 2255 558 2336 τάξιούμενα
581 2256 617 2323 O.
641 2257 666 2322 Ι.
690 2258 727 2320 G.
752 2257 845 2337 3137,
862 2259 912 2322 98.
948 2253 1072 2341 τᾶρχεῖα
1088 2257 1136 2322 Le
1152 2258 1284 2325 Bas-W.

155 2363 207 2427 ΙΙΙ
229 2364 281 2442 86,
305 2364 345 2426 65
369 2383 421 2446 pg.
446 2364 497 2427 31.

255 2464 384 2550 κάσαφῆ
406 2463 538 2528 616.
563 2466 657 2545 4741,
680 2466 699 2527 9
723 2464 754 2528 in
778 2465 983 2549 inscriptione
1001 2465 1132 2529 metrica
1149 2468 1284 2530 KAIA·

153 2574 276 2634 >24le
298 2575 474 2648 exaratum,
497 2566 552 2631 scd
578 2569 668 2631 metri
692 2589 786 2632 causa
811 2568 905 2632 orasis
929 2568 1106 2634 necessaria
1137 2578 1194 2634 est.
1225 2568 1282 2633 uda

154 2675 189 2740 O.
205 2675 230 2738 Ι.
248 2673 285 2738 G.
303 2674 396 2751 2953,
412 2674 450 2752 4,
468 2673 563 2751 3332,
579 2672 615 2752 8,
632 2673 726 2739 3916.
746 2674 795 2736 17.
812 2669 966 2754 satyricam
979 2670 1014 2736 C.
1028 2673 1054 2736 Ι.
1068 2671 1106 2737 G.
1123 2674 1217 2754 6208,
1237 2675 1285 2739 10.

153 2775 237 2845 κᾶλλ’
260 2777 295 2842 Ο.
319 2777 345 2841 Ι.
368 2776 406 2839 G.
431 2776 524 2854 6219,
549 2777 578 2838 2.
601 2773 693 2862 adligo
718 2773 752 2840 0.
770 2773 851 2839 1.(1.
876 2776 969 2854 6243,
994 2777 1022 2838 2.
1046 2772 1125 2839 κὰπό
1150 2775 1185 2843 Ο.
1202 2777 1228 2840 Ι.
1245 2775 1285 2841 G.

154 2888 238 2949 2134
268 2882 287 2946 b
319 2883 370 2946 23.
415 2877 634 2943 κᾶποθανοῦσα
665 2879 700 2945 C.
724 2879 749 2943 I.
777 2880 816 2946 G.
849 2881 943 2964 2439,
974 2883 1003 2945 9.
1048 2879 1187 2963 κάγαθός
1217 2902 1287 2944 sae-

153 2989 289 3074 pissime.
334 2981 523 3069 prloaaiyalla'
546 2983 591 3046 Le
616 2981 751 3048 Bas-W.
774 2984 808 3047 II
832 2986 904 3048 347.
949 2983 1174 3067 καλοκᾰγαθίας
1200 2984 1234 3049 O.
1258 2986 1283 3051 I.

157 3093 195 3158 G.
220 3092 312 3170 3524,
336 3090 392 3168 233
416 3088 510 3167 4018,
535 3089 591 3165 123
615 3090 708 3164 6548,
731 3090 750 3152 6
775 3093 807 3151 ct
830 3089 964 3174 saepius.

258 3194 380 3259 Eodem
411 3191 506 3255 modo
539 3192 734 3256 contrahitur
766 3192 795 3254 in
829 3192 956 3276 reliquis
989 3192 1149 3257 dialectis:
1190 3189 1285 3257 τᾶλλα

154 3297 240 3383 apud
263 3298 432 3382 scriptores
456 3297 573 3380 passim
597 3303 628 3359 et
650 3295 834 3381 saepissime
858 3298 888 3359 in
913 3297 1028 3361 titulis:
1062 3295 1096 3381 1)
1119 3298 1285 3362 ionicis:

155 3401 259 3467 Cauer
283 3404 333 3483 50,
361 3404 398 3464 15
422 3399 532 3482 (Teos)
557 3409 617 3466 etc.
663 3403 697 3480 2)
721 3401 912 3465 aeolicis:
941 3400 1032 3464 Bezz.
1056 3400 1154 3466 Boitr.
1178 3401 1208 3464 V
1231 3425 1285 3487 pg.

156 3508 216 3570 105
232 3526 301 3590 sqq.
324 3504 441 3569 Eresos
461 3502 521 3568 Nc.
539 3508 572 3586 l;
596 3503 671 3569 ibid.
689 3503 907 3569 Pordoselene
922 3528 969 3570 us.
986 3507 1036 3571 28.
1061 3505 1096 3586 3)
1114 3505 1284 3572 doricis:

155 3608 186 3676 Ο.
200 3609 225 3672 Ι.
239 3610 278 3675 G.
294 3611 375 3673 1366
389 3607 531 3690 (lacon).
556 3607 661 3673 Caucr
673 3611 724 3688 42,
738 3610 789 3673 70.
803 3611 858 3688 853
878 3612 929 3691 43,
943 3611 1005 3673 215
1014 3632 1023 3692 3
1047 3613 1098 3690 48,
1116 3612 1153 3674 16
1168 3609 1284 3693 (oret).

154 3749 193 3759 ·-
226 3714 253 3780 I.
277 3714 316 3779 G.
340 3712 381 3778 A.
413 3717 475 3781 544
504 3711 600 3796 (Aah.
624 3712 712 3796 col).
748 3751 786 3762 -
818 3712 922 3777 Gauer
945 3715 996 3796 90,
1026 3717 1045 3776 8
1073 3712 1215 3799 (Phoc).
1245 3750 1285 3759 -

153 3819 179 3885 Ι.
203 3818 242 3882 (l.
266 3818 305 3882 A.
331 3821 403 3900 112,
427 3825 446 3885 5
471 3816 580 3899 (Elis).

257 3921 451 4005 τᾰκρωτήρια
473 3921 499 3986 Ι.
523 3921 562 3985 G.
586 3920 626 3984 A.
650 3920 721 4000 348,
752 3919 790 3984 cl.
824 3919 927 3985 Cauer
962 3924 1010 3985 11.
1054 3921 1222 4007 Inscriptio
1253 3922 1285 3984 in

154 4030 221 4094 basi
245 4029 392 4112 imaginis
408 4026 570 4091 Victoriae
593 4047 612 4089 a
634 4025 798 4090 Messeniis
822 4024 996 4109 dedicatae,
1019 4047 1100 4110 quae
1117 4026 1285 4111 Olympiae

154 4132 270 4198 effossa
295 4137 353 4212 est,
376 4130 510 4215 praebet
532 4129 565 4192 in
597 4127 722 4192 duobus
752 4128 897 4192 uersibus
928 4129 1085 4213 prioribus
1116 4130 1284 4194 dialectum
1317 4127 1319 4133 ’

153 4237 317 4317 Doricam3
343 4235 470 4299 tertium
494 4240 526 4298 et
550 4241 696 4319 quartum
720 4254 848 4307 uersum
868 4232 997 4297 Ionicae
1015 4234 1120 4298 tribuo
1137 4233 1285 4318 dialecto,

153 4361 246 4428 quarn
270 4338 398 4402 artificis
421 4338 554 4403 Paeonii
576 4338 680 4424 patria
704 4337 820 4402 Mende
844 4339 994 4423 postulat.
