2954 4822
563 263 603 274 ..
651 222 716 313 [97]
765 263 804 273 -

192 416 358 484 Εοεοτιοιε
380 416 444 483 duo
468 422 601 482 exstant
624 413 792 500 exempla:
817 414 855 479 fr.
881 417 921 480 38

259 561 315 630 καί
339 546 564 649 ξονεγιγνόμην
588 555 639 628 ἀεὶ
662 564 734 640 τοῖς
755 554 901 647 ἀγαθοῖς
923 556 1098 648 φάγροισιν

105 805 140 863 et
162 797 199 863 fr.
219 799 290 877 163,
315 794 431 862 eodem
454 800 557 858 metro
581 794 807 880 compositum,
832 815 894 879 quo
920 793 1131 881 Sapphonem
1155 816 1247 860 usam

105 922 179 967 esse
195 900 233 966 ir.
250 903 302 981 61,
317 902 368 980 99,
383 902 444 963 100
461 902 495 964 et
509 897 754 962 Anacreontem
768 896 807 961 ir.
820 899 861 961 34
878 918 977 984 supra
993 896 1247 964 commemoravi

106 1005 327 1092 WQZ&

311 1113 348 1203 δς
369 1119 510 1208 χαρίτων
531 1120 591 1206 μὲν
613 1115 690 1204 δζει,
791 1167 1011 1201 ωηο-.

312 1222 515 1312 καλλαβίδας
537 1223 573 1292 δὲ
595 1221 712 1312 βαίνει,
790 1269 899 1293 m.
931 1269 980 1293 υ.
996 1285 1011 1294 .

312 1327 500 1419 σησαμίδας
522 1328 559 1396 δὲ
579 1327 674 1412 χέζει,
788 1388 803 1397 .
883 1387 913 1410 .,
966 1389 981 1398 .
997 1388 1012 1398 .

310 1435 400 1525 μῆλα
423 1433 460 1501 δὲ
480 1427 649 1522 χρέμπτεί
676 1427 738 1500 διεί.
783 1478 831 1502 ,ο
848 1477 910 1514 ο-,
929 1477 978 1503 ο-
992 1495 1008 1503 -

193 1576 318 1642 Tacere
352 1577 433 1641 mihi
466 1576 564 1642 liceat
598 1575 639 1641 de
673 1574 831 1639 Hrnmrrr
864 1574 904 1640 fr.
933 1577 989 1656 58,
1019 1576 1110 1640 cuius
1143 1575 1247 1640 forma

106 1681 243 1746 metrica
266 1678 348 1747 adeo
373 1686 525 1767 corrupta
547 1699 621 1746 esse
645 1678 787 1760 videtur,
811 1685 847 1744 ut
870 1679 979 1744 sanari
1003 1679 1059 1743 vix
1081 1679 1196 1765 possit.

192 1939 412 2007 Transeamus
455 1959 540 2005 nunc
576 1938 618 2003 ad
653 1937 912 2019 Arrsrorrrrrru,
959 1938 1013 2023 qui
1051 1959 1246 2026 quamquam

106 2044 219 2130 paucis
250 2045 331 2110 locis
368 2044 447 2109 nihil
480 2043 543 2108 nisi
573 2041 797 2107 choriambum
833 2041 919 2106 inter
946 2043 1073 2109 iambos
1106 2043 1245 2123 admisit,

105 2154 216 2213 tamen
239 2168 304 2213 non
327 2149 425 2238 plane
450 2145 594 2212 abstinet
617 2145 760 2232 strophis
783 2145 844 2210 hoe
868 2145 964 2211 modo
989 2148 1192 2234 compositis:

408 2296 485 2363 nub.
510 2296 682 2360 563-574
696 2326 736 2348 =
755 2297 942 2360 595-605:

106 2429 311 2522 διβιμίδοντα
333 2434 392 2520 μὲν
413 2436 502 2502 θεῶν
528 2437 618 2525 Ζῆνα
640 2429 794 2523 τύραννον
822 2433 856 2515 ἒς
883 2430 980 2521 χορὸν
1001 2438 1118 2524 πρῶτα
1145 2433 1247 2523 μέγαν

978 2535 1156 2628 κικλήσκω·
1194 2572 1240 2613 505

105 2637 161 2708 τόν
182 2665 218 2707 τε
240 2642 428 2764 μεγασθενῆ
450 2636 596 2728 τριαίνης
616 2637 749 2726 ταμίαν,

104 2746 163 2834 γῆς
184 2768 220 2811 τε
243 2742 299 2810 καὶ
323 2738 470 2832 ἁλμυροῖς
491 2738 710 2831 θαλάσσης’
688 2768 799 2831 αγριον
820 2742 1014 2835 μοχλευτήν

104 3109 167 3184 Qui
197 3114 390 3194 sequuntur:
421 3131 478 3173 και
470 3101 732 3194 μεγαλώνυμον
761 3099 916 3195 ἡμέτερον
939 3105 1056 3192 πατέρ’
1077 3110 1145 3174 κτλ
1170 3133 1242 3176 ver-

104 3235 159 3278 sus
184 3219 260 3278 sunt
283 3212 357 3278 dact
344 3213 445 3300 tylici

191 3335 230 3399 In
261 3334 395 3421 stropha
423 3332 659 3420 Thesmophor.
684 3291 788 3397 953—
792 3333 887 3397 958
879 3354 911 3396 m
944 3333 1076 3397 modum
1099 3335 1242 3420 proodioi

107 3437 251 3524 strophis
274 3436 486 3522 sequentibus
508 3436 695 3523 anteposita
718 3436 799 3501 haee
823 3436 953 3522 scripsit
976 3444 1087 3524 poeta:

517 3572 612 3662 δρμα,
635 3572 731 3662 χαίρει

309 3682 418 3769 κοῦφα
442 3680 552 3762 ποσὶν,
577 3675 625 3768 ἄγ’
651 3679 684 3761 ἐς
706 3676 830 3762 κύκλον,

308 3784 390 3873 χειρὶ
414 3782 560 3853 σύναπτε
580 3790 682 3872 χεῖρα,

233 3929 236 3935 -
310 3884 439 3976 ῥυθμὸν
459 3887 589 3979 χορείας
611 3885 717 3976 ῖπαγε
740 3891 850 3955 πᾶσα·
872 3892 966 3976 βαῖνε

312 3991 537 4080 καρπαλίμοιν
558 3994 688 4060 ποδοῖν.

310 4095 508 4165 ἐπισκοπεῖν
531 4097 567 4165 δὲ
589 4100 741 4184 πανταχῆ

310 4200 492 4268 κικλοῦσαν
514 4196 606 4287 ὄμμα
628 4197 687 4291 χρὴ
710 4203 808 4289 χοροῦ
831 4196 1041 4268 κατάστασιν.
