2956 4822
655 276 748 375 [aaa]
1227 297 1267 364 rt

138 488 206 574 ipse
229 480 284 549 filii
307 475 436 548 laudem
460 476 608 547 celebret.
642 481 789 568 Namque
808 505 866 569 pro
882 483 978 564 ὕμνον
993 487 1024 550 in
1041 509 1071 551 v.
1090 484 1139 571 16,
1162 501 1270 574 quam·

138 613 235 677 quam
258 609 367 653 omnes
391 587 515 652 codices
539 589 620 651 hano
642 590 797 673 praebent
819 591 1007 671 lectionem,
1032 611 1104 656 eum
1128 594 1268 678 Bergkio

139 694 206 759 οἷόν
228 692 462 758 emendandum
486 712 556 756 esse
579 712 702 769 censeo,
725 712 797 756 cum
816 693 961 777 repetitio
977 694 1065 758 verbi
1079 693 1173 776 ὕμνος
1187 698 1271 762 intra

138 820 234 864 unam
259 798 455 883 eandemque
479 797 642 881 stropham
664 798 705 861 ab
736 798 985 884 appellationum
1008 801 1161 865 varietate
1183 802 1270 888 alibi,

138 904 192 968 ubi
215 903 255 967 de
277 903 346 988 ipso
362 902 498 966 carmine
513 902 628 985 agitur,
652 904 794 987 appetita
813 903 994 968 abhorreat.
1023 904 1166 988 Accedit,
1183 907 1269 992 quod

140 1029 203 1071 non
228 1027 389 1091 assequor,
421 1006 494 1091 quid
517 1004 596 1069 illud
628 1005 686 1069 sibi
715 1006 793 1070 velit
824 1006 917 1088 ,huic
947 1010 1075 1073 carmini
1103 1010 1271 1076 inclinatus

139 1133 265 1177 carmen
297 1112 461 1178 victoriale
494 1111 662 1193 eantare“;
696 1130 811 1196 nempe
844 1113 947 1195 ipsum
978 1111 1069 1193 μέλος
1100 1121 1149 1179 est
1178 1113 1271 1197 ὕμνος

139 1218 315 1294 καλλίνικος.
361 1218 539 1292 Καλλίνικος
569 1223 676 1278 autem
708 1214 821 1279 dicitur
850 1236 915 1279 non
947 1216 1049 1280 minus
1083 1225 1157 1304 apte
1188 1219 1271 1286 filius

139 1344 234 1408 quam
257 1322 408 1406 hymnus,
431 1343 504 1385 cum
526 1321 621 1404 Pyth.
645 1320 662 1383 I
686 1322 726 1384 32
750 1321 876 1404 legatur
898 1318 1030 1401 Ἱέρωνος
1052 1324 1216 1389 καλλινίκου
1240 1333 1271 1391 et

137 1424 562 1513 Ρμο.Χ146οιορμιαι
587 1424 745 1487 καλλίνικοι
769 1425 788 1489 i.
813 1446 840 1490 e.
871 1425 1027 1510 praeclari
1057 1427 1138 1492 inter
1161 1450 1271 1494 currus

139 1532 283 1595 victores.
328 1529 366 1593 In
389 1530 451 1594 fine
477 1528 570 1592 huius
594 1527 675 1591 odae
697 1528 826 1592 easdem
856 1530 1003 1594 carminis
1031 1533 1271 1617 appellationes,

139 1655 219 1719 quas
241 1636 273 1698 in
296 1633 397 1714 initio,
420 1630 704 1717 deprehendimus:
727 1630 810 1696 conl.
830 1654 860 1696 r.
879 1635 919 1697 78
942 1635 1124 1699 ἐπινικίοισιν
1146 1634 1270 1715 ἀοιδαῖς,

140 1759 169 1802 v.
193 1741 232 1802 83
256 1736 360 1818 ὕμνος,
383 1757 412 1802 v,
436 1740 476 1799 94
500 1734 634 1820 ῥήματα.

243 1840 352 1904 Multis
375 1839 502 1923 quidem
523 1843 649 1922 praeter
665 1838 744 1902 haec
759 1839 915 1923 exemplis
931 1839 1140 1906 demonstrari
1156 1849 1271 1929 potest,

141 1968 236 2033 quam
252 1944 420 2029 diligenter
435 1949 530 2028 poeta
542 1942 662 2005 nomini
675 1942 821 2006 carminis
833 1943 985 2007 variando
999 1964 1126 2028 operam
1139 1948 1271 2029 dederit,

139 2051 195 2115 sed
212 2051 288 2114 satis
305 2050 374 2131 erit,
391 2049 416 2112 si
432 2048 663 2131 appellationes
679 2046 786 2132 paullo
802 2048 906 2110 minus
919 2049 1051 2113 usitatas
1063 2036 1270 2135 proferemus.

141 2155 191 2219 Ita
214 2152 306 2218 Nem.
322 2152 388 2216 VII
414 2154 539 2214 11-12
563 2150 721 2214 Pindarus
747 2152 791 2231 ,si
812 2150 911 2234 quis“,
934 2152 1046 2234 inquit,
1073 2176 1270 2235 ,successum

140 2259 237 2322 habet
262 2259 294 2320 in
314 2256 409 2320 rebus
431 2253 589 2340 gerendis,
612 2254 703 2318 dulce
726 2255 752 2317 is
774 2256 908 2338 praebet
930 2264 1152 2340 argumentum
1175 2258 1271 2343 ῥοαῖσι

141 2361 299 2438 Μοισᾶν“,
334 2362 387 2425 ubi
424 2362 545 2425 fluenta
573 2359 736 2424 Musarum
774 2361 913 2425 carmina
942 2362 1156 2446 intellegenda
1186 2369 1271 2430 sunt.

141 2466 253 2530 Isthm.
276 2464 325 2530 Vl
348 2468 389 2529 23
413 2472 534 2548 autem,
555 2465 611 2529 ubi
634 2465 735 2528 victor
757 2463 919 2529 ἰοπλόκοισι
942 2469 1077 2544 Μοίσαις
1098 2466 1271 2532 illustratus

142 2569 265 2648 dicitur,
288 2571 399 2634 Musae
423 2572 511 2654 ipsae
533 2590 591 2653 pro
624 2569 762 2632 carmine
791 2589 852 2653 ope
884 2590 990 2634 earum
1022 2571 1166 2635 confecto
1197 2573 1270 2637 sub·

145 2674 262 2739 situtae
284 2681 367 2738 sunt.
411 2673 575 2737 Audacius
603 2673 698 2737 etiarn
721 2670 813 2736 Nem.
836 2671 922 2737 VIII
943 2674 984 2737 47
1009 2675 1098 2737 λίθον
1120 2680 1274 2742 Μοισαῖον

144 2801 178 2845 se
200 2781 310 2846 victori
334 2779 518 2844 substruere
541 2785 638 2862 poeta
661 2776 823 2862 praedicat
846 2786 1030 2862 comparato
1046 2781 1183 2845 carmine
1199 2802 1271 2845 oum

143 2886 302 2965 columna,
325 2882 435 2966 quales
458 2882 490 2945 in
513 2881 669 2944 victorum
691 2880 846 2944 honorem
870 2880 1083 2964 erigebantur.

243 2987 313 3051 Iam
328 2994 364 3050 ut
379 2984 419 3048 ad
438 2984 582 3067 tibiae,
605 2986 695 3047 ouius
711 2983 751 3047 ad
768 3005 882 3048 sonum
897 2985 1036 3049 carmina
1053 2986 1270 3072 cantabantur,

143 3092 373 3177 appellationes
405 3087 651 3153 considerandas
683 3095 898 3171 transeamus,
936 3089 1081 3153 carminis
1112 3090 1271 3176 Olympici

144 3195 256 3259 decimi
278 3195 310 3257 in
333 3216 363 3259 r.
386 3195 428 3257 84
456 3190 613 3255 Pindarus
642 3190 808 3254 materiam
830 3211 887 3275 pro
911 3192 1083 3256 materiatis
1104 3195 1271 3262 nominans

142 3298 228 3364 illem
252 3299 332 3363 dixit
353 3294 500 3377 κάλαμον,
532 3295 641 3360 eadem
671 3297 703 3359 in
725 3315 754 3359 v,
779 3298 821 3359 94
843 3303 892 3360 est
921 3292 1031 3376 γλυκῦς
1055 3295 1159 3374 αὐλός.
1203 3296 1272 3363 Nec

144 3427 234 3473 secus
249 3404 281 3466 in
297 3402 434 3466 carmine
449 3400 584 3485 Pythice
605 3399 804 3481 duodecimo,
827 3382 893 3485 quo
905 3387 1003 3485 ipsius
1020 3400 1117 3465 tibiae
1132 3401 1272 3469 inventio

144 3516 290 3576 enarrata
320 3517 384 3589 est,
414 3512 583 3591 postquam
613 3505 644 3569 in
668 3524 698 3570 u.
726 3508 762 3569 19
793 3506 909 3590 incepit
939 3505 1137 3570 avocabulo
1161 3504 1273 3585 αὐλοῖν,

143 3616 249 3681 statim
278 3615 310 3677 in
333 3633 362 3676 v.
385 3613 424 3674 21
445 3609 555 3675 tibiam
578 3609 664 3672 iuria
695 3609 854 3691 nominat,
886 3609 999 3693 quibus
1028 3609 1172 3673 Minerva
1194 3610 1273 3674 Gor·

145 3739 264 3806 genum
287 3718 432 3800 planctus
453 3713 636 3777 imitibatur.
682 3711 808 3775 Deinde
835 3712 865 3774 in
899 3732 928 3776 r.
951 3714 1002 3791 25,
1032 3712 1086 3775 ubi
1117 3713 1271 3778 auleticus

143 3846 257 3891 numus
280 3821 394 3884 dieitur
416 3821 527 3882 lentari
548 3814 756 3897 ὕιανκσόμενος
783 3822 901 3899 χαλκοῦ
928 3813 1021 3896 θαμά
1049 3817 1100 3878 καί
1129 3813 1274 3893 δονάκων,

145 3949 198 3993 aes
223 3934 254 3991 et
277 3925 404 4004 calami,
437 3945 477 3987 ex
500 3921 615 4007 quibus
638 3920 735 3984 tibiae
757 3919 1008 4001 fabricabantur,
1037 3939 1095 4003 pro
1126 3920 1175 3983 his
1197 3920 1273 4004 ipsis

145 4032 316 4098 substituta
339 4033 420 4094 sunt.
465 4026 579 4110 Itaque
601 4025 696 4090 etiam
720 4023 989 4108 elegantissimum
1020 4024 1097 4088 illud
1126 4022 1158 4086 in
1181 4043 1209 4087 v.
1232 4026 1272 4088 27

149 4138 266 4220 ,πιστοί
285 4137 437 4218 χορευτᾶν
458 4128 640 4213 μιάρτοοις“,
665 4150 854 4215 quamquam
876 4129 1068 4212 generaliter
1091 4126 1130 4191 de
1147 4127 1274 4192 calamis

146 4242 268 4327 dictum
300 4244 367 4316 est,
401 4244 508 4301 tamen
539 4234 631 4298 tibias
663 4234 836 4319 siguificat,
877 4234 993 4319 quippe
1026 4253 1108 4318 quae
1142 4232 1274 4297 comites

147 4344 280 4411 oboricis
305 4341 482 4407 cantoribus
505 4339 671 4403 adfuerint.
