2954 4816
658 269 866 330 ..30-

187 481 292 548 neqne
315 459 416 524 minus
439 459 566 523 inuersa
592 457 700 521 ordine
724 458 860 541 legimus
883 458 914 520 in
938 455 1033 521 Nonii
1057 457 1161 541 eapite
1184 456 1250 523 IV:

341 566 460 646 235,3i
489 561 642 647 aequales]
668 560 738 626 Ter.
762 563 797 624 ia
819 560 1068 643 Eunuchoffl
1092 563 1121 640 3,
1131 562 1197 643 36).

342 670 467 751 236,ae
491 665 647 751 opertetm]
673 665 742 730 Ter.
765 666 960 748 Adelphis
984 665 1031 746 (ΙΙ
1057 666 1164 748 1,]3).

343 775 468 855 237,25
492 769 611 853 aditae]
636 769 707 835 Ter.
730 772 764 835 ia
786 770 950 834 Andria
973 770 1041 848 (III
1065 774 1094 851 3,
1104 773 1146 852 2).

292 875 351 941 Cui
380 876 494 941 rationi
527 874 586 939 etsi
616 873 692 939 nihil
728 873 874 959 ponderis
909 874 1034 955 tribuo,
1065 895 1180 940 moneo
1216 880 1322 938 tamen

189 979 278 1045 illum
302 978 445 1044 ordinem
461 980 640 1044 consentire
656 999 728 1042 oum
746 977 865 1055 ordine,
888 997 983 1061 quem
1000 977 1125 1042 oodioss
1141 976 1323 1042 Terentiam

188 1082 251 1147 DG
275 1083 495 1165 (Victorianus
527 1089 559 1148 et
582 1079 792 1165 Deourtatns)
824 1088 856 1146 st
878 1081 1024 1146 Donatus
1048 1081 1322 1166 praeseferunt.

689 1601 794 1648 CAPUT
816 1601 849 1649 II.

721 1773 792 1858 §a

292 1915 508 1981 Transeamus
542 1933 626 1977 nuno
656 1912 697 1976 ad
732 1934 802 1977 eam
834 1912 1060 1997 disputationis
1092 1920 1225 1997 partem,
1260 1936 1323 2000 qna

189 2020 280 2085 uobis
303 2020 504 2106 propositum
528 2026 586 2095 est,
609 2026 644 2081 nt
663 2016 855 2081 Terentiana
877 2017 1059 2082 testimonia
1082 2018 1165 2103 apud
1184 2017 1321 2082 Nonium

190 2131 319 2191 seruata
342 2122 522 2207 diligentius
546 2142 767 2206 comparemus
790 2143 861 2187 enm
885 2121 1024 2187 Terentii
1047 2142 1128 2206 quse
1152 2122 1246 2186 hodie
1270 2143 1325 2186 ex·

189 2233 276 2292 stant
297 2226 544 2291 recensionibus.
591 2226 682 2299 Quae
705 2224 832 2309 quidem
857 2224 1003 2310 quaestio
1027 2224 1199 2290 admodum
1223 2225 1323 2290 ardua

192 2339 240 2395 est
262 2339 359 2415 atque
375 2329 521 2409 difficilis,
538 2327 612 2414 quia
628 2328 668 2393 ad
685 2329 855 2413 genuinam
866 2327 960 2391 Nouii
973 2317 1107 2397 formam
1124 2329 1322 2395 redeundum

191 2440 248 2511 est,
270 2456 289 2498 a
313 2455 376 2519 qua
400 2453 457 2497 eas
481 2431 596 2517 quibus
627 2432 672 2495 uti
703 2432 794 2496 nobis
825 2431 898 2495 lieet
922 2430 1017 2496 Nouii
1050 2432 1203 2497 editiones
1226 2433 1323 2516 longe

189 2538 319 2617 distant,
355 2557 457 2620 neque
490 2536 650 2599 Lueianns
680 2535 852 2599 Muellerus
893 2556 986 2621 quam
1024 2544 1115 2621 parat
1153 2535 1322 2601 editionem

190 2640 285 2708 Nonii
307 2642 338 2705 in
361 2642 465 2708 luosm
488 2642 632 2728 protulit.

291 2745 400 2830 Atque
423 2767 616 2832 quamquam
640 2744 773 2809 multum
796 2745 898 2823 abest,
922 2752 957 2810 ut
972 2745 1112 2810 Mercari
1134 2746 1166 2809 in
1182 2744 1318 2810 Nonium

190 2850 309 2915 meritis
339 2849 534 2930 obtrectem,
571 2856 678 2915 tamen
711 2851 860 2932 quoniam
892 2850 944 2913 ille
976 2851 1186 2934 complurium
1219 2852 1321 2915 bonae

189 2953 264 3017 fidei
293 2954 445 3018 librorum
476 2954 573 3018 Nonii
602 2954 889 3038 manuscriptorum
920 2956 1073 3019 rationem
1109 2954 1228 3018 habere
1260 2977 1322 3018 non

188 3058 303 3142 potuit,
321 3059 492 3123 hodiernae
510 3058 685 3123 condicioni
700 3058 879 3123 studiorum
895 3059 1171 3143 grammaticorum
1197 3058 1323 3120 minime

189 3161 383 3248 respondere
407 3162 580 3227 sditionem
604 3162 832 3228 Merserianam
865 3184 958 3229 nemo
983 3171 1031 3228 est
1053 3163 1128 3247 quin
1160 3161 1324 3225 oonoedat.

292 3264 429 3331 Veteres
460 3264 586 3350 quidem
621 3266 762 3331 editores
800 3265 862 3350 (ed.
888 3287 952 3350 pr„
982 3267 1098 3347 Aldus,
1129 3265 1324 3329 Hadrianus

195 3368 321 3449 Iunius,
358 3368 586 3453 Getieofredus)
635 3370 710 3455 quid
756 3371 1005 3445 emendassent,
1047 3370 1200 3435 adnotare
1243 3371 1324 3434 solet

189 3472 404 3552 Quieherntas.
452 3476 606 3538 Attamen
630 3495 670 3539 ne
695 3475 822 3538 nimium
845 3475 907 3539 illis
929 3475 1118 3557 tribuamus,
1144 3473 1324 3551 oquendum

189 3583 248 3657 est,
272 3597 344 3640 oum
373 3577 500 3661 saepius
530 3577 689 3642 incautius
718 3578 749 3641 in
773 3577 877 3643 Nonio
902 3578 1161 3661 recognoscendo
1191 3578 1323 3660 egerint.

189 3679 281 3743 Idem
298 3679 509 3753 Qnioheratns
526 3681 673 3745 oodienm
689 3682 842 3745 lectiones
858 3682 1075 3766 discrepantes
1090 3703 1203 3768 parum
1227 3682 1320 3767 piene

189 3784 348 3862 snotanit3
373 3785 462 3849 uelut
486 3784 603 3850 oodiois
616 3785 780 3850 Harleiani
794 3786 1000 3870 antiquissimi
1019 3786 1189 3851 oollatiooo
1207 3807 1318 3870 parom

188 3895 337 3952 aoourata
361 3909 433 3952 oum
466 3895 617 3966 uteretur,
648 3889 714 3953 fere
746 3889 829 3954 solas
853 3889 1012 3955 secundas
1035 3910 1147 3959 manus
1170 3891 1323 3954 lectiones

188 3992 459 4057 commemorauit.
511 3991 651 4057 Maxime
676 4001 783 4057 autem
807 3993 980 4060 dolendum
1018 4001 1066 4059 est
1102 3995 1203 4060 bonae
1226 4002 1322 4058 notae

189 4095 315 4160 oodiees
352 4095 668 4182 Montepessulanum
699 4103 731 4160 et
761 4097 1031 4182 Bambergensem
1064 4120 1128 4162 uon
1161 4099 1238 4163 satis
1269 4120 1323 4162 ex·

190 4220 301 4263 suasos
325 4198 436 4277 uideri,
466 4199 637 4264 nonnullos
658 4221 737 4265 uero
761 4200 868 4283 libros,
901 4223 1037 4287 qnorum
1063 4201 1101 4266 0.
1126 4201 1324 4267 Ribbeokius

190 4302 220 4365 in
253 4301 452 4388 praefatione
485 4302 692 4389 Tragioorum
730 4304 917 4387 fragmentis
963 4307 1135 4387 praemissa
1175 4327 1205 4391 p.
1238 4305 1322 4369 VIII
