2956 4822
661 311 753 395 [149]
1254 320 1296 382 53

156 501 247 567 sitae.
293 499 431 568 Nomine
462 502 556 568 huius
587 503 673 568 urbis
698 510 819 569 mutato
853 506 947 569 etiam
979 506 1041 571 alia
1069 516 1192 572 mutata
1216 527 1296 585 esse,

159 626 351 690 quamquam
377 615 475 671 testes
499 629 559 672 non
585 615 724 689 exstant,
749 610 892 673 conicere
917 611 999 674 licet.
1046 610 1139 675 Hane
1167 634 1295 697 quoquo

156 709 340 793 Antigonus
364 711 582 795 condideratl,
615 714 757 798 oppiduli
787 713 865 790 loco,
892 714 1007 779 Graeci
1031 716 1153 800 opinor,
1179 718 1296 801 qnippe

73 869 75 872 .
155 815 205 876 cui
223 814 339 881 Olbiae
362 837 477 879 nomen
502 825 595 882 esset.
642 816 738 893 Quod
756 825 861 881 utrum
878 818 1078 902 synoecismo
1103 840 1143 883 an
1167 820 1293 883 colonia

155 917 294 982 deducta
318 919 381 982 lact
370 928 438 984 tum
461 922 511 999 sit,
536 941 600 984 non
623 930 764 1006 apparet.
745 922 901 984 tCerto
926 922 1005 985 haee
1028 923 1177 986 urtbs
1127 930 1177 985 art
1180 945 1197 987 e
1214 921 1294 1006 Hip·

157 1023 314 1106 podamea
331 1046 388 1088 ers
391 1032 496 1088 ructa
513 1033 590 1106 era
615 1026 811 1088 ut·tSt1abo
800 1033 881 1089 ttaes
885 1037 936 1088 ur
953 1026 1083 1110 (Xllp
1100 1024 1190 1109 565.)
1223 1025 1295 1101 Qua

155 1124 195 1188 de
218 1129 296 1191 urbe
318 1129 454 1193 fortasse
478 1130 693 1213 intellegenda
716 1139 789 1194 sunt
813 1152 895 1216 quae
918 1129 1098 1215 Stephanus
1127 1132 1202 1216 Byz.
1221 1154 1245 1195 s
1263 1154 1292 1195 v

151 1226 339 1312 ’.·ιντιγόνιια
361 1233 482 1298 adfert:
507 1232 638 1316 τετάρτη
666 1236 814 1310 Βιθυνίας
837 1233 910 1315 πρὸς
935 1240 980 1323 τῷ
1004 1237 1176 1322 Λασκυλίιιιι.

259 1334 432 1400 Castellum
457 1338 506 1400 cui
531 1337 614 1401 idem
639 1347 707 1401 erat
730 1359 846 1401 nomen
870 1341 903 1403 in
925 1339 1155 1424 Cyzicenorum
1177 1338 1293 1403 linibus

154 1439 249 1503 situm
283 1441 322 1504 ad
358 1463 416 1505 noe
449 1463 511 1505 non
543 1443 690 1507 attinet'2.
745 1443 900 1507 Memoria
930 1454 1038 1507 autem
1069 1444 1201 1527 dignum
1234 1450 1293 1523 est,

155 1544 250 1606 etism
275 1545 484 1631 Smyrnam
507 1547 547 1610 ab
571 1547 737 1631 Antigono
763 1548 869 1611 denuo
894 1549 1053 1612 conditam
1077 1570 1159 1612 esse.
1198 1546 1293 1610 Hane

155 1649 238 1713 cirea
253 1671 371 1714 annum
387 1673 414 1716 a.
433 1651 467 1717 6.
486 1652 549 1716 600
565 1653 711 1737 Alyattes
735 1675 790 1717 rex
810 1652 932 1737 Lydiae
951 1659 1077 1737 captam
1091 1688 1131 1698 —
1144 1658 1180 1716 ut
1195 1650 1293 1715 refert

155 1754 340 1819 Herodotus
359 1755 373 1818 1
393 1759 484 1819 16-
502 1756 635 1821 diruisse
652 1757 796 1820 uidetur:
820 1757 925 1821 facere
943 1758 1024 1821 enim
1042 1757 1097 1820 uix
1114 1776 1293 1841 possumus,

154 1860 228 1945 quin
259 1858 299 1923 ad
329 1860 416 1924 illam
450 1883 516 1925 rem
547 1864 587 1926 ab
620 1862 788 1927 Herodoto
816 1862 965 1926 traditam
996 1861 1174 1925 referamus
1206 1859 1292 1945 quod

154 1962 270 2026 Strabo
293 1971 402 2027 narrat
426 1963 508 2028 XIV
532 1967 611 2029 646:
645 1968 759 2028 Avdnir
781 1963 1042 2029 κατασπασάντιιιν
1070 1960 1126 2048 τήν
1148 1961 1294 2044 Σμύρναν

154 2067 221 2146 περὶ
237 2065 414 2148 τετρακόσια
430 2068 484 2152 ἔτη
500 2068 671 2152 διετέλησιν
685 2069 845 2154 οἰκουμένη
860 2068 1016 2152 urtryrryd'o'r.
1055 2065 1121 2133 alra
1137 2066 1293 2152 ἀνήγιιριν

153 2166 249 2258 ιιιιτιιν
272 2171 443 2253 Ἀντίγονος
465 2176 514 2236 καὶ
536 2172 613 2252 perci
641 2176 739 2237 ταῦτα
763 2176 953 2258 steintunam
1000 2173 1137 2238 Centum
1164 2172 1292 2257 quidem

154 2274 244 2338 annis
268 2276 299 2337 in
322 2272 540 2360 computandis
565 2277 612 2340 his
633 2276 829 2362 temporibus
855 2277 971 2341 Strabo
993 2279 1112 2343 errauit
1137 2276 1212 2357 (nisi
1234 2296 1291 2360 pro

154 2377 185 2440 Y
201 2378 402 2443 scribendum
419 2380 492 2462 Tu.
531 2381 625 2445 Certe
643 2404 684 2445 ex
701 2382 807 2445 uerbis
824 2382 883 2445 illis
900 2382 1078 2464 colligimus
1094 2381 1292 2466 synoecismo

154 2481 204 2546 hio
226 2482 424 2566 Antigonum
450 2508 541 2549 usum
565 2507 644 2551 esse.
692 2486 772 2550 Cum
804 2486 888 2551 enim
912 2493 1007 2549 antea
1033 2507 1136 2570 neque
1168 2485 1293 2549 moenia

155 2608 261 2673 neque
277 2590 447 2653 ciuitatis
440 2611 508 2654 rura
523 2591 690 2693 Smyrnaei
708 2591 872 2667 haberent,
896 2584 951 2654 sed
975 2611 1033 2691 per
1055 2592 1144 2654 uicos
1160 2588 1293 2674 dispersi

157 2692 243 2757 habi
231 2702 353 2773 aren
392 2686 554 2760 ciuitatem
594 2696 776 2778 Antigonus
815 2697 997 2777 constituit,
1037 2694 1148 2759 urbem
1185 2693 1291 2759 denuo

156 2797 316 2861 exstruxit
304 2797 577 2884 t,Hippodatnco
601 2820 730 2882 genere

258 2902 366 2988 Atque
390 2896 483 2967 facile
507 2897 738 2987 cognoscimus,
755 2924 853 2988 quare
871 2904 955 2966 hunc
971 2903 1170 2987 potissimum
1186 2903 1293 2965 locum

154 3005 336 3090 Antigonus
369 3009 513 3092 elegerit.¹
542 2999 632 3072 'Sita
662 3011 747 3072 enim
785 3017 833 3071 est
866 3008 1003 3092 Smyrna
1037 3007 1106 3073 iere
1140 3007 1170 3070 in
1203 3006 1292 3069 exitu

155 3112 246 3176 uallis
278 3112 407 3194 Hormi,
438 3121 600 3197 portuque
631 3114 760 3196 insignis
790 3114 842 3197 qui
875 3101 1062 3196 paeninsula
1085 3116 1294 3196 praetentas

154 3213 257 3281 ueritis
281 3225 370 3281 tutus
394 3225 451 3283 est.
498 3214 782 3284 Haccondicione
811 3216 851 3281 ad
876 3222 1087 3280 mercaturam
1119 3215 1195 3283 satls
1218 3222 1294 3300 apta

156 3328 218 3399 est,
253 3344 317 3407 qua
353 3322 447 3385 etiam
482 3310 566 3386 nunc
603 3344 674 3387 eam
709 3324 825 3384 florere
861 3327 994 3384 constat.
1052 3320 1161 3403 Atque
1199 3340 1294 3404 quarn

154 3432 241 3489 recto
266 3427 381 3490 iudicio
408 3417 591 3509 Antigonus
615 3448 691 3490 usus
715 3426 765 3504 sit,
790 3446 860 3488 cum
886 3431 1031 3509 speraret
1055 3422 1123 3489 fore
1152 3428 1188 3484 ιιι
1214 3423 1294 3485 haee

154 3532 267 3593 ciuitas
285 3531 431 3595 celeriter
447 3531 662 3595 effloresceret
677 3531 946 3593 temeritatem
960 3529 1205 3611 firmitatemque
1216 3547 1294 3589 nan·

154 3635 334 3711 cisoeretur,
359 3635 431 3699 inde
447 3641 589 3720 apparet
613 3634 698 3718 quod
723 3636 776 3697 nix
795 3634 924 3698 dimidio
941 3634 1071 3697 saeculo
1095 3638 1169 3716 post
1185 3631 1294 3696 Seleu·

153 3732 294 3836 cidarum
319 3732 526 3805 dominationi
518 3739 720 3804 firmissimo
745 3740 942 3804 munimento
966 3744 1049 3818 erat,
1070 3756 1132 3820 qno
1149 3741 1294 3820 tempore

217 3831 349 3916 ¹dt
346 3861 378 3914 R.
391 3862 545 3926 ·‚Roolrette
565 3861 636 3914 urst.
656 3862 717 3912 crit
739 3860 787 3912 des
806 3860 928 3911 colonie-r
949 3859 1088 3926 Grecqnes
1107 3857 1145 3909 lv
1168 3856 1224 3910 lut.

251 3938 450 4017 ¹Droysonl.
472 3965 494 4001 c.
515 3967 539 4014 p.
559 3948 618 4001 260.

255 4035 540 4099 resumeretis,
566 4035 638 4087 Hist.
658 4037 704 4086 des
735 4034 858 4086 colonias
889 4048 1025 4100 greoqucs
1056 4031 1096 4084 IV
1127 4030 1186 4084 121.
1240 4031 1293 4092 Qui

154 4126 224 4191 quod
245 4122 416 4191 quorundam
443 4121 562 4174 fabellas
582 4119 770 4172 Alexandrum
791 4119 932 4186 Smyrnam
959 4118 1108 4169 restituisse
1127 4115 1293 4168 tradentium

154 4212 266 4275 respuit,
287 4209 391 4274 optimo
411 4209 470 4259 iure
490 4207 589 4257 iecisse
614 4207 679 4258 milri
700 4205 817 4257 ridetur.
857 4203 981 4267 ltrsndis,
1002 4204 1176 4256 Mt‘rnzwesen
1196 4219 1220 4269 p.
1234 4201 1294 4256 330.

158 4297 292 4364 Mylonss,
318 4295 358 4347 De
384 4297 598 4364 Smyrnaeorum
617 4293 701 4346 rebus
724 4293 818 4362 gestis.
855 4292 978 4357 Gotting.
1000 4290 1067 4345 1866
1092 4306 1117 4360 p.
1136 4289 1170 4341 26
1189 4288 1294 4356 adn.2;

155 4399 180 4449 p.
199 4381 234 4438 30
251 4399 290 4452 sq.
