<?xml version="1.0" encoding="UTF-8"?>
<!DOCTYPE html PUBLIC "-//W3C//DTD XHTML 1.0 Transitional//EN"
    "http://www.w3.org/TR/xhtml1/DTD/xhtml1-transitional.dtd">
<html xmlns="http://www.w3.org/1999/xhtml" xml:lang="en" lang="en">
 <head>
  <title>
</title>
<meta http-equiv="Content-Type" content="text/html;charset=utf-8" />
  <meta name='ocr-system' content='tesseract 3.04.00' />
  <meta name='ocr-capabilities' content='ocr_page ocr_carea ocr_par ocr_line ocrx_word'/>
</head>
<body>
  <div class='ocr_page' id='page_1' title='image "./dissertationesp00stragoog/dissertationesp00stragoog_0530.png"; bbox 0 0 2956 4822; ppageno 0'>
   <div class='ocr_carea' id='block_1_1' title="bbox 692 341 1308 428">
    <p class='ocr_par' dir='ltr' id='par_1_1' title="bbox 692 341 1308 428">
     <span class='ocr_line' id='line_1_1' title="bbox 692 341 1308 428; baseline 0.006 -20"><span class='ocrx_word' id='word_1_1' title='bbox 692 341 783 428; x_wconf 85' lang='lat'>[215]</span> <span class='ocrx_word' id='word_1_2' title='bbox 1247 350 1308 413; x_wconf 84' lang='lat'>119</span> 
     </span>
    </p>
   </div>
   <div class='ocr_carea' id='block_1_2' title="bbox 168 536 1309 1039">
    <p class='ocr_par' dir='ltr' id='par_1_2' title="bbox 168 536 1309 1039">
     <span class='ocr_line' id='line_1_2' title="bbox 168 536 1307 623; baseline 0.003 -23"><span class='ocrx_word' id='word_1_3' title='bbox 168 536 301 617; x_wconf 78' lang='lat' dir='ltr'>senatui,</span> <span class='ocrx_word' id='word_1_4' title='bbox 326 537 447 620; x_wconf 88' lang='lat' dir='ltr'>optime</span> <span class='ocrx_word' id='word_1_5' title='bbox 471 542 578 599; x_wconf 87' lang='lat' dir='ltr'>autem</span> <span class='ocrx_word' id='word_1_6' title='bbox 602 536 751 599; x_wconf 91' lang='lat' dir='ltr'>conuenit</span> <span class='ocrx_word' id='word_1_7' title='bbox 774 536 911 619; x_wconf 83' lang='lat' dir='ltr'>collegio</span> <span class='ocrx_word' id='word_1_8' title='bbox 937 545 1095 621; x_wconf 87' lang='lat' dir='ltr'>perpetuo</span> <span class='ocrx_word' id='word_1_9' title='bbox 1128 539 1307 623; x_wconf 86' lang='lat' dir='ltr'>prytanium</span> 
     </span>
     <span class='ocr_line' id='line_1_3' title="bbox 170 639 1309 725; baseline 0.004 -22"><span class='ocrx_word' id='word_1_10' title='bbox 170 640 272 704; x_wconf 85' lang='lat' dir='ltr'>simili.</span> <span class='ocrx_word' id='word_1_11' title='bbox 319 639 433 724; x_wconf 83' lang='lat' dir='ltr'>Neque</span> <span class='ocrx_word' id='word_1_12' title='bbox 462 639 558 703; x_wconf 86' lang='lat' dir='ltr'>ullam</span> <span class='ocrx_word' id='word_1_13' title='bbox 589 640 663 703; x_wconf 91' lang='lat' dir='ltr'>noui</span> <span class='ocrx_word' id='word_1_14' title='bbox 689 641 788 703; x_wconf 89' lang='lat' dir='ltr'>totius</span> <span class='ocrx_word' id='word_1_15' title='bbox 813 641 1013 725; x_wconf 77' lang='lat' dir='ltr'>antiquitatis</span> <span class='ocrx_word' id='word_1_16' title='bbox 1037 641 1197 705; x_wconf 83' lang='lat' dir='ltr'>ciuitatem</span> <span class='ocrx_word' id='word_1_17' title='bbox 1220 644 1309 707; x_wconf 90' lang='lat' dir='ltr'>cuius</span> 
     </span>
     <span class='ocr_line' id='line_1_4' title="bbox 169 743 1308 830; baseline 0.002 -22"><span class='ocrx_word' id='word_1_18' title='bbox 169 752 299 808; x_wconf 89' lang='lat' dir='ltr'>senatus</span> <span class='ocrx_word' id='word_1_19' title='bbox 322 752 478 827; x_wconf 89' lang='lat' dir='ltr'>perpetuo</span> <span class='ocrx_word' id='word_1_20' title='bbox 512 743 701 808; x_wconf 78' lang='lat' dir='ltr'>consederit.</span> <span class='ocrx_word' id='word_1_21' title='bbox 757 743 858 807; x_wconf 90' lang='lat' dir='ltr'>lrnmo</span> <span class='ocrx_word' id='word_1_22' title='bbox 887 752 923 808; x_wconf 93' lang='lat' dir='ltr'>ut</span> <span class='ocrx_word' id='word_1_23' title='bbox 946 745 1081 809; x_wconf 84' lang='lat' dir='ltr'>Athenis</span> <span class='ocrx_word' id='word_1_24' title='bbox 1113 748 1308 830; x_wconf 75' lang='lat' dir='ltr'>prytanium,</span> 
     </span>
     <span class='ocr_line' id='line_1_5' title="bbox 169 847 1307 932; baseline 0.004 -23"><span class='ocrx_word' id='word_1_25' title='bbox 169 847 213 910; x_wconf 90' lang='lat' dir='ltr'>sic</span> <span class='ocrx_word' id='word_1_26' title='bbox 249 847 334 931; x_wconf 87' lang='lat' dir='ltr'>apud</span> <span class='ocrx_word' id='word_1_27' title='bbox 379 848 514 910; x_wconf 87' lang='lat' dir='ltr'>Aetolos</span> <span class='ocrx_word' id='word_1_28' title='bbox 553 848 774 931; x_wconf 85' lang='lat' dir='ltr'>apocletorum</span> <span class='ocrx_word' id='word_1_29' title='bbox 813 848 982 932; x_wconf 81' lang='lat' dir='ltr'>collegium</span> <span class='ocrx_word' id='word_1_30' title='bbox 1029 871 1068 911; x_wconf 86' lang='lat' dir='ltr'>ex</span> <span class='ocrx_word' id='word_1_31' title='bbox 1107 851 1307 914; x_wconf 86' lang='lat' dir='ltr'>senatoribus</span> 
     </span>
     <span class='ocr_line' id='line_1_6' title="bbox 168 952 1307 1039; baseline 0 -23"><span class='ocrx_word' id='word_1_32' title='bbox 168 953 319 1016; x_wconf 85' lang='lat' dir='ltr'>selectum</span> <span class='ocrx_word' id='word_1_33' title='bbox 344 952 440 1016; x_wconf 88' lang='lat' dir='ltr'>fuisso</span> <span class='ocrx_word' id='word_1_34' title='bbox 472 952 615 1033; x_wconf 83' lang='lat' dir='ltr'>uidetur,</span> <span class='ocrx_word' id='word_1_35' title='bbox 648 952 734 1037; x_wconf 91' lang='lat' dir='ltr'>quod</span> <span class='ocrx_word' id='word_1_36' title='bbox 767 953 860 1016; x_wconf 85' lang='lat' dir='ltr'>simili</span> <span class='ocrx_word' id='word_1_37' title='bbox 894 966 990 1036; x_wconf 83' lang='lat' dir='ltr'>utque</span> <span class='ocrx_word' id='word_1_38' title='bbox 1024 963 1175 1039; x_wconf 79' lang='lat' dir='ltr'>prytanea</span> <span class='ocrx_word' id='word_1_39' title='bbox 1208 955 1307 1017; x_wconf 89' lang='lat' dir='ltr'>Athe·</span> 
     </span>
    </p>
   </div>
   <div class='ocr_carea' id='block_1_3' title="bbox 160 1054 1308 2182">
    <p class='ocr_par' dir='ltr' id='par_1_3' title="bbox 160 1054 1308 1557">
     <span class='ocr_line' id='line_1_7' title="bbox 169 1054 1308 1142; baseline 0.002 -22"><span class='ocrx_word' id='word_1_40' title='bbox 169 1057 325 1120; x_wconf 86' lang='lat' dir='ltr'>niensium</span> <span class='ocrx_word' id='word_1_41' title='bbox 360 1079 490 1121; x_wconf 87' lang='lat' dir='ltr'>munero</span> <span class='ocrx_word' id='word_1_42' title='bbox 526 1056 722 1140; x_wconf 79' lang='lat' dir='ltr'>fungebatur</span> <span class='ocrx_word' id='word_1_43' title='bbox 760 1054 1000 1141; x_wconf 85' lang='lat' dir='ltr'>(praeterquam</span> <span class='ocrx_word' id='word_1_44' title='bbox 1041 1058 1126 1142; x_wconf 92' lang='lat' dir='ltr'>quod</span> <span class='ocrx_word' id='word_1_45' title='bbox 1165 1065 1308 1142; x_wconf 87' lang='lat' dir='ltr'>potestas</span> 
     </span>
     <span class='ocr_line' id='line_1_8' title="bbox 160 1149 1307 1245; baseline 0.003 -21"><span class='ocrx_word' id='word_1_46' title='bbox 160 1177 277 1224; x_wconf 75' lang='lat' dir='ltr'>&#39;corum</span> <span class='ocrx_word' id='word_1_47' title='bbox 304 1149 413 1225; x_wconf 87' lang='lat' dir='ltr'>¹maior</span> <span class='ocrx_word' id='word_1_48' title='bbox 449 1161 568 1242; x_wconf 83' lang='lat' dir='ltr'>fucrit).</span> <span class='ocrx_word' id='word_1_49' title='bbox 617 1161 707 1234; x_wconf 82' lang='lat' dir='ltr'>Quae</span> <span class='ocrx_word' id='word_1_50' title='bbox 745 1182 794 1225; x_wconf 83' lang='lat' dir='ltr'>res</span> <span class='ocrx_word' id='word_1_51' title='bbox 826 1163 1054 1245; x_wconf 83' lang='lat' dir='ltr'>comprobatur</span> <span class='ocrx_word' id='word_1_52' title='bbox 1086 1162 1169 1226; x_wconf 91' lang='lat' dir='ltr'>Liuii</span> <span class='ocrx_word' id='word_1_53' title='bbox 1201 1163 1307 1227; x_wconf 86' lang='lat' dir='ltr'>uerbis</span> 
     </span>
     <span class='ocr_line' id='line_1_9' title="bbox 168 1265 1307 1351; baseline 0.002 -23"><span class='ocrx_word' id='word_1_54' title='bbox 168 1265 301 1329; x_wconf 88' lang='lat' dir='ltr'>XXXV</span> <span class='ocrx_word' id='word_1_55' title='bbox 325 1268 383 1329; x_wconf 81' lang='lat'>34:</span> <span class='ocrx_word' id='word_1_56' title='bbox 414 1267 586 1351; x_wconf 83' lang='lat' dir='ltr'>‘apocletos</span> <span class='ocrx_word' id='word_1_57' title='bbox 612 1302 648 1312; x_wconf 87' lang='lat'>-</span> <span class='ocrx_word' id='word_1_58' title='bbox 674 1267 718 1328; x_wconf 86' lang='lat' dir='ltr'>ita</span> <span class='ocrx_word' id='word_1_59' title='bbox 749 1273 864 1329; x_wconf 85' lang='lat' dir='ltr'>uocant</span> <span class='ocrx_word' id='word_1_60' title='bbox 895 1268 1035 1329; x_wconf 86' lang='lat' dir='ltr'>sanctius</span> <span class='ocrx_word' id='word_1_61' title='bbox 1059 1267 1241 1332; x_wconf 88' lang='lat' dir='ltr'>consilium:</span> <span class='ocrx_word' id='word_1_62' title='bbox 1266 1290 1307 1332; x_wconf 84' lang='lat' dir='ltr'>ex</span> 
     </span>
     <span class='ocr_line' id='line_1_10' title="bbox 168 1367 1306 1456; baseline 0.004 -25"><span class='ocrx_word' id='word_1_63' title='bbox 168 1368 302 1433; x_wconf 89' lang='lat' dir='ltr'>delectis</span> <span class='ocrx_word' id='word_1_64' title='bbox 326 1377 451 1434; x_wconf 85' lang='lat' dir='ltr'>constat</span> <span class='ocrx_word' id='word_1_65' title='bbox 467 1367 566 1449; x_wconf 84' lang='lat' dir='ltr'>uiris&#39;3</span> <span class='ocrx_word' id='word_1_66' title='bbox 591 1368 741 1433; x_wconf 85' lang='lat' dir='ltr'>XXXVI</span> <span class='ocrx_word' id='word_1_67' title='bbox 758 1370 816 1433; x_wconf 72' lang='lat'>98:</span> <span class='ocrx_word' id='word_1_68' title='bbox 840 1370 979 1434; x_wconf 80' lang='lat' dir='ltr'>‘consilio</span> <span class='ocrx_word' id='word_1_69' title='bbox 997 1370 1203 1449; x_wconf 87' lang='lat' dir='ltr'>delectorum,</span> <span class='ocrx_word' id='word_1_70' title='bbox 1226 1391 1306 1456; x_wconf 87' lang='lat' dir='ltr'>quos</span> 
     </span>
     <span class='ocr_line' id='line_1_11' title="bbox 169 1463 699 1557; baseline 0.004 -21"><span class='ocrx_word' id='word_1_71' title='bbox 169 1474 333 1557; x_wconf 84' lang='lat' dir='ltr'>apocletos</span> <span class='ocrx_word' id='word_1_72' title='bbox 356 1471 490 1539; x_wconf 87' lang='lat' dir='ltr'>uocant’.</span> <span class='ocrx_word' id='word_1_73' title='bbox 695 1463 699 1475; x_wconf 37' lang='grc' dir='ltr'><em>Ι</em></span> 
     </span>
    </p>

    <p class='ocr_par' dir='ltr' id='par_1_4' title="bbox 167 1576 1308 2182">
     <span class='ocr_line' id='line_1_12' title="bbox 272 1576 1308 1662; baseline 0.002 -22"><span class='ocrx_word' id='word_1_74' title='bbox 272 1576 421 1641; x_wconf 85' lang='lat' dir='ltr'>Ceterum</span> <span class='ocrx_word' id='word_1_75' title='bbox 446 1586 477 1641; x_wconf 89' lang='lat' dir='ltr'>et</span> <span class='ocrx_word' id='word_1_76' title='bbox 500 1579 587 1662; x_wconf 90' lang='lat' dir='ltr'>ipsos</span> <span class='ocrx_word' id='word_1_77' title='bbox 610 1579 774 1661; x_wconf 83' lang='lat' dir='ltr'>apocletos</span> <span class='ocrx_word' id='word_1_78' title='bbox 797 1577 874 1641; x_wconf 87' lang='lat' dir='ltr'>satis</span> <span class='ocrx_word' id='word_1_79' title='bbox 899 1578 1016 1641; x_wconf 91' lang='lat' dir='ltr'>multos</span> <span class='ocrx_word' id='word_1_80' title='bbox 1039 1578 1137 1643; x_wconf 87' lang='lat' dir='ltr'>fuisse</span> <span class='ocrx_word' id='word_1_81' title='bbox 1169 1579 1209 1643; x_wconf 89' lang='lat' dir='ltr'>ab</span> <span class='ocrx_word' id='word_1_82' title='bbox 1241 1601 1308 1642; x_wconf 93' lang='lat' dir='ltr'>om-</span> 
     </span>
     <span class='ocr_line' id='line_1_13' title="bbox 167 1681 1306 1766; baseline 0.001 -21"><span class='ocrx_word' id='word_1_83' title='bbox 167 1681 260 1745; x_wconf 91' lang='lat' dir='ltr'>nibus</span> <span class='ocrx_word' id='word_1_84' title='bbox 276 1681 343 1746; x_wconf 87' lang='lat' dir='ltr'>fore</span> <span class='ocrx_word' id='word_1_85' title='bbox 358 1683 412 1766; x_wconf 85' lang='lat' dir='ltr'>qui</span> <span class='ocrx_word' id='word_1_86' title='bbox 428 1682 468 1744; x_wconf 90' lang='lat' dir='ltr'>dc</span> <span class='ocrx_word' id='word_1_87' title='bbox 487 1682 545 1744; x_wconf 86' lang='lat' dir='ltr'>hac</span> <span class='ocrx_word' id='word_1_88' title='bbox 565 1702 599 1744; x_wconf 89' lang='lat' dir='ltr'>re</span> <span class='ocrx_word' id='word_1_89' title='bbox 619 1681 813 1765; x_wconf 84' lang='lat' dir='ltr'>scripserunt</span> <span class='ocrx_word' id='word_1_90' title='bbox 832 1682 908 1745; x_wconf 91' lang='lat' dir='ltr'>uiris</span> <span class='ocrx_word' id='word_1_91' title='bbox 930 1683 1031 1744; x_wconf 88' lang='lat' dir='ltr'>doctis</span> <span class='ocrx_word' id='word_1_92' title='bbox 1046 1682 1306 1746; x_wconf 87' lang='lat' dir='ltr'>animaduersum</span> 
     </span>
     <span class='ocr_line' id='line_1_14' title="bbox 168 1786 1305 1871; baseline 0.004 -23"><span class='ocrx_word' id='word_1_93' title='bbox 168 1794 226 1865; x_wconf 83' lang='lat' dir='ltr'>est,</span> <span class='ocrx_word' id='word_1_94' title='bbox 250 1807 320 1849; x_wconf 91' lang='lat' dir='ltr'>cum</span> <span class='ocrx_word' id='word_1_95' title='bbox 344 1807 384 1849; x_wconf 80' lang='lat' dir='ltr'>ex</span> <span class='ocrx_word' id='word_1_96' title='bbox 408 1788 453 1850; x_wconf 87' lang='lat' dir='ltr'>eis</span> <span class='ocrx_word' id='word_1_97' title='bbox 478 1787 610 1871; x_wconf 84' lang='lat' dir='ltr'>triginta</span> <span class='ocrx_word' id='word_1_98' title='bbox 632 1786 747 1850; x_wconf 86' lang='lat' dir='ltr'>delecti</span> <span class='ocrx_word' id='word_1_99' title='bbox 770 1788 842 1862; x_wconf 88' lang='lat' dir='ltr'>sint,</span> <span class='ocrx_word' id='word_1_100' title='bbox 865 1788 918 1871; x_wconf 87' lang='lat' dir='ltr'>qui</span> <span class='ocrx_word' id='word_1_101' title='bbox 943 1808 1015 1850; x_wconf 91' lang='lat' dir='ltr'>cum</span> <span class='ocrx_word' id='word_1_102' title='bbox 1038 1786 1199 1849; x_wconf 86' lang='lat' dir='ltr'>Antiocho</span> <span class='ocrx_word' id='word_1_103' title='bbox 1229 1809 1305 1871; x_wconf 85' lang='lat' dir='ltr'>rege</span> 
     </span>
     <span class='ocr_line' id='line_1_15' title="bbox 167 1888 1304 1972; baseline -0.001 -22"><span class='ocrx_word' id='word_1_104' title='bbox 167 1888 207 1954; x_wconf 88' lang='lat' dir='ltr'>de</span> <span class='ocrx_word' id='word_1_105' title='bbox 223 1888 305 1953; x_wconf 89' lang='lat' dir='ltr'>bello</span> <span class='ocrx_word' id='word_1_106' title='bbox 321 1889 539 1954; x_wconf 77' lang='lat' dir='ltr'>consultarent</span> <span class='ocrx_word' id='word_1_107' title='bbox 555 1888 641 1972; x_wconf 84' lang='lat' dir='ltr'>(Por.</span> <span class='ocrx_word' id='word_1_108' title='bbox 655 1889 721 1952; x_wconf 89' lang='lat' dir='ltr'>XX</span> <span class='ocrx_word' id='word_1_109' title='bbox 736 1893 762 1954; x_wconf 94' lang='lat'>1.</span> <span class='ocrx_word' id='word_1_110' title='bbox 793 1912 822 1954; x_wconf 87' lang='lat' dir='ltr'>a.</span> <span class='ocrx_word' id='word_1_111' title='bbox 838 1889 874 1954; x_wconf 80' lang='lat'>0.</span> <span class='ocrx_word' id='word_1_112' title='bbox 892 1889 976 1972; x_wconf 82' lang='lat'>191).</span> <span class='ocrx_word' id='word_1_113' title='bbox 1013 1889 1136 1954; x_wconf 76' lang='lat' dir='ltr'>&#39;sannen</span> <span class='ocrx_word' id='word_1_114' title='bbox 1155 1889 1304 1969; x_wconf 85' lang='lat' dir='ltr'>maiorem</span> 
     </span>
     <span class='ocr_line' id='line_1_16' title="bbox 169 1992 1306 2079; baseline -0.002 -24"><span class='ocrx_word' id='word_1_115' title='bbox 169 2013 280 2057; x_wconf 87' lang='lat' dir='ltr'>eorum</span> <span class='ocrx_word' id='word_1_116' title='bbox 303 2014 469 2058; x_wconf 89' lang='lat' dir='ltr'>numerum</span> <span class='ocrx_word' id='word_1_117' title='bbox 493 1993 592 2057; x_wconf 87' lang='lat' dir='ltr'>fuisse</span> <span class='ocrx_word' id='word_1_118' title='bbox 610 2015 705 2078; x_wconf 89' lang='lat' dir='ltr'>quam</span> <span class='ocrx_word' id='word_1_119' title='bbox 723 1994 904 2079; x_wconf 85' lang='lat' dir='ltr'>prytanium</span> <span class='ocrx_word' id='word_1_120' title='bbox 920 1994 1165 2058; x_wconf 87' lang='lat' dir='ltr'>Atheniensium</span> <span class='ocrx_word' id='word_1_121' title='bbox 1182 2015 1222 2057; x_wconf 84' lang='lat' dir='ltr'>ex</span> <span class='ocrx_word' id='word_1_122' title='bbox 1247 1992 1306 2054; x_wconf 86' lang='lat' dir='ltr'>hac</span> 
     </span>
     <span class='ocr_line' id='line_1_17' title="bbox 168 2096 561 2182; baseline 0.005 -23"><span class='ocrx_word' id='word_1_123' title='bbox 168 2117 202 2159; x_wconf 90' lang='lat' dir='ltr'>re</span> <span class='ocrx_word' id='word_1_124' title='bbox 227 2096 309 2160; x_wconf 88' lang='lat' dir='ltr'>effici</span> <span class='ocrx_word' id='word_1_125' title='bbox 333 2118 397 2160; x_wconf 92' lang='lat' dir='ltr'>non</span> <span class='ocrx_word' id='word_1_126' title='bbox 422 2098 561 2182; x_wconf 82' lang='lat' dir='ltr'>potest1.</span> 
     </span>
    </p>
   </div>
   <div class='ocr_carea' id='block_1_4' title="bbox 168 2304 1308 3326">
    <p class='ocr_par' dir='ltr' id='par_1_5' title="bbox 168 2304 1308 3326">
     <span class='ocr_line' id='line_1_18' title="bbox 271 2304 1307 2390; baseline 0.001 -22"><span class='ocrx_word' id='word_1_127' title='bbox 271 2305 369 2369; x_wconf 85' lang='lat' dir='ltr'>Haud</span> <span class='ocrx_word' id='word_1_128' title='bbox 395 2306 523 2370; x_wconf 88' lang='lat' dir='ltr'>minoris</span> <span class='ocrx_word' id='word_1_129' title='bbox 547 2316 634 2371; x_wconf 87' lang='lat' dir='ltr'>certe</span> <span class='ocrx_word' id='word_1_130' title='bbox 659 2307 809 2371; x_wconf 86' lang='lat' dir='ltr'>momenti</span> <span class='ocrx_word' id='word_1_131' title='bbox 826 2315 875 2369; x_wconf 89' lang='lat' dir='ltr'>cst</span> <span class='ocrx_word' id='word_1_132' title='bbox 898 2305 983 2390; x_wconf 91' lang='lat' dir='ltr'>quod</span> <span class='ocrx_word' id='word_1_133' title='bbox 1006 2305 1046 2369; x_wconf 88' lang='lat' dir='ltr'>de</span> <span class='ocrx_word' id='word_1_134' title='bbox 1069 2304 1193 2369; x_wconf 86' lang='lat' dir='ltr'>tributis</span> <span class='ocrx_word' id='word_1_135' title='bbox 1209 2305 1307 2369; x_wconf 89' lang='lat' dir='ltr'>Aeto-</span> 
     </span>
     <span class='ocr_line' id='line_1_19' title="bbox 169 2409 1306 2493; baseline 0.001 -22"><span class='ocrx_word' id='word_1_136' title='bbox 169 2410 272 2473; x_wconf 93' lang='lat' dir='ltr'>lorum</span> <span class='ocrx_word' id='word_1_137' title='bbox 296 2430 336 2472; x_wconf 85' lang='lat' dir='ltr'>ex</span> <span class='ocrx_word' id='word_1_138' title='bbox 361 2409 420 2472; x_wconf 93' lang='lat' dir='ltr'>hoc</span> <span class='ocrx_word' id='word_1_139' title='bbox 445 2410 515 2474; x_wconf 93' lang='lat' dir='ltr'>loco</span> <span class='ocrx_word' id='word_1_140' title='bbox 540 2410 698 2483; x_wconf 82' lang='lat' dir='ltr'>discimus,</span> <span class='ocrx_word' id='word_1_141' title='bbox 721 2410 842 2473; x_wconf 86' lang='lat' dir='ltr'>scilicet</span> <span class='ocrx_word' id='word_1_142' title='bbox 857 2428 915 2492; x_wconf 87' lang='lat' dir='ltr'>pro</span> <span class='ocrx_word' id='word_1_143' title='bbox 932 2416 1000 2472; x_wconf 83' lang='lat' dir='ltr'>rata</span> <span class='ocrx_word' id='word_1_144' title='bbox 1017 2416 1107 2493; x_wconf 87' lang='lat' dir='ltr'>parto</span> <span class='ocrx_word' id='word_1_145' title='bbox 1123 2416 1306 2472; x_wconf 86' lang='lat' dir='ltr'>senatorum</span> 
     </span>
     <span class='ocr_line' id='line_1_20' title="bbox 170 2512 1308 2597; baseline 0.001 -22"><span class='ocrx_word' id='word_1_146' title='bbox 170 2534 250 2596; x_wconf 88' lang='lat' dir='ltr'>quos</span> <span class='ocrx_word' id='word_1_147' title='bbox 273 2513 418 2596; x_wconf 83' lang='lat' dir='ltr'>singulae</span> <span class='ocrx_word' id='word_1_148' title='bbox 442 2513 588 2576; x_wconf 85' lang='lat' dir='ltr'>ciuitates</span> <span class='ocrx_word' id='word_1_149' title='bbox 612 2513 652 2575; x_wconf 86' lang='lat' dir='ltr'>ad</span> <span class='ocrx_word' id='word_1_150' title='bbox 676 2513 857 2597; x_wconf 83' lang='lat' dir='ltr'>synedrium</span> <span class='ocrx_word' id='word_1_151' title='bbox 881 2514 1054 2584; x_wconf 80' lang='lat' dir='ltr'>mitterent,</span> <span class='ocrx_word' id='word_1_152' title='bbox 1077 2533 1116 2576; x_wconf 90' lang='lat' dir='ltr'>ea</span> <span class='ocrx_word' id='word_1_153' title='bbox 1139 2512 1308 2576; x_wconf 87' lang='lat' dir='ltr'>distributa</span> 
     </span>
     <span class='ocr_line' id='line_1_21' title="bbox 168 2615 1306 2701; baseline -0.001 -23"><span class='ocrx_word' id='word_1_154' title='bbox 168 2615 274 2681; x_wconf 84' lang='lat' dir='ltr'>luisse.</span> <span class='ocrx_word' id='word_1_155' title='bbox 321 2617 450 2691; x_wconf 84' lang='lat' dir='ltr'>Quare</span> <span class='ocrx_word' id='word_1_156' title='bbox 474 2617 660 2680; x_wconf 87' lang='lat' dir='ltr'>refelluntur</span> <span class='ocrx_word' id='word_1_157' title='bbox 685 2626 723 2680; x_wconf 79' lang='lat' dir='ltr'>ec</span> <span class='ocrx_word' id='word_1_158' title='bbox 746 2637 828 2701; x_wconf 84' lang='lat' dir='ltr'>quae</span> <span class='ocrx_word' id='word_1_159' title='bbox 853 2617 892 2679; x_wconf 86' lang='lat' dir='ltr'>dc</span> <span class='ocrx_word' id='word_1_160' title='bbox 921 2615 1102 2679; x_wconf 89' lang='lat' dir='ltr'>ciuitatibus</span> <span class='ocrx_word' id='word_1_161' title='bbox 1134 2615 1306 2679; x_wconf 89' lang='lat' dir='ltr'>tributariis</span> 
     </span>
     <span class='ocr_line' id='line_1_22' title="bbox 169 2719 1307 2806; baseline -0.001 -23"><span class='ocrx_word' id='word_1_162' title='bbox 169 2742 272 2804; x_wconf 82' lang='lat' dir='ltr'>neque</span> <span class='ocrx_word' id='word_1_163' title='bbox 288 2721 365 2784; x_wconf 88' lang='lat' dir='ltr'>iuris</span> <span class='ocrx_word' id='word_1_164' title='bbox 380 2721 568 2806; x_wconf 87' lang='lat' dir='ltr'>sympolitici</span> <span class='ocrx_word' id='word_1_165' title='bbox 584 2721 677 2804; x_wconf 90' lang='lat' dir='ltr'>plene</span> <span class='ocrx_word' id='word_1_166' title='bbox 694 2720 899 2804; x_wconf 90' lang='lat' dir='ltr'>participibus</span> <span class='ocrx_word' id='word_1_167' title='bbox 916 2719 1042 2803; x_wconf 87' lang='lat' dir='ltr'>quidam</span> <span class='ocrx_word' id='word_1_168' title='bbox 1064 2719 1307 2798; x_wconf 87' lang='lat' dir='ltr'>contenderunt,</span> 
     </span>
     <span class='ocr_line' id='line_1_23' title="bbox 168 2823 1306 2909; baseline 0 -23"><span class='ocrx_word' id='word_1_169' title='bbox 168 2825 199 2887; x_wconf 92' lang='lat' dir='ltr'>in</span> <span class='ocrx_word' id='word_1_170' title='bbox 230 2823 345 2909; x_wconf 85' lang='lat' dir='ltr'>quibus</span> <span class='ocrx_word' id='word_1_171' title='bbox 378 2834 428 2889; x_wconf 90' lang='lat' dir='ltr'>est</span> <span class='ocrx_word' id='word_1_172' title='bbox 458 2827 527 2908; x_wconf 85' lang='lat' dir='ltr'>ipse</span> <span class='ocrx_word' id='word_1_173' title='bbox 558 2824 745 2909; x_wconf 87' lang='lat' dir='ltr'>Droysenus</span> <span class='ocrx_word' id='word_1_174' title='bbox 777 2824 829 2887; x_wconf 85' lang='lat' dir='ltr'>III</span> <span class='ocrx_word' id='word_1_175' title='bbox 865 2827 892 2905; x_wconf 85' lang='lat'>1,</span> <span class='ocrx_word' id='word_1_176' title='bbox 926 2826 999 2886; x_wconf 73' lang='lat'>447.</span> <span class='ocrx_word' id='word_1_177' title='bbox 1055 2823 1118 2885; x_wconf 90' lang='lat' dir='ltr'>Hic</span> <span class='ocrx_word' id='word_1_178' title='bbox 1150 2825 1233 2886; x_wconf 89' lang='lat' dir='ltr'>eninr</span> <span class='ocrx_word' id='word_1_179' title='bbox 1267 2844 1306 2886; x_wconf 81' lang='lat' dir='ltr'>ex</span> 
     </span>
     <span class='ocr_line' id='line_1_24' title="bbox 170 2925 1308 3014; baseline -0.001 -23"><span class='ocrx_word' id='word_1_180' title='bbox 170 2927 297 2992; x_wconf 84' lang='lat' dir='ltr'>Aeliani</span> <span class='ocrx_word' id='word_1_181' title='bbox 322 2929 510 3013; x_wconf 87' lang='lat' dir='ltr'>quibusdam</span> <span class='ocrx_word' id='word_1_182' title='bbox 529 2930 639 2993; x_wconf 88' lang='lat' dir='ltr'>uerbis</span> <span class='ocrx_word' id='word_1_183' title='bbox 657 2929 757 3014; x_wconf 81' lang='lat' dir='ltr'>(opud</span> <span class='ocrx_word' id='word_1_184' title='bbox 775 2928 906 2992; x_wconf 83' lang='lat' dir='ltr'>Suidam</span> <span class='ocrx_word' id='word_1_185' title='bbox 923 2951 952 2990; x_wconf 92' lang='lat' dir='ltr'>v.</span> <span class='ocrx_word' id='word_1_186' title='bbox 969 2925 1164 3010; x_wconf 63' lang='grc' dir='ltr'>ἀνήνασθαι)</span> <span class='ocrx_word' id='word_1_187' title='bbox 1182 2927 1308 2992; x_wconf 88' lang='lat' dir='ltr'>efficere</span> 
     </span>
     <span class='ocr_line' id='line_1_25' title="bbox 170 3032 1307 3119; baseline 0.002 -25"><span class='ocrx_word' id='word_1_188' title='bbox 170 3039 304 3096; x_wconf 85' lang='lat' dir='ltr'>conotus</span> <span class='ocrx_word' id='word_1_189' title='bbox 327 3044 385 3108; x_wconf 88' lang='lat' dir='ltr'>est,</span> <span class='ocrx_word' id='word_1_190' title='bbox 409 3034 528 3098; x_wconf 86' lang='lat' dir='ltr'>Locros</span> <span class='ocrx_word' id='word_1_191' title='bbox 545 3033 705 3119; x_wconf 90' lang='lat' dir='ltr'>Opuntios</span> <span class='ocrx_word' id='word_1_192' title='bbox 729 3053 793 3096; x_wconf 93' lang='lat' dir='ltr'>non</span> <span class='ocrx_word' id='word_1_193' title='bbox 817 3041 880 3096; x_wconf 91' lang='lat' dir='ltr'>tam</span> <span class='ocrx_word' id='word_1_194' title='bbox 896 3032 1098 3118; x_wconf 85' lang='lat' dir='ltr'>sympolitiae</span> <span class='ocrx_word' id='word_1_195' title='bbox 1117 3032 1307 3096; x_wconf 88' lang='lat' dir='ltr'>Aetolorum</span> 
     </span>
     <span class='ocr_line' id='line_1_26' title="bbox 168 3135 1308 3222; baseline 0 -23"><span class='ocrx_word' id='word_1_196' title='bbox 168 3138 346 3222; x_wconf 83' lang='lat' dir='ltr'>participes,</span> <span class='ocrx_word' id='word_1_197' title='bbox 369 3159 464 3222; x_wconf 85' lang='lat' dir='ltr'>quom</span> <span class='ocrx_word' id='word_1_198' title='bbox 481 3136 578 3222; x_wconf 72' lang='grc' dir='ltr'><em>φόρου</em></span> <span class='ocrx_word' id='word_1_199' title='bbox 593 3135 750 3214; x_wconf 65' lang='grc' dir='ltr'><em>ὑπο-τελεῖς</em></span> <span class='ocrx_word' id='word_1_200' title='bbox 765 3136 874 3215; x_wconf 83' lang='lat' dir='ltr'>luisse,</span> <span class='ocrx_word' id='word_1_201' title='bbox 890 3136 1090 3221; x_wconf 88' lang='lat' dir='ltr'>eundemque</span> <span class='ocrx_word' id='word_1_202' title='bbox 1106 3137 1158 3200; x_wconf 91' lang='lat' dir='ltr'>uel</span> <span class='ocrx_word' id='word_1_203' title='bbox 1174 3136 1308 3202; x_wconf 90' lang='lat' dir='ltr'>similem</span> 
     </span>
     <span class='ocr_line' id='line_1_27' title="bbox 169 3240 1307 3326; baseline -0.001 -23"><span class='ocrx_word' id='word_1_204' title='bbox 169 3242 200 3303; x_wconf 92' lang='lat' dir='ltr'>in</span> <span class='ocrx_word' id='word_1_205' title='bbox 224 3241 353 3305; x_wconf 89' lang='lat' dir='ltr'>loedere</span> <span class='ocrx_word' id='word_1_206' title='bbox 376 3241 521 3306; x_wconf 85' lang='lat' dir='ltr'>Aetolico</span> <span class='ocrx_word' id='word_1_207' title='bbox 547 3243 652 3305; x_wconf 93' lang='lat' dir='ltr'>locum</span> <span class='ocrx_word' id='word_1_208' title='bbox 677 3249 707 3304; x_wconf 89' lang='lat' dir='ltr'>et</span> <span class='ocrx_word' id='word_1_209' title='bbox 731 3241 945 3326; x_wconf 83' lang='lat' dir='ltr'>Cephalleniis</span> <span class='ocrx_word' id='word_1_210' title='bbox 969 3248 1000 3304; x_wconf 88' lang='lat' dir='ltr'>et</span> <span class='ocrx_word' id='word_1_211' title='bbox 1020 3241 1147 3305; x_wconf 88' lang='lat' dir='ltr'>Boeotis</span> <span class='ocrx_word' id='word_1_212' title='bbox 1171 3249 1202 3303; x_wconf 89' lang='lat' dir='ltr'>et</span> <span class='ocrx_word' id='word_1_213' title='bbox 1218 3240 1307 3304; x_wconf 84' lang='lat' dir='ltr'>Man·</span> 
     </span>
    </p>
   </div>
   <div class='ocr_carea' id='block_1_5' title="bbox 74 3343 1306 3430">
    <p class='ocr_par' dir='ltr' id='par_1_6' title="bbox 74 3343 1306 3430">
     <span class='ocr_line' id='line_1_28' title="bbox 74 3343 1306 3430; baseline -0.002 -22"><span class='ocrx_word' id='word_1_214' title='bbox 74 3409 78 3423; x_wconf 70' lang='lat'>.</span> <span class='ocrx_word' id='word_1_215' title='bbox 170 3346 375 3423; x_wconf 76' lang='lat' dir='ltr'>uticensibus,</span> <span class='ocrx_word' id='word_1_216' title='bbox 398 3346 603 3430; x_wconf 69' lang='lat' dir='ltr'>&#39;legentibus</span> <span class='ocrx_word' id='word_1_217' title='bbox 619 3345 839 3410; x_wconf 90' lang='lat' dir='ltr'>Orchomeniis</span> <span class='ocrx_word' id='word_1_218' title='bbox 863 3354 895 3409; x_wconf 90' lang='lat' dir='ltr'>et</span> <span class='ocrx_word' id='word_1_219' title='bbox 918 3345 1100 3408; x_wconf 85' lang='lat' dir='ltr'>ciuitatibus</span> <span class='ocrx_word' id='word_1_220' title='bbox 1116 3343 1306 3429; x_wconf 85' lang='lat' dir='ltr'>quibusdam</span> 
     </span>
    </p>
   </div>
   <div class='ocr_carea' id='block_1_6' title="bbox 168 3448 1309 4258">
    <p class='ocr_par' dir='ltr' id='par_1_7' title="bbox 168 3448 1309 4258">
     <span class='ocr_line' id='line_1_29' title="bbox 169 3448 1307 3534; baseline -0.003 -22"><span class='ocrx_word' id='word_1_221' title='bbox 169 3449 411 3533; x_wconf 71' lang='lat' dir='ltr'>Hellespontiis„</span> <span class='ocrx_word' id='word_1_222' title='bbox 442 3451 517 3534; x_wconf 90' lang='lat' dir='ltr'>quin</span> <span class='ocrx_word' id='word_1_223' title='bbox 549 3451 643 3513; x_wconf 88' lang='lat' dir='ltr'>etiam</span> <span class='ocrx_word' id='word_1_224' title='bbox 669 3449 752 3513; x_wconf 84' lang='lat' dir='ltr'>Oeiis</span> <span class='ocrx_word' id='word_1_225' title='bbox 776 3450 931 3514; x_wconf 86' lang='lat' dir='ltr'>attribuit.</span> <span class='ocrx_word' id='word_1_226' title='bbox 979 3449 1083 3521; x_wconf 82' lang='lat' dir='ltr'>Quum</span> <span class='ocrx_word' id='word_1_227' title='bbox 1117 3448 1307 3513; x_wconf 87' lang='lat' dir='ltr'>seutentiam</span> 
     </span>
     <span class='ocr_line' id='line_1_30' title="bbox 170 3551 1309 3638; baseline -0.003 -23"><span class='ocrx_word' id='word_1_228' title='bbox 170 3553 285 3617; x_wconf 81' lang='lat' dir='ltr'>uellem</span> <span class='ocrx_word' id='word_1_229' title='bbox 320 3553 413 3616; x_wconf 87' lang='lat' dir='ltr'>etiam</span> <span class='ocrx_word' id='word_1_230' title='bbox 449 3554 660 3618; x_wconf 86' lang='lat' dir='ltr'>confidentius</span> <span class='ocrx_word' id='word_1_231' title='bbox 692 3575 786 3638; x_wconf 85' lang='lat' dir='ltr'>quam</span> <span class='ocrx_word' id='word_1_232' title='bbox 818 3554 907 3632; x_wconf 87' lang='lat' dir='ltr'>lecit,</span> <span class='ocrx_word' id='word_1_233' title='bbox 937 3551 1112 3615; x_wconf 88' lang='lat' dir='ltr'>Vischorus</span> <span class='ocrx_word' id='word_1_234' title='bbox 1147 3552 1309 3615; x_wconf 87' lang='lat' dir='ltr'>reiecisset</span> 
     </span>
     <span class='ocr_line' id='line_1_31' title="bbox 170 3655 1307 3741; baseline -0.002 -21"><span class='ocrx_word' id='word_1_235' title='bbox 170 3656 253 3738; x_wconf 79' lang='lat' dir='ltr'>(Sor.</span> <span class='ocrx_word' id='word_1_236' title='bbox 285 3657 359 3720; x_wconf 91' lang='lat' dir='ltr'>min.</span> <span class='ocrx_word' id='word_1_237' title='bbox 392 3656 407 3719; x_wconf 94' lang='lat' dir='ltr'>I</span> <span class='ocrx_word' id='word_1_238' title='bbox 442 3678 472 3741; x_wconf 88' lang='lat' dir='ltr'>p.</span> <span class='ocrx_word' id='word_1_239' title='bbox 500 3660 563 3721; x_wconf 72' lang='lat'>373</span> <span class='ocrx_word' id='word_1_240' title='bbox 587 3657 660 3722; x_wconf 90' lang='lat' dir='ltr'>adn.</span> <span class='ocrx_word' id='word_1_241' title='bbox 687 3660 721 3738; x_wconf 81' lang='lat'>23</span> <span class='ocrx_word' id='word_1_242' title='bbox 751 3678 782 3741; x_wconf 88' lang='lat' dir='ltr'>p.</span> <span class='ocrx_word' id='word_1_243' title='bbox 806 3657 893 3736; x_wconf 75' lang='lat'>578).</span> <span class='ocrx_word' id='word_1_244' title='bbox 949 3655 1056 3729; x_wconf 70' lang='lat' dir='ltr'>Quane</span> <span class='ocrx_word' id='word_1_245' title='bbox 1089 3655 1148 3716; x_wconf 92' lang='lat' dir='ltr'>hoc</span> <span class='ocrx_word' id='word_1_246' title='bbox 1182 3676 1307 3734; x_wconf 86' lang='lat' dir='ltr'>moneo,</span> 
     </span>
     <span class='ocr_line' id='line_1_32' title="bbox 170 3757 1307 3845; baseline -0.003 -22"><span class='ocrx_word' id='word_1_247' title='bbox 170 3758 291 3839; x_wconf 76' lang='grc' dir='ltr'><em>δασμόν</em></span> <span class='ocrx_word' id='word_1_248' title='bbox 313 3761 400 3823; x_wconf 93' lang='lat' dir='ltr'>illum</span> <span class='ocrx_word' id='word_1_249' title='bbox 424 3762 601 3826; x_wconf 87' lang='lat' dir='ltr'>Locrorum</span> <span class='ocrx_word' id='word_1_250' title='bbox 625 3762 678 3845; x_wconf 90' lang='lat' dir='ltr'>qui</span> <span class='ocrx_word' id='word_1_251' title='bbox 702 3760 742 3823; x_wconf 88' lang='lat' dir='ltr'>ab</span> <span class='ocrx_word' id='word_1_252' title='bbox 767 3757 903 3824; x_wconf 86' lang='lat' dir='ltr'>Aeliano</span> <span class='ocrx_word' id='word_1_253' title='bbox 927 3765 1205 3838; x_wconf 86' lang='lat' dir='ltr'>commemoratur,</span> <span class='ocrx_word' id='word_1_254' title='bbox 1230 3758 1307 3821; x_wconf 90' lang='lat' dir='ltr'>nihil</span> 
     </span>
     <span class='ocr_line' id='line_1_33' title="bbox 170 3860 1308 3948; baseline -0.001 -23"><span class='ocrx_word' id='word_1_255' title='bbox 170 3864 256 3926; x_wconf 84' lang='lat' dir='ltr'>uliud</span> <span class='ocrx_word' id='word_1_256' title='bbox 292 3885 361 3928; x_wconf 84' lang='lat' dir='ltr'>osse</span> <span class='ocrx_word' id='word_1_257' title='bbox 397 3885 491 3948; x_wconf 83' lang='lat' dir='ltr'>quam</span> <span class='ocrx_word' id='word_1_258' title='bbox 523 3886 606 3948; x_wconf 87' lang='lat' dir='ltr'>quac</span> <span class='ocrx_word' id='word_1_259' title='bbox 640 3866 670 3927; x_wconf 92' lang='lat' dir='ltr'>iu</span> <span class='ocrx_word' id='word_1_260' title='bbox 699 3871 806 3927; x_wconf 87' lang='lat' dir='ltr'>nostro</span> <span class='ocrx_word' id='word_1_261' title='bbox 838 3863 932 3927; x_wconf 87' lang='lat' dir='ltr'>titulo</span> <span class='ocrx_word' id='word_1_262' title='bbox 965 3862 1160 3926; x_wconf 86' lang='lat' dir='ltr'>sollemniter</span> <span class='ocrx_word' id='word_1_263' title='bbox 1194 3860 1308 3924; x_wconf 87' lang='lat' dir='ltr'>dicitur</span> 
     </span>
     <span class='ocr_line' id='line_1_34' title="bbox 169 3965 1307 4052; baseline 0 -25"><span class='ocrx_word' id='word_1_264' title='bbox 169 3966 283 4051; x_wconf 68' lang='grc' dir='ltr'><em>ἕσφορά</em></span> <span class='ocrx_word' id='word_1_265' title='bbox 329 3969 372 4049; x_wconf 85' lang='lat' dir='ltr'>(v.</span> <span class='ocrx_word' id='word_1_266' title='bbox 409 3972 450 4031; x_wconf 82' lang='lat'>‘20</span> <span class='ocrx_word' id='word_1_267' title='bbox 495 3967 708 4052; x_wconf 44' lang='lat' dir='ltr'>&amp;imprimam</span> <span class='ocrx_word' id='word_1_268' title='bbox 755 3988 818 4052; x_wconf 85' lang='lat' dir='ltr'>quo</span> <span class='ocrx_word' id='word_1_269' title='bbox 868 3967 994 4031; x_wconf 89' lang='lat' dir='ltr'>nomino</span> <span class='ocrx_word' id='word_1_270' title='bbox 1041 3967 1136 4029; x_wconf 87' lang='lat' dir='ltr'>etiam</span> <span class='ocrx_word' id='word_1_271' title='bbox 1185 3965 1307 4028; x_wconf 87' lang='lat' dir='ltr'>Achaei</span> 
     </span>
     <span class='ocr_line' id='line_1_35' title="bbox 170 4068 1307 4154; baseline -0.003 -21"><span class='ocrx_word' id='word_1_272' title='bbox 170 4070 340 4134; x_wconf 86' lang='lat' dir='ltr'>utebantur</span> <span class='ocrx_word' id='word_1_273' title='bbox 378 4092 435 4154; x_wconf 92' lang='lat' dir='ltr'>pro</span> <span class='ocrx_word' id='word_1_274' title='bbox 476 4071 601 4133; x_wconf 86' lang='lat' dir='ltr'>tributis</span> <span class='ocrx_word' id='word_1_275' title='bbox 642 4091 724 4154; x_wconf 87' lang='lat' dir='ltr'>quac</span> <span class='ocrx_word' id='word_1_276' title='bbox 756 4071 904 4133; x_wconf 85' lang='lat' dir='ltr'>ciuitates</span> <span class='ocrx_word' id='word_1_277' title='bbox 938 4090 1047 4133; x_wconf 89' lang='lat' dir='ltr'>eorum</span> <span class='ocrx_word' id='word_1_278' title='bbox 1083 4068 1123 4130; x_wconf 88' lang='lat' dir='ltr'>ad</span> <span class='ocrx_word' id='word_1_279' title='bbox 1164 4074 1307 4152; x_wconf 91' lang='lat' dir='ltr'>sumptus</span> 
     </span>
     <span class='ocr_line' id='line_1_36' title="bbox 168 4170 1308 4258; baseline 0 -24"><span class='ocrx_word' id='word_1_280' title='bbox 168 4171 313 4256; x_wconf 89' lang='lat' dir='ltr'>publicos</span> <span class='ocrx_word' id='word_1_281' title='bbox 344 4173 546 4258; x_wconf 87' lang='lat' dir='ltr'>sympolitiac</span> <span class='ocrx_word' id='word_1_282' title='bbox 577 4173 787 4237; x_wconf 79' lang='lat' dir='ltr'>conferebant</span> <span class='ocrx_word' id='word_1_283' title='bbox 819 4172 907 4254; x_wconf 79' lang='lat' dir='ltr'>(Pol.</span> <span class='ocrx_word' id='word_1_284' title='bbox 932 4171 980 4235; x_wconf 82' lang='lat' dir='ltr'>IV</span> <span class='ocrx_word' id='word_1_285' title='bbox 1005 4173 1056 4255; x_wconf 88' lang='grc'>60,</span> <span class='ocrx_word' id='word_1_286' title='bbox 1080 4171 1125 4248; x_wconf 80' lang='lat'>4).</span> <span class='ocrx_word' id='word_1_287' title='bbox 1171 4170 1308 4255; x_wconf 80' lang='lat' dir='ltr'>Cephal·</span> 
     </span>
    </p>
   </div>
   <div class='ocr_carea' id='block_1_7' title="bbox 274 4394 1108 4470">
    <p class='ocr_par' dir='ltr' id='par_1_8' title="bbox 274 4394 1108 4470">
     <span class='ocr_line' id='line_1_37' title="bbox 274 4394 1108 4470; baseline -0.002 -18"><span class='ocrx_word' id='word_1_288' title='bbox 274 4403 282 4436; x_wconf 90' lang='lat'><strong>¹</strong></span> <span class='ocrx_word' id='word_1_289' title='bbox 303 4400 345 4453; x_wconf 90' lang='lat' dir='ltr'>Dc</span> <span class='ocrx_word' id='word_1_290' title='bbox 368 4405 478 4454; x_wconf 84' lang='lat' dir='ltr'>senatus</span> <span class='ocrx_word' id='word_1_291' title='bbox 497 4401 657 4454; x_wconf 84' lang='lat' dir='ltr'>Aetolorum</span> <span class='ocrx_word' id='word_1_292' title='bbox 677 4403 827 4470; x_wconf 75' lang='grc' dir='ltr'><em>προστάταις</em></span> <span class='ocrx_word' id='word_1_293' title='bbox 845 4399 881 4450; x_wconf 86' lang='lat' dir='ltr'>cl.</span> <span class='ocrx_word' id='word_1_294' title='bbox 902 4397 977 4449; x_wconf 83' lang='lat' dir='ltr'>infra</span> <span class='ocrx_word' id='word_1_295' title='bbox 996 4397 1031 4449; x_wconf 86' lang='lat' dir='ltr'>ad</span> <span class='ocrx_word' id='word_1_296' title='bbox 1050 4395 1064 4464; x_wconf 67' lang='grc' dir='ltr'>ξ</span> <span class='ocrx_word' id='word_1_297' title='bbox 1083 4394 1108 4451; x_wconf 88' lang='grc'>9.</span> 
     </span>
    </p>
   </div>
   <div class='ocr_carea' id='block_1_8' title="bbox 0 0 1484 4822">
    <p class='ocr_par' dir='ltr' id='par_1_9' title="bbox 0 0 1484 4822">
     <span class='ocr_line' id='line_1_38' title="bbox 0 0 1484 4822; baseline 0 0"><span class='ocrx_word' id='word_1_298' title='bbox 0 0 1484 4822; x_wconf 95' lang='lat' dir='ltr'> </span> 
     </span>
    </p>
   </div>
  </div>
 </body>
</html>
