2956 4822
181 321 222 382 38
703 308 793 393 [134]

179 508 306 586 τούτους
329 514 506 591 λῃτουργεῖν
530 506 626 588 Igitur
656 504 765 569 eodem
796 524 892 567 sensu
916 503 1073 567 intellexit
1096 524 1158 588 quo
1181 503 1231 564 καὶ
1252 497 1322 565 τοί·

179 640 250 691 τους
283 612 398 688 α’τελιῖς
432 608 516 675 εἶναι.
564 609 658 683 Quod
693 629 752 672 suo
789 608 916 693 quidem
951 609 1021 672 iure
1054 606 1321 690 Dittenbergerus

179 718 308 804 spreuit,
332 737 443 781 uerum
467 714 554 800 quod
577 716 645 797 ipse
668 715 848 798 suppleuit:
871 711 935 778 ὅσοι
964 710 1034 775 λ”ιλν
1063 709 1100 776 τοί
1130 712 1245 776 ἐποίκια
1273 708 1320 792 μή

178 828 408 903 μιθιιιριῦνται,
446 818 571 894 τούτους
605 824 784 900 λῃτουργεῖν
806 841 816 881 .·
839 817 954 881 ἐποίκια
987 817 1074 881 nullo
1106 814 1202 879 modo
1235 823 1320 880 stare

179 932 295 1009 potest.
327 924 409 988 Nam
434 946 497 987 non
521 921 560 985 de
584 923 664 986 casis
689 921 745 984 sed
761 920 801 984 de
821 920 969 985 domibus
985 919 1188 984 destruendis
1203 920 1319 1003 agitur.

179 1031 305 1096 Domus
328 1028 471 1093 urbanae
494 1035 603 1090 autem
626 1046 798 1110 numquam
821 1033 897 1088 sunt
919 1026 1034 1088 ἐποίκια
1048 1026 1065 1086 ¹.
1090 1063 1131 1074 -
1154 1023 1320 1088 Sententia

179 1135 254 1221 quid
276 1133 431 1220 postulet,
454 1136 604 1215 apparet:
628 1131 656 1193 ei
677 1130 758 1192 enim
777 1129 962 1193 muneribus
977 1129 1066 1213 fungi
1092 1129 1243 1194 iubentur
1266 1128 1319 1213 qui

179 1239 345 1305 domorum
362 1234 629 1302 exstruendarum
653 1256 729 1298 cura
752 1256 815 1299 non
837 1243 1020 1313 onerentur,
1041 1255 1112 1299 cum
1129 1236 1161 1297 in
1178 1253 1217 1299 ea
1231 1232 1319 1296 urbis

179 1350 271 1428 parte
299 1342 447 1406 habitent
477 1360 560 1425 quae
590 1360 798 1424 permansura
821 1339 871 1403 sit.
918 1339 991 1413 Qua
1022 1360 1057 1402 re
1087 1345 1144 1401 aut
1174 1337 1211 1402 τοὶ
1243 1336 1320 1401 οἰκία

179 1446 381 1511 scribendum
406 1466 475 1509 esse
500 1450 648 1530 apparet,
673 1450 729 1506 aut
749 1443 886 1507 litteram
903 1472 912 1506 ι
928 1442 1087 1527 lapicidae
1103 1462 1209 1507 errore
1227 1442 1320 1505 omis·

178 1571 246 1616 sam
262 1571 342 1615 esse.
373 1548 454 1615 Cum
470 1555 578 1612 autem
602 1548 692 1612 οἰκίον
713 1548 745 1611 in
768 1548 860 1612 titulo
883 1554 995 1612 nostro
1018 1569 1186 1632 nusquam,
1205 1542 1319 1630 ηὀἰκίιι

178 1676 277 1740 saepe
307 1655 503 1734 inueniatur,
533 1673 637 1738 neque
668 1674 722 1716 cur
752 1652 814 1718 boc
844 1654 913 1738 ipso
942 1654 1015 1717 loeo
1039 1653 1237 1716 deminutiuo
1259 1673 1320 1716 rex

179 1781 255 1824 usus
277 1761 326 1833 sit,
351 1759 485 1843 eogitari
508 1758 618 1843 possit,
641 1757 719 1822 illud
744 1764 886 1823 statuere
909 1780 1006 1824 ausus
1031 1779 1094 1822 non
1117 1780 1197 1822 sum.

282 1862 463 1928 Haeremus
497 1870 603 1927 autem
638 1864 669 1927 in
701 1884 781 1927 uoce
815 1868 1044 1945 μιθαιριῦντοι,
1079 1884 1161 1947 quae
1193 1872 1320 1950 praeter

179 1965 347 2052 Odysseae
368 1965 454 2030 VIII
478 1968 540 2032 376
565 1966 595 2030 in
620 1967 732 2032 litteris
755 1966 886 2031 Graecis
910 1969 974 2051 legi
998 1989 1062 2032 non
1086 1967 1233 2049 uidetur,
1265 1967 1320 2031 ubi

178 2069 238 2134 ὁδ’
254 2067 316 2133 aad
327 2069 445 2154 χθονὸς
466 2067 558 2149 dwdo'
583 2068 708 2151 ἀερθείς
728 2069 864 2153 'Perillae
885 2069 1053 2150 μεθέλεσκε
1076 2069 1145 2154 (τήν
1171 2071 1319 2159 σφαῖραν)

179 2182 246 2238 est:
269 2174 369 2258 pilum
393 2174 584 2259 excipiebat.
623 2173 895 2259 Dittenbergerus
917 2184 1026 2240 nostro
1050 2177 1122 2241 loeo
1144 2175 1228 2241 idem
1252 2174 1318 2240 fere

179 2280 265 2363 quod
288 2276 502 2361 μεταβάλλειν,
525 2276 682 2344 cilicinas
698 2301 767 2344 esse
784 2286 893 2345 censet
913 2318 936 2326 -
964 2279 1052 2366 quod
1068 2280 1197 2364 probari
1212 2287 1319 2365 potest

182 2420 218 2429 -
247 2384 325 2466 ,nisi
356 2382 441 2468 quod
472 2384 610 2468 eligendi
641 2386 746 2462 notio,
777 2383 851 2449 huic
874 2386 944 2449 loco
968 2386 1140 2470 aptissima,
1163 2385 1195 2448 in
1219 2383 1318 2449 uerbo

177 2488 283 2552 insit.“
332 2488 424 2562 Quae
468 2489 545 2552 mibi
583 2490 710 2574 quidem
748 2489 822 2552 huie
860 2489 931 2553 loco
969 2490 1096 2554 minime
1134 2497 1212 2573 apta
1249 2508 1319 2552 esse

178 2592 322 2675 uidetur,
354 2593 504 2678 quoniam
527 2614 591 2657 non
616 2594 748 2678 singulis
773 2594 917 2675 ciuibus,
940 2595 996 2659 sed
1021 2595 1142 2660 ciuitati
1166 2616 1224 2660 rex
1247 2614 1318 2679 per·

179 2696 280 2779 misit,
314 2697 443 2762 urbisne
475 2718 548 2783 pars
581 2697 800 2762 destrueretur
829 2720 943 2764 neone.
988 2697 1057 2764 Nisi
1088 2700 1187 2785 igitur
1219 2700 1318 2763 errori

179 2800 314 2866 debetur
336 2801 472 2867 uerbum
495 2803 574 2867 satis
597 2803 779 2880 insolitum,
810 2803 850 2868 de
874 2803 936 2868 alia
959 2825 993 2868 re
1016 2803 1136 2870 dictum
1160 2824 1231 2869 esse
1254 2824 1317 2869 non

178 2912 296 2991 potest,
312 2913 410 2991 atque
422 2906 461 2971 de
475 2906 622 2972 domibus
639 2908 841 2974 destruendis
854 2915 890 2973 ut
902 2910 964 2973 alic
981 2910 1051 2975 Ioco
1068 2915 1318 2973 exstruerentur.

177 3008 286 3083 Quare
308 3016 517 3092 natatoriam
540 3011 743 3075 scribendum
766 3033 837 3076 esse
860 3013 1008 3077 conlcias.

281 3113 333 3178 Ad
357 3135 471 3180 uocem
493 3114 700 3200 χερσόννησον
723 3116 877 3183 Hiclrsius
899 3118 979 3182 haec
1002 3117 1188 3183 aduolauit:
1223 3114 1318 3193 „This

178 3216 399 3285 Chersonneso
414 3220 441 3284 is
458 3220 513 3285 the
528 3221 618 3306 large
633 3222 801 3307 peninsula
823 3223 854 3286 iu
878 3223 981 3286 which
996 3221 1156 3307 Erythrae
1176 3219 1317 3301 stands“,

177 3322 274 3386 citato
291 3321 458 3389 Strabonis
481 3325 553 3389 loco
578 3324 676 3408 (XIV
687 3347 720 3411 p.
733 3325 823 3412 644),
848 3348 911 3413 quo
935 3332 1017 3392 teste
1041 3329 1110 3392 eius
1135 3325 1240 3391 isthmi
1265 3325 1319 3411 qui

177 3426 397 3513 paeninsulam
413 3427 628 3513 Erythraeam
650 3452 722 3494 cum
746 3437 833 3495 terra
856 3432 1030 3496 continenti
1054 3431 1227 3515 coniungit,
1250 3428 1320 3494 Teii

176 3538 299 3617 partem
323 3531 554 3598 meridionalen
577 3533 794 3620 possidebant.
825 3534 888 3600 Sed
913 3536 981 3599 iure
1003 3535 1125 3599 mireris
1148 3555 1256 3618 regem
1281 3555 1318 3598 eo

177 3642 331 3719 tempore,
355 3655 418 3719 quo
442 3657 567 3702 summo
584 3658 683 3722 opere
696 3637 846 3715 Teiorum
861 3638 972 3702 urbem
989 3638 1099 3704 incolis
1115 3638 1319 3723 frequentare

177 3738 342 3822 studebat,
367 3739 407 3805 de
431 3740 674 3805 transducendis
698 3743 783 3807 Teiis
807 3742 839 3805 in
862 3743 1082 3827 paeninsulam
1106 3741 1316 3828 Erythraeam

178 3845 384 3856 -——.-

281 3879 349 3931 ¹Ol.
369 3879 482 3932 Boectrh
508 3879 543 3932 ad
569 3879 630 3932 cle
651 3878 718 3934 1730
736 3882 761 3944 (Ι
780 3898 805 3949 p.
825 3880 902 3947 849λι
935 3884 1061 3947 ,inclusos
1078 3881 1123 3933 hle
1141 3886 1170 3932 ut
1190 3882 1257 3933 alibi
1277 3887 1318 3932 est

176 3981 241 4016 casa
267 3966 301 4017 ad
327 3967 430 4018 fontem
458 3965 622 4019 exstructa“.
660 3962 746 4019 Casae
766 3969 793 4019 in
819 3970 893 4035 agris
922 3973 1095 4031 exstructae,
1123 3968 1188 4019 scil:
1217 3966 1319 4028 bubile,

176 4055 315 4112 borreum,
335 4060 416 4117 meta,
435 4056 532 4106 ἰποίκκι
555 4053 684 4106 dicuntur
709 4054 737 4106 in
763 4057 860 4108 tabula
877 4056 1060 4108 Heracleensi
1078 4056 1091 4107 1
1110 4071 1135 4108 v.
1156 4054 1204 4106 146
1224 4053 1274 4118 tet.
1293 4071 1317 4105 v.

178 4136 302 4207 139sq.),
320 4139 359 4190 Le
373 4139 436 4203 Bas,
457 4141 521 4191 Asia
543 4143 606 4191 min.
619 4140 671 4194 did
690 4141 716 4192 in
737 4142 818 4194 titulo
832 4143 988 4210 Mylasensi.
1016 4138 1147 4198 Similiter
1166 4156 1221 4193 uox
1240 4157 1317 4192 usur·

177 4228 258 4290 pater
287 4226 313 4276 in
343 4226 765 4294 sch01.sporr.nnod.2‚160
792 4237 818 4280 et
846 4231 917 4295 apud
946 4229 1057 4283 Suidam
1077 4245 1098 4282 s.
1118 4247 1143 4281 ν.
1162 4229 1197 4280 al.
1218 4228 1319 4292 (viltas

179 4324 240 4362 esse
253 4312 355 4366 λιιοιίιιιι
368 4312 395 4364 in
408 4312 480 4366 libro
495 4314 594 4367 Iosuae
608 4312 651 4385 18,
659 4313 694 4368 m
703 4318 732 4367 et
742 4316 767 4369 in
778 4315 861 4369 Basil.
872 4316 913 4379 le.
926 4314 952 4385 8,
964 4315 978 4369 λ
992 4318 1028 4370 al.
1037 4317 1140 4387 legitur
1150 4316 1177 4370 irr
1187 4314 1321 4386 Stephani

179 4397 345 4474 Thesauro).
