2956 4822
196 285 235 344 ro
336 368 339 375 Ι
716 283 804 368 [ars]

192 474 302 556 οῆιινόν
327 476 352 538 τ’
375 478 521 552 ἕτιιίἐιιιαι
544 475 732 559 ἀκονιτὴριοι·
756 473 884 553 ”,4λιδος
908 482 1038 540 τοιοῖσδε
1061 475 1199 557 fle-'liudo'
1223 477 1332 556 (vene-

192 579 389 666 raucumque
402 581 565 665 impertire
578 583 727 644 verticem
740 579 840 646 Elidis
857 580 973 646 talibus
991 579 1089 664 telis),
1106 580 1145 647 ad
1159 581 1331 666 Olympiae

192 685 258 747 sire
280 685 374 749 Pisae
397 685 526 750 laudem
549 685 771 750 celebrandam
801 685 1006 770 aggreditur,
1039 707 1111 750 cum
1142 684 1330 769 praesertim

192 787 303 851 addat:
329 787 362 851 το
385 788 424 874 δή
447 814 520 853 ποτε
544 786 649 866 Λυδός
672 787 754 872 ἧριος
779 787 892 863 ίίίλοοι
919 788 1045 870 ἐξάρατο
1068 789 1223 852 κάλλιστον
1245 788 1333 851 ἕδνον

189 883 406 972 Ἱπποδαμείας
442 892 551 977 (quam
588 894 661 956 olim
695 893 803 977 Lydus
839 894 931 957 heros
967 894 1085 977 Pelops
1120 894 1177 957 sihi
1212 895 1332 957 exemit

192 995 437 1077 pulcherrimam
470 997 576 1061 dotem
608 994 881 1082 Hippodamiae);
900 997 1047 1081 Pelopis
1081 998 1189 1061 dotem
1222 1007 1331 1062 autem

192 1098 299 1162 Pisam
325 1100 423 1163 fuisso
447 1101 509 1163 iam
532 1107 629 1165 antea
653 1099 823 1163 docuimus.

295 1202 394 1266 Plura
416 1210 552 1287 possunt
575 1203 679 1267 afferri
704 1198 850 1288 exempla
874 1226 914 1267 ex
938 1203 1128 1268 carminibus
1154 1203 1331 1289 Olympicis

191 1307 231 1371 ad
267 1307 564 1388 demonstrandum,
607 1330 701 1392 quam
737 1309 832 1371 variis
870 1307 1138 1391 appellationibus
1172 1307 1330 1374 Pindarus

192 1412 401 1474 certaminum
425 1411 666 1496 Olympicorum
689 1411 851 1494 regionem
875 1413 1052 1492 ornaverit3
1084 1410 1141 1476 sed
1168 1433 1208 1475 ne
1232 1435 1331 1476 unum

72 1534 74 1539 ’
192 1515 320 1601 quidem
344 1515 515 1603 reperitur,
546 1515 601 1580 ubi
632 1514 672 1579 ad
703 1515 787 1581 idem
820 1537 934 1580 nomen
960 1517 1044 1579 intra
1070 1537 1166 1579 unum
1190 1524 1331 1601 systema

192 1627 345 1683 recurrat.

297 1720 508 1786 Transeamus
531 1722 627 1806 igitur
649 1723 689 1786 ad
713 1722 854 1794 carmina
869 1719 1072 1785 PYTHICA
1088 1721 1330 1804 consideranda,

192 1846 283 1910 quac,
308 1848 380 1890 cum
403 1827 482 1890 ratio
514 1827 545 1890 in
577 1827 613 1890 iis
643 1827 754 1891 eadem
784 1826 851 1890 fere
883 1826 924 1890 sit
953 1833 1048 1910 atque
1078 1825 1109 1889 in
1142 1825 1330 1910 Olympieis,

193 1930 304 2013 paucis
320 1930 441 1994 absolvi
457 1938 601 2014 possunt.
638 1931 782 2005 Quorum
798 1931 971 1994 carminum
988 1930 1018 1994 in
1036 1929 1138 2014 quinti
1155 1953 1185 1994 v.
1202 1923 1275 1993 19-
1288 1933 1330 1994 20

192 2053 264 2096 curn
277 2035 376 2099 victor
391 2034 503 2098 beatus
520 2034 720 2120 praedicetur
735 2038 873 2110 κλεεννᾶς
889 2027 975 2117 εὖχος
991 2031 1054 2116 ἤδη
1071 2031 1152 2114 nopai
1168 2033 1331 2110 Πυθιάδος

189 2134 292 2213 ’ίιισοις
314 2135 389 2200 λλιίνν
412 2137 552 2217 (famosa
575 2139 637 2201 iam
662 2160 702 2202 ex
724 2137 882 2224 Pythiadc
906 2139 1040 2221 gloriam
1065 2138 1153 2223 equis
1177 2136 1329 2223 adeptus)

193 2247 225 2305 et
249 2241 279 2304 in
311 2241 369 2305 hac
401 2241 560 2306 locutione
592 2263 707 2306 nomen
739 2243 861 2328 Pythus
892 2243 954 2305 iam
984 2243 1073 2318 insit,
1104 2243 1136 2304 in
1167 2262 1195 2306 r.
1219 2244 1259 2305 29
1290 2263 1329 2306 eo

192 2345 325 2409 artifieio
350 2345 508 2428 redditur,
531 2352 566 2410 ut
590 2345 765 2411 Carrhotus
790 2347 943 2410 Arcesilai
967 2346 1050 2431 regis
1074 2346 1186 2429 auriga
1209 2346 1331 2410 dicatur

192 2447 279 2513 ι’ίιλατι
293 2450 467 2527 Κασταλίας
478 2452 622 2528 ξενισθείς
634 2450 787 2535 (hospitio
801 2460 950 2534 acceptus
964 2451 1002 2512 ad
1017 2471 1132 2535 aquam
1146 2449 1329 2530 Castaliae).

192 2551 274 2616 Nam
298 2575 368 2617 cum
390 2553 462 2618 fons
483 2553 639 2619 Castalius
663 2554 703 2619 ad
728 2555 864 2618 radicem
889 2556 1003 2620 montis
1018 2555 1166 2619 Parnassi
1189 2556 1328 2639 profluat

192 2677 293 2741 prope
309 2657 462 2741 Delphos,
486 2660 590 2723 verbis
612 2657 700 2723 ὕδατι
718 2661 896 2736 Κασταλίας
911 2658 1016 2744 Pytho
1032 2659 1100 2744 ipsa
1122 2659 1330 2741 significatur.

194 2758 261 2825 Nec
283 2762 384 2825 minus
415 2761 476 2826 huc
505 2771 667 2847 spectant,
698 2786 779 2848 quae
809 2763 957 2847 leguntur
986 2763 1016 2825 in
1048 2784 1072 2830 v.
1103 2765 1144 2826 36
1174 2764 1205 2827 ἐν
1235 2761 1331 2827 κσιλό·

193 2865 283 2927 asdor
300 2863 391 2941 νσίνιος
408 2867 494 2930 θεοῦ.
532 2866 690 2951 Apollinis
707 2869 800 2945 enim,
816 2868 868 2951 qui
883 2867 933 2930 hio
945 2867 1030 2931 nude
1044 2867 1123 2931 deus
1136 2867 1328 2952 appellatur,

193 2987 312 3030 sacram
336 2967 448 3032 urbem
466 2968 650 3052 Pythonem
673 2970 705 3034 in
730 2971 876 3033 carminis
893 2970 1019 3054 Pythici
1035 2971 1118 3034 sexti
1134 2990 1226 3033 versu
1242 2990 1328 3034 nono

193 3069 351 3135 Pindarus
373 3072 441 3155 ipse
462 3070 675 3136 Ἀπολλωνίαν
695 3071 794 3135 νιίσαν
816 3073 967 3137 nominat.
1001 3072 1143 3157 Cumque
1159 3079 1330 3157 praeterea

193 3181 322 3238 auctore
355 3175 527 3239 scholiasta
559 3175 598 3238 ad
633 3175 724 3242 Iliad.
754 3176 788 3239 ΙΙ
821 3180 882 3242 519
915 3175 1052 3261 Pythoni
1085 3183 1181 3240 antea
1211 3197 1330 3240 nomen

194 3280 375 3358 ΙΙαρνασοία
399 3276 481 3360 νοίνιη
505 3285 588 3343 essct
621 3278 770 3357 inditum,
802 3278 852 3343 hio
882 3301 1006 3365 quoque
1039 3278 1209 3344 κοιλόπεδον
1240 3277 1332 3357 νὰιιος

192 3386 271 3444 θεοῦ
292 3380 397 3466 Pytho
421 3381 490 3465 ipsa
513 3404 583 3447 esse
608 3382 743 3460 ridetur,
766 3384 956 3468 praesertim
979 3405 1041 3468 qua
1064 3384 1095 3446 in
1117 3383 1196 3447 urhe
1218 3405 1327 3449 currus

193 3483 245 3547 ille
277 3484 336 3548 hoc
364 3484 435 3549 loco
468 3492 679 3565 memoratus,
716 3509 778 3572 quo
811 3487 986 3551 Carrhotus
1017 3487 1169 3552 rlrcesilai
1201 3488 1328 3554 victoris

194 3588 303 3671 auriga
329 3589 491 3652 victoriam
514 3588 649 3673 adeptus
673 3598 751 3672 erat,
777 3591 917 3676 Apollini
942 3601 1028 3656 osset
1044 3612 1216 3675 suspensus
1231 3600 1328 3677 atque

192 3691 367 3755 dedicatus.
414 3692 520 3766 Quid?
551 3694 581 3757 in
607 3715 636 3759 v.
661 3696 701 3757 39
725 3716 832 3758 nonne
854 3694 1000 3759 sollerter
1030 3695 1188 3758 Pindarus
1211 3716 1328 3760 nomen

194 3793 317 3878 Pythus
348 3796 391 3858 ita
421 3797 574 3880 variavit,
611 3808 646 3861 ut
684 3819 742 3882 per
780 3798 970 3861 adiectivum
1009 3795 1179 3877 Παρνάσιος
1215 3800 1329 3864 urbem

192 3897 410 3980 significaret?
468 3897 563 3964 Corte
598 3902 682 3964 enim
719 3901 798 3964 illud
839 3900 1037 3964 Parnassium
1075 3909 1194 3965 tectum
1230 3901 1330 3983 (τέγος

195 3998 401 4082 Παρνάσιον),
425 4002 455 4063 iu
479 4024 540 4088 qno
559 4002 730 4069 Cretenses
754 4006 879 4086 signum
903 4005 1029 4089 aliquod
1055 4013 1248 4086 statuerant,
1272 4008 1331 4070 luit

192 4125 273 4168 unus
298 4126 338 4168 ex
355 4104 517 4190 Delphicis
542 4106 720 4188 thesauris,
746 4108 851 4192 quiin
877 4107 1040 4192 peribolo,
1064 4110 1116 4194 qui
1140 4109 1267 4190 dicitur,
1290 4111 1329 4174 ad

193 4206 386 4272 Parnassum
411 4218 550 4274 montem
574 4220 665 4275 erant
688 4211 749 4275 sili.
797 4209 863 4274 Iam
889 4232 965 4276 vero
990 4233 1030 4276 ne
1051 4212 1081 4275 in
1098 4233 1128 4277 v.
1145 4216 1185 4277 64
1202 4213 1328 4298 quidem

193 4318 287 4394 poeta
311 4311 350 4377 ad
373 4313 620 4397 appellationem
644 4317 705 4380 iam
730 4325 823 4379 antea
842 4322 1027 4401 usurpatam
1051 4319 1193 4397 recurrit,
1217 4340 1326 4404 quam·
