2962 4800
667 258 734 342 [ιι]
1228 263 1260 323 n

138 476 168 519 v.
189 458 246 518 157
264 476 309 538 sq,
329 453 467 518 venditio
490 458 583 516 antea
597 450 681 515 facta
696 453 790 535 plane
807 459 838 514 et
854 451 970 516 diserte
986 453 1160 536 respicitur.
1199 451 1265 516 Nec

138 559 230 623 facile
248 559 359 641 opinor
376 579 445 622 esse
461 557 560 635 dictu,
579 557 604 619 si
620 557 690 641 quis
706 556 860 639 lapicidae
876 577 1013 619 errorem
1030 555 1267 640 agnoscendum

139 684 208 727 esse
224 669 329 746 neget,
354 660 558 746 quamobrem
575 661 668 722 huius
685 659 725 721 de
748 681 810 745 qua
826 661 932 741 agitur
947 658 1135 723 venditionis
1152 660 1267 723 mentio

139 789 195 831 suo
230 767 300 829 loco
336 786 398 828 non
432 766 496 828 fiat.
541 764 636 827 Dicat
664 764 819 847 quispiam
841 762 1085 845 Hegesagoram
1109 763 1156 826 bis
1179 765 1270 826 sacri-

139 870 266 934 ficulum
289 869 385 933 tuisse
411 890 446 933 ac
469 869 604 951 primum
628 868 764 950 quidem,
788 869 879 931 sicuti
903 867 1120 950 Pythocritum
1145 866 1188 946 (v.
1216 868 1268 946 18)

139 981 170 1038 et
192 972 368 1037 Metronem
391 973 434 1054 (v.
458 973 523 1052 42),
556 978 728 1056 antequam
760 972 860 1056 prima
893 992 975 1055 quae
1006 972 1086 1035 inest
1116 973 1146 1033 in
1177 971 1268 1034 titulo

139 1076 279 1140 venditio
303 1076 388 1140 facta
410 1086 505 1141 esset.
550 1075 587 1138 ld
619 1084 724 1139 tamen
757 1095 922 1160 perperam
955 1076 1084 1140 indicari
1107 1095 1136 1140 v.
1162 1078 1201 1138 74
1224 1096 1269 1159 sq.

139 1181 304 1260 evincitur,
327 1179 381 1243 ubi
398 1180 480 1244 idern
498 1180 632 1244 Veneris
649 1178 855 1243 sacerdotium
873 1199 956 1244 anno
975 1190 1049 1244 ante
1064 1179 1270 1243 Theudorum

140 1284 274 1348 veniisse
308 1283 468 1348 docemur.
520 1284 741 1367 Pythooritum
773 1304 847 1347 vero
878 1283 1121 1369 Metroncmqne
1152 1284 1270 1367 optimo

141 1385 209 1450 iure
232 1387 264 1449 in
288 1387 349 1450 hoc
370 1386 473 1451 indice
490 1389 623 1450 omissos
639 1408 707 1451 esse
724 1408 763 1450 ex
780 1387 828 1467 iis,
852 1407 933 1470 quae
948 1409 1044 1471 supra
1061 1387 1135 1464 dixi,
1160 1389 1271 1451 clucet.

243 1489 296 1552 Ad
327 1489 394 1553 eius
425 1488 556 1570 deinde,
592 1490 644 1574 qui
676 1495 819 1573 quartam
843 1489 925 1553 tituli
961 1496 1082 1574 partem
1119 1490 1273 1570 exaravit,

138 1591 297 1676 lapicidae
328 1614 465 1657 errorem
495 1594 547 1656 vel
578 1594 716 1656 maxime
745 1614 775 1658 v.
802 1597 878 1658 154:
923 1618 986 1657 arai
1019 1590 1076 1675 τὴν
1107 1594 1273 1673 γυναικείαν

143 1693 237 1776 q'yopa
260 1696 431 1761 vertendus
453 1703 511 1761 est.
559 1696 648 1770 Quae
672 1696 769 1760 verba
799 1697 838 1759 ad
870 1718 997 1780 prorsus
1028 1698 1123 1759 alium
1148 1696 1271 1759 titulum

142 1806 286 1883 spectare
309 1807 417 1862 contra
434 1798 603 1882 Rayetnm,
628 1800 716 1864 cuius
739 1802 848 1865 miram
872 1800 1166 1884 interpretationem
1182 1821 1273 1882 prae·

142 1909 242 1982 tereo,
256 1902 520 1986 Dittenbergerus
537 1911 658 1967 monet:
682 1906 733 1988 qui
750 1906 813 1968 iam
829 1906 859 1968 in
871 1903 976 1988 lapide
988 1904 1087 1969 fuisse
1100 1911 1272 1988 antequam

142 2007 251 2070 titulus
273 2006 481 2071 incidereturr
498 2028 624 2071 versum
639 2008 727 2071 illum
744 2017 776 2072 et
791 2008 994 2072 dextrorsum
1011 2018 1043 2071 et
1059 2008 1272 2071 sinistrorsum

142 2110 391 2174 continuandum
415 2117 513 2193 putat
560 2110 623 2173 Sed
655 2112 801 2196 equidem
828 2112 1005 2196 perspicere
1038 2132 1101 2174 uon
1134 2133 1273 2195 possum,

142 2215 344 2298 quamobrem
377 2223 441 2278 tres
476 2216 637 2278 minimum
671 2215 792 2299 lapides
826 2216 907 2279 inter
942 2238 975 2279 se
1013 2215 1168 2278 coniuncti
1202 2216 1273 2295 sint,

144 2339 217 2381 cum
239 2317 278 2382 de
302 2338 365 2380 uno
390 2324 512 2381 tantum
536 2339 630 2381 versu
651 2329 773 2401 agatur.
812 2319 913 2382 Immo
931 2341 1006 2384 vero
1023 2319 1158 2402 lapicida
1174 2319 1274 2382 oculis

144 2421 185 2485 ad
200 2421 293 2483 aliam
314 2421 532 2486 venditionum
548 2422 702 2485 rubricam
719 2422 938 2486 aberrantibus
955 2443 1116 2501 versuum,
1139 2443 1272 2505 quorum

142 2531 276 2609 uterque
295 2525 325 2587 in
351 2524 476 2605 ὴγορα
498 2525 617 2605 exibat,
640 2526 790 2589 similibus
809 2527 921 2589 finibus
937 2525 1091 2610 deceptus
1108 2525 1204 2588 verba
1220 2525 1274 2588 illa

143 2628 280 2710 addidit3
303 2627 417 2693 deinde
440 2650 546 2693 errore
570 2631 695 2712 cognito
718 2629 758 2694 ad
781 2631 896 2693 iustam
920 2629 1013 2693 rediit
1035 2629 1191 2693 rubricam
1216 2649 1274 2693 nec

143 2742 250 2797 tamon
267 2753 392 2796 versum
408 2732 497 2796 illum
513 2733 697 2817 exsculpsit.
728 2732 842 2816 ltaque
858 2754 898 2796 ex
914 2733 975 2796 hcc
995 2733 1063 2816 ipso
1081 2753 1188 2796 errore
1203 2754 1274 2818 per·

143 2838 284 2922 spicuam
310 2842 366 2915 est,
389 2837 482 2920 quale
505 2836 600 2899 fucrit
624 2838 796 2921 exemplar,
819 2836 902 2920 quod
920 2835 1072 2920 lapidaria
1089 2836 1119 2898 in
1135 2835 1273 2918 lapidem

145 2939 397 3005 transferendum
424 2945 473 3003 est
495 2941 704 3024 propositum.
750 2940 844 3013 Quod
868 2961 940 3004 cum
956 2926 1060 3004 varias
1076 2940 1275 3004 venditiones

143 3064 202 3107 uec
234 3064 298 3106 nou
334 3042 532 3108 condiciones
567 3044 848 3126 complecteretur,
888 3044 1041 3127 lapicidae
1076 3051 1182 3107 autem
1217 3045 1276 3106 nisi

142 3146 392 3212 sacerdotiorum
415 3147 611 3211 venditiones
636 3148 711 3209 nibil
736 3148 765 3210 in
791 3148 915 3210 titulum
941 3155 1025 3212 esset
1048 3146 1274 3231 recipiendum,

143 3251 235 3315 facile
258 3252 324 3314 fieri
347 3251 462 3333 potuit,
487 3258 521 3314 ut
543 3261 574 3316 et
593 3251 825 3334 Hegesagorae
841 3252 1020 3329 sacrificuli,
1043 3251 1083 3314 de
1100 3273 1162 3336 quo
1179 3271 1276 3334 supra

143 3357 203 3438 egi,
228 3376 328 3419 annus
345 3357 543 3420 omitteretur
567 3365 598 3419 et
621 3357 725 3420 versui
744 3358 815 3437 107,
839 3357 894 3418 ubi
917 3355 957 3419 de
978 3357 1065 3420 Iovis
1081 3355 1275 3419 Liberatoris

144 3457 320 3523 sacerdotio
343 3460 457 3542 agitur,
480 3459 599 3523 verba*
623 3458 779 3543 quaedam
795 3458 996 3536 adderentur,
1013 3481 1094 3543 quae
1110 3458 1149 3521 ad
1167 3478 1275 3522 omnes

144 3562 184 3627 de
201 3563 314 3647 quibus
331 3564 361 3625 in
379 3564 438 3627 boc
453 3563 547 3626 titulo
560 3565 664 3645 agitur
680 3563 929 3626 sacerdotiorum
946 3563 1107 3644 pertinent
1120 3561 1276 3625 venditio·

144 3686 208 3730 nes.
256 3666 364 3750 Atque
387 3667 466 3730 haec
489 3667 586 3731 verba
604 3666 788 3730 sacerdotiis
804 3666 946 3728 nondum
961 3664 1109 3742 venditis,
1134 3665 1277 3749 quamvis

146 3778 252 3835 esseut
274 3777 350 3854 apta
374 3776 406 3834 ct
427 3770 615 3846 necessaria,
649 3777 755 3833 tamen
786 3770 816 3832 in
846 3769 914 3852 ipso
947 3768 1051 3848 titulo,
1082 3789 1143 3851 quo
1175 3768 1276 3830 factae

46 3922 50 3930 .
144 3881 371 3937 enumerantur
400 3873 616 3949 venditiones,
652 3871 734 3935 haud
766 3873 862 3936 dubie
891 3878 980 3935 erant
1012 3869 1194 3933 omittenda.
1240 3870 1276 3933 ln

149 3977 319 4061 exemplari
345 3977 451 4061 igitur,
482 3986 517 4040 ut
548 3979 609 4041 hoc
636 3977 734 4040 verbo
764 3983 846 4055 utar,
872 3979 942 4039 'non
965 3973 1066 4038 solum
1099 3993 1179 4057 quae
1202 3994 1278 4037 ven·

148 4079 252 4144 denda
275 4090 530 4165 proponerentur
554 4080 731 4144 sacerdotia
761 4080 866 4159 luisse,
899 4079 953 4142 scd
984 4075 1140 4141 etiamad
1168 4098 1280 4141 unum·

146 4194 351 4204 ---·-—.-.-..

247 4233 253 4263 ¹
272 4233 294 4280 ei
310 4230 356 4293 μὲν
373 4231 440 4280 ἐστιν
458 4228 591 4291 (Dittenb.
609 4234 654 4294 μὲν
672 4227 749 4290 ἔστιν)
768 4229 850 4295 ἱερεύς,
876 4227 1048 4288 incumbitur,
1074 4226 1096 4278 ai
1113 4225 1141 4276 dir
1156 4224 1192 4290 μή
1210 4225 1278 4291 ἓστιμ

144 4313 279 4378 (Dittanb.
296 4316 332 4384 μή
350 4313 442 4382 ἔσται),
463 4321 587 4369 πωλεῖται.
