2956 4822
686 308 778 393 [151]
1262 313 1304 376 ss

161 509 305 565 narratas
332 501 416 566 hunc
439 502 569 566 titulum
594 502 750 587 pert-inere
775 502 920 567 coniecit.
966 502 999 587 c)
1023 502 1141 568 ibidem
1164 525 1195 569 n.
1219 505 1237 566 'l
1262 532 1304 557 :-

163 605 282 686 Hiclrs‚
315 605 370 670 Gr.
402 605 487 671 Hist.
519 606 619 671 Inscr.
653 610 724 671 151.
771 606 841 681 Quo
873 607 904 671 in
933 608 1026 671 titulo
1060 607 1242 673 Demetrius
1271 614 1304 672 et

163 711 317 775 Seleucus
334 731 425 793 reges
442 732 513 774 cum
531 711 571 775 ad
597 722 719 775 ceteros
736 712 877 776 Graecos
898 719 966 777 tum
982 713 1022 776 ad
1041 711 1199 798 Ephesios
1216 712 1303 796 lega·

161 821 228 878 tum
246 815 368 879 misisse
392 815 548 895 dicuntur,
572 817 625 899 qui
649 825 780 901 propter
803 816 957 881 beneficia
982 826 1013 880 et
1035 818 1104 901 regi
1128 823 1159 879 et
1182 814 1302 901 populo

161 918 267 983 oblata
285 920 326 984 ab
343 918 490 1005 Ephesiis
507 921 636 984 ciuitate
652 922 798 986 donatur.
829 921 1032 1005 Quapropter
1048 920 1087 985 ad
1105 942 1223 985 annum
1240 921 1303 983 299

162 1024 245 1086 huuc
261 1025 389 1087 titulum
404 1024 556 1088 Hieksius
573 1024 721 1090 sollerter
738 1024 870 1106 rettulit,
887 1047 950 1110 quo
968 1033 1109 1110 tempore
1122 1026 1302 1091 Demetrius

162 1135 194 1192 ct
224 1126 376 1192 Seleucus
409 1149 472 1191 una
500 1130 530 1191 in
562 1128 653 1213 Syria
685 1127 839 1212 degentes
868 1129 1085 1193 familiaritate
1120 1128 1302 1194 utebantur.

160 1230 273 1316 Neque
298 1231 410 1295 dubito
434 1231 511 1315 quin
535 1231 585 1294 hic
609 1230 719 1296 titulus
744 1252 878 1295 reuera
904 1232 959 1295 illo
991 1240 1135 1318 tempore
1166 1232 1303 1318 scriptus

161 1336 210 1412 sit,
235 1357 305 1399 cnm
328 1334 416 1398 aliud
439 1343 564 1420 tempus
584 1357 647 1420 quo
664 1336 847 1401 Demetrius
870 1344 902 1399 et
918 1336 1071 1401 Seleucus
1093 1358 1157 1401 una
1179 1338 1303 1419 legatos

161 1439 200 1503 ad
226 1439 364 1504 Graecas
388 1439 534 1504 ciuitates
558 1440 717 1521 miserint,
747 1440 877 1524 reperiri
908 1441 963 1503 uix
996 1440 1108 1526 possit.
1154 1438 1236 1503 Nam
1261 1438 1301 1505 de

161 1565 198 1607 ec
223 1551 368 1628 ternpore
392 1564 455 1628 quo
481 1543 664 1608 Demetrius
688 1545 835 1628 captiuus
860 1543 944 1628 apud
970 1543 1140 1608 Seleucum
1163 1542 1303 1627 degebat

160 1648 344 1725 rrae-283
368 1669 396 1711 a.
422 1646 483 1728 0.),
517 1646 724 1730 cogitandum
750 1670 814 1712 non
845 1648 983 1712 uidetur.
1029 1648 1122 1722 Quae
1154 1669 1227 1712 eum
1257 1647 1302 1712 ita

160 1759 276 1832 essent,
301 1750 513 1834 Ephesiorum
537 1752 710 1834 ciuitatem,
733 1772 810 1837 prae
833 1751 903 1815 aliis
928 1751 1092 1816 Demetrio
1118 1751 1301 1831 obnoxiam,

161 1855 342 1940 Lysimachi
375 1855 513 1917 nraxime
543 1855 697 1918 intererat
732 1855 874 1919 funditus
909 1855 950 1920 de
982 1876 1083 1920 nouo·
1102 1856 1300 1921 constituere

160 1967 192 2023 et
216 1959 277 2022 hoc
292 1958 388 2022 modo
405 1959 470 2023 suis
486 1959 581 2023 rebus
598 1959 779 2025 adnectere.
817 1960 926 2045 Atque
942 1958 982 2023 ad
1000 1959 1082 2023 hanc
1097 1959 1301 2043 potissimum

159 2084 227 2128 rem
250 2061 475 2148 perficiendam
499 2084 537 2127 ea
560 2073 710 2148 suscepta
734 2085 803 2127 esse
826 2064 901 2127 mihi
925 2062 1074 2128 uidentur
1101 2085 1185 2148 quae
1209 2063 1301 2148 Lysi·

160 2169 290 2232 machus
314 2169 354 2231 de
377 2169 433 2232 illa
457 2168 586 2231 ciuitate
609 2167 755 2232 facienda
778 2169 925 2232 instituit.

265 2272 390 2347 Quibus
415 2271 574 2336 derebus
598 2293 790 2359 quamquam
814 2274 942 2356 saepius
965 2293 984 2335 a
1007 2272 1084 2336 uiris
1113 2271 1216 2337 doctis
1239 2272 1300 2337 dis-

160 2384 307 2459 putatum
333 2381 389 2447 est.
422 2376 528 2439 facere
563 2396 626 2438 nou
650 2395 788 2460 possum,
818 2376 894 2461 quin
926 2375 978 2439 hic
1007 2375 1115 2460 aliqua
1144 2381 1299 2459 repetam.

160 2483 267 2565 Atque
298 2489 384 2543 reete
417 2477 545 2564 quidem
578 2480 729 2564 pleraque
763 2479 802 2544 da
835 2479 879 2542 eis
909 2478 1068 2544 iudicasse
1101 2478 1232 2544 uidetur
1261 2478 1299 2542 E.

161 2583 297 2647 Guhlius
328 2581 375 2665 (in
406 2581 603 2667 Ephesiacis.
627 2582 736 2648 Berol.
762 2585 855 2647 1843.
879 2605 909 2668 p.
934 2582 1087 2663 58-61).
1111 2617 1148 2627 -
1175 2580 1300 2647 Deinde

160 2688 197 2752 E.
222 2687 351 2751 Curtius
374 2687 404 2751 in
430 2687 518 2751 Actis
542 2687 642 2752 Acad.
666 2686 749 2770 Reg.
768 2686 986 2752 1111011872.
1021 2708 1051 2770 p.
1072 2692 1081 2748 1
1104 2706 1171 2770 sqq.
1210 2684 1299 2768 (Bei-

161 2801 270 2875 traege
295 2812 351 2853 zur
377 2790 568 2854 Geschichte
591 2790 656 2854 und
680 2789 906 2875 Topographie
930 2787 1150 2873 Kleinasiens)
1173 2795 1301 2874 praeter

160 2918 197 2958 ea
228 2917 310 2980 quae
341 2894 380 2958 de
412 2894 544 2958 aedibus
575 2894 672 2958 sacris
708 2901 740 2958 ct
771 2893 913 2978 profanis
957 2931 990 2942 -
1023 2895 1091 2958 sine
1131 2893 1228 2958 dubio
1261 2891 1301 2956 de

160 3001 370 3086 Ephesiorum
395 3000 491 3063 rebus
514 2998 745 3082 cognoscendis
768 2999 933 3082 insigniter
953 2999 1086 3063 meritus
1117 3033 1146 3043 -
1178 2996 1299 3079 docuit,

160 3106 350 3169 sententiam
375 3104 456 3168 dixit
479 3106 522 3188 (p.
541 3105 590 3168 26.
615 3101 653 3168 cf.
677 3123 707 3186 p.
735 3106 774 3165 16
799 3102 1134 3186 sq.)‚magist1·atibus
1158 3100 1297 3167 ciuitatis

159 3216 349 3293 potestatem
366 3231 471 3273 rerum
488 3206 712 3291 gerendarum,
732 3229 752 3270 a
769 3206 889 3270 Croeso
907 3206 981 3271 olim
998 3213 1152 3290 ereptam,
1175 3206 1299 3291 aLysi·

159 3312 271 3376 macho
286 3313 412 3376 demum
430 3312 523 3395 plane
537 3311 718 3374 restitutam
735 3332 814 3375 esse.
837 3310 971 3376 Interim
984 3311 1032 3373 his
1044 3311 1136 3375 anuis
1148 3310 1299 3375 trecentis

160 3418 343 3482 sacerdotes
360 3417 484 3480 Dianae
506 3438 556 3480 res
581 3414 717 3479 ciuitatis
734 3415 801 3479 fere
824 3414 910 3478 solos
926 3413 1107 3479 moderatos
1123 3436 1202 3480 esse.
1236 3413 1299 3479 Vel

160 3541 229 3583 cum
254 3520 504 3605 Smyrnaeorum
527 3518 666 3601 fortuna,
689 3518 741 3603 qui
765 3539 824 3602 per
847 3522 895 3582 tot
910 3517 1040 3582 saecula
1062 3518 1092 3580 in
1115 3516 1195 3581 uicis
1211 3515 1300 3581 habi·

159 3629 264 3688 tantos
288 3624 373 3687 omui
397 3623 463 3688 uita
479 3623 564 3686 ciuili
580 3622 742 3703 carebant,
767 3621 978 3706 Ephesiorum
1003 3642 1053 3685 res
1068 3628 1234 3706 comparat
1249 3621 1299 3685 uir

35 3791 40 3795 ,
160 3720 372 3792 doctissimus.
416 3726 517 3812 Atqui
542 3726 609 3789 eius
633 3726 679 3789 rci
702 3726 735 3788 in
759 3725 903 3789 lontibus
926 3747 966 3789 ne
983 3725 1146 3788 minimam
1169 3722 1297 3810 quidem

159 3830 421 3914 significationem
446 3836 481 3893 ut
503 3829 776 3914 deprehenderem
801 3829 877 3893 mihi
901 3829 1042 3912 contigit.
1077 3829 1178 3892 Immo
1202 3828 1298 3892 etiam

160 3933 312 3999 Croesum
351 3933 498 4019 Ephesiis
536 3935 716 3999 libertatem
754 3935 968 4014 concessisse,
1005 3940 1038 3998 et
1073 3933 1226 4022 Aelianus
1266 3942 1298 3998 et
1413 3984 1417 3991 ,

158 4038 343 4123 Polyaenus
375 4039 421 4103 eis
451 4059 533 4124 quos
564 4038 692 4102 Curtius
716 4037 826 4102 citauit
854 4038 932 4101 locis
961 4036 1080 4101 diserte
1108 4042 1266 4102 testantur
1277 4038 1297 4101 ¹.

262 4197 271 4230 ¹
292 4197 398 4249 Aeliae.
423 4195 454 4249 V.
485 4196 519 4248 H.
551 4193 594 4247 ΙΙΙ
619 4193 666 4246 26:
698 4205 750 4256 τοῖς
773 4201 818 4263 μὲν
839 4193 959 4262 Ἐφεσίοις
985 4191 1219 4266 capgravium-rib
1246 4195 1299 4263 μετ’

160 4285 296 4355 ἐλευθερίας
314 4281 453 4350 ἆσφάλειαν.
489 4281 735 4348 Polyueu.V150:
753 4288 795 4337 καὶ
814 4279 876 4351 πρδς
893 4279 953 4343 τούς
968 4280 1093 4349 ’Eurotam
1110 4280 1154 4335 int
1173 4279 1299 4360 ilardeplp

158 4368 282 4439 συνθήκας
299 4372 442 4436 a'rrorrionro.
