3030 4816
692 286 783 372 [327]
1262 294 1300 357 35

173 503 237 546 nan
259 483 293 545 in
316 481 472 546 comoedia
494 481 645 564 prodiqia
660 480 757 564 facta
780 488 853 545 sunt
875 488 903 545 et
926 483 1108 565 traaaedias
1136 485 1305 547 carecitaui·

173 606 252 649 mus.
297 584 341 648 m
370 584 483 648 cattide
510 583 561 648 iiic
589 604 652 647 nan
679 586 780 648 satum
808 606 947 649 errarem
975 586 1226 670 reprehendentis
1252 588 1306 652 sed

172 690 266 753 etiam
280 690 421 772 imperite
435 689 600 771 scripsisse
615 690 680 772 ipse
695 690 828 753 ostendit
847 688 996 753 Luscium
1008 690 1214 754 Lanuuinum
1229 743 1235 756 .
1251 744 1258 758 .
1275 743 1282 758 .
1298 745 1304 759 .

172 794 248 857 haec
263 794 363 857 amnis
379 791 549 874 nsaiacaaig
564 794 700 876 traniaa,
716 801 744 857 et
759 793 828 857 idea
842 795 877 857 in
893 794 1050 858 comoedia
1062 795 1172 858 uitiase
1182 795 1305 860 induci·

175 896 245 962 tur’.
290 894 353 960 Sed
376 896 430 959 illa
451 896 636 960 insanientis
661 895 838 981 descriptio,
862 899 915 981 qui
939 918 1063 962 cervam
1085 897 1142 961 sibi
1162 898 1304 964 videatur

173 999 281 1065 videre
311 999 484 1084 fugientem
516 1007 547 1064 et
577 1000 766 1084 plorantem,
800 1002 904 1065 statim
939 1002 970 1065 in
1004 1011 1141 1065 mentem
1176 1012 1307 1067 renouat

175 1104 363 1167 simillimam
394 1124 540 1168 scaenam
572 1105 604 1168 in
636 1105 741 1168 Plauti
773 1103 970 1168 Menaechm.
1003 1129 1031 1169 v.
1060 1107 1123 1169 834
1156 1127 1219 1190 sq.,
1252 1107 1306 1170 ubi

176 1206 402 1270 Menaechmus
418 1229 487 1271 sese
499 1207 637 1270 insanire
649 1207 739 1289 fingit
752 1208 908 1292 similique
922 1216 1053 1272 venatus
1066 1210 1203 1292 imagine
1216 1231 1307 1274 usus:

362 1309 445 1389 Quid
467 1309 544 1374 miin'
565 1311 687 1374 meliust
709 1331 819 1396 quam,
850 1311 977 1397 quando
1009 1312 1058 1375 itii
1088 1332 1135 1374 nse
1165 1314 1307 1376 insanire

1062 1417 1262 1500 praedicant,

361 1519 432 1605 Eae
453 1539 500 1582 me
520 1516 586 1603 <ut>
609 1508 793 1584 adsimulem
817 1521 971 1602 insanire,
1000 1526 1034 1583 ut
1057 1519 1129 1582 iilos
1151 1530 1239 1583 a'me
1255 1517 1306 1581 ab·

1088 1622 1264 1686 sterream?

363 1727 449 1793 Euae
464 1728 602 1792 Bacche:
617 1729 676 1792 heu
687 1727 826 1809 Bromie,
841 1749 901 1814 qua
916 1749 962 1792 nte
977 1729 1011 1791 in
1026 1728 1143 1790 siluam
1158 1735 1308 1791 caenatum

1144 1831 1265 1895 isacus?

363 1937 480 2017 Audio,
502 1937 557 2000 sed
579 1956 642 2000 nan
666 1935 751 2000 abire
770 1957 899 2019 possiem
923 1934 962 1998 ab
982 1936 1032 1999 tis
1054 1933 1251 2018 reaianiius:

363 2037 417 2103 Ita
432 2041 490 2104 itta
505 2062 552 2104 ma
564 2039 601 2104 ab
613 2042 706 2104 laeua
718 2039 843 2105 rabiosa
849 2040 978 2124 femina
991 2039 1145 2102 adserunt
1161 2041 1249 2102 caucis
1261 2061 1307 2123 sq.

173 2145 247 2208 ibid.
264 2147 342 2208 862:
364 2143 470 2207 Multa
493 2146 537 2207 mi
558 2146 705 2228 irapinas,
721 2144 853 2228 Apulia:
876 2164 960 2206 nunc
980 2164 1071 2227 equas
1087 2143 1209 2207 increatas
1224 2143 1309 2208 iubes

365 2246 482 2331 Capera
504 2268 551 2312 me
573 2247 739 2312 maternitas
761 2247 886 2331 feracis
914 2254 1005 2332 atquae
1033 2249 1068 2310 in
1099 2267 1227 2310 carram
1259 2249 1307 2310 in-

1111 2349 1264 2430 scandere,

367 2452 408 2517 Vt
440 2473 495 2539 aaa
535 2454 618 2517 hunc
656 2460 817 2535 proteram
858 2454 973 2517 ieanan
1006 2452 1145 2515 uetulum
1181 2454 1308 2516 utentem

1075 2555 1263 2621 edentulum.

280 2663 385 2746 Atque
407 2662 493 2726 idem
507 2662 592 2725 valet
608 2660 647 2725 de
663 2682 757 2726 servo
773 2669 931 2743 currente,
956 2661 1006 2724 aui
1023 2660 1194 2724 decessisse
1209 2680 1310 2745 papu-

175 2768 240 2832 lum
262 2767 398 2831 Luscius
421 2767 495 2831 iecit
518 2789 536 2830 a
558 2766 709 2831 Terentia
733 2773 878 2830 notatus:
913 2765 998 2850 quod
1022 2785 1086 2828 nou
1108 2764 1227 2848 primus
1251 2785 1310 2828 nea

175 2871 262 2934 solus
285 2870 337 2935 ille
361 2871 446 2952 feeit,
469 2870 525 2935 sed
548 2871 691 2935 certatim
714 2871 780 2934 fere
803 2869 1037 2954 descripserunt
1061 2868 1182 2932 comici.
1223 2867 1310 2932 Nota

179 2975 258 3039 haee
282 2997 322 3039 ex
347 2975 474 3057 Plauto,
498 2976 551 3061 qui
575 2975 794 3040 Cureulionem
818 2974 894 3037 facit
917 2973 1072 3036 dicentem
1096 2972 1140 3054 (v.
1165 2969 1257 3055 280):

160 3087 162 3089 ’
305 3078 390 3142 Date
405 3081 492 3142 uiam
510 3079 596 3159 milei,
613 3080 679 3143 nati
693 3079 804 3163 innati,
824 3078 902 3141 dam
917 3096 971 3159 eya
986 3076 1037 3139 hia
1052 3075 1194 3158 officinm
1209 3095 1310 3139 meum

305 3181 424 3247 Facio:
439 3181 550 3268 suaite
571 3203 685 3264 amnes,
709 3182 790 3246 abite
812 3188 840 3246 et
863 3181 900 3244 de
922 3182 978 3244 nia
1001 3179 1138 3244 secedite.

302 3284 454 3370 Nequam
475 3287 509 3350 in
525 3307 622 3350 cursu
638 3288 739 3370 eapite
753 3292 810 3350 aut
827 3284 927 3350 sumta
944 3292 1000 3349 aut
1013 3291 1137 3367 pectore
1153 3282 1310 3367 &endam

1094 3392 1151 3450 ant
1173 3407 1265 3468 aena.

304 3492 360 3557 Ita
374 3513 458 3556 nunc
473 3491 574 3557 subita
582 3513 717 3576 propere
729 3500 757 3556 et
769 3493 863 3556 celere
874 3491 1054 3556 obiectumst
1065 3489 1143 3554 mihi
1153 3490 1311 3575 nemetiam

304 3595 409 3681 Neque
431 3618 514 3661 nunc
537 3597 731 3682 quisquamst
753 3604 818 3660 tam
841 3596 1015 3680 apulmtus,
1038 3596 1092 3680 qni
1113 3595 1157 3656 mi
1181 3593 1310 3658 absistat

616 3756 617 3760 ,
1143 3699 1179 3761 in
1202 3699 1267 3779 uia,

303 3803 369 3868 Nec
387 3809 545 3888 strataque
562 3824 617 3867 nec
632 3810 790 3886 tyrannus
806 3805 970 3888 quisquam
985 3821 1080 3886 neque
1096 3821 1310 3886 aaoranamus

304 3905 369 3971 Nec
392 3906 580 3972 demarchus
602 3929 657 3972 nec
680 3906 865 3972 camarchus
887 3928 941 3971 nec
964 3926 1035 3968 ciem
1057 3911 1149 3968 tanta
1172 3904 1287 3989 aleria,

304 4015 389 4094 Quin
413 4015 517 4096 cadat,
539 4017 615 4100 auin
639 4016 741 4098 capite
763 4016 855 4079 sistat
877 4016 911 4076 in
934 4015 991 4076 ecia
1013 4012 1051 4076 de
1072 4012 1192 4076 semita.

176 4127 208 4185 et
230 4118 329 4183 Stichi
353 4140 381 4182 v.
406 4119 469 4181 284
492 4139 556 4203 sq.:
765 4139 859 4198 nanc,
884 4116 1065 4197 Pinacium,
1132 4174 1137 4182 .

303 4221 371 4305 Aac
394 4229 428 4287 nt
446 4223 563 4309 placcat,
595 4243 688 4287 ceerre
711 4228 745 4285 nt
776 4220 874 4285 iubet:
906 4241 983 4284 caue
1013 4240 1196 4307 quemquam
1218 4218 1311 4296 flacci

1134 4322 1268 4407 feceris:
