2954 4808
137 496 233 546 sensu
257 472 442 544 destitutum
467 486 524 544 est.
571 479 650 543 Post
675 480 867 544 vocabulum
889 477 1085 564 praedarum
1108 480 1277 547 vorborum

138 584 293 649 ambitum
315 589 434 668 puncto
452 583 622 647 concludas
645 590 782 668 oportet,
805 584 963 669 siquidem
986 585 1207 651 coniunctione
1224 587 1279 651 sed

138 688 306 752 aGeleuio
329 694 416 752 reete
439 688 555 752 tradita
571 687 762 751 Ammianus
786 689 964 753 orationem
988 691 1032 752 ita
1049 689 1219 774 abrumpit,
1243 698 1279 755 ut

138 814 157 856 6
179 792 322 876 generali
345 812 379 856 rc
403 790 444 855 ad
467 798 553 856 certa
576 791 732 876 quaedam
757 793 906 877 exempla
929 795 1096 858 trauseat.¹

375 997 403 1036 D.
432 995 605 1037 senmurum
624 995 873 1036 tuuuuaoouulvuu
891 996 1041 1045 OBLIQUAE.

242 1105 448 1171 ammianum
485 1107 517 1170 in
554 1128 615 1170 usu
650 1106 818 1171 modorum
857 1104 1118 1171 consuetudinem
1154 1106 1278 1172 dicendi

138 1209 334 1275 Graecorum
357 1217 503 1274 secutum
526 1231 596 1274 esse
616 1211 736 1274 cumin
754 1209 1277 1294 enuntiationibusinterrogativis

137 1314 300 1379 indirectis
323 1320 391 1378 tum
415 1314 446 1377 in
469 1315 507 1378 iis
530 1315 706 1394 sententiis,
730 1314 785 1378 ubi
808 1313 891 1399 quod
920 1313 1075 1396 particula
1105 1315 1278 1378 accusativi

137 1419 207 1483 loco
230 1440 303 1482 cum
326 1418 480 1482 infinitivo
505 1419 609 1502 posita
627 1425 684 1497 est,
705 1417 944 1501 Kallenbergus
960 1417 1099 1482 breviter
1116 1418 1276 1502 exposuit.

242 1521 291 1586 Ac
312 1524 448 1609 primurn
471 1522 600 1607 quidem
626 1521 664 1587 de
681 1523 848 1587 sententiis
865 1523 1101 1606 interrogativis
1118 1522 1277 1586 indirectis

138 1627 213 1690 mihi
237 1625 406 1691 dicendum
432 1634 490 1691 est.
536 1626 606 1691 Etsi
629 1626 848 1710 Kallenborgo
872 1625 1113 1691 concedendum
1137 1633 1186 1691 est
1201 1628 1277 1690 Am·

139 1731 278 1794 mianum
294 1731 325 1793 in
342 1730 506 1795 sententiis
521 1730 757 1814 interrogativis
776 1731 1010 1795 coniunctivum
1027 1751 1146 1815 ponere
1162 1732 1277 1813 solere,

138 1833 191 1898 ubi
214 1833 383 1898 antecedat
406 1842 530 1917 tempus
554 1834 771 1920 praeteritum,
795 1842 901 1898 tamen
919 1857 982 1899 non
999 1841 1083 1898 recte
1101 1834 1149 1898 vir
1165 1834 1277 1899 doctus

137 1938 302 2003 contendit
326 1938 533 2002 indicativum
558 1939 685 2024 saepius
708 1936 853 2024 usurpari
877 1938 1089 2023 praecedente
1118 1937 1278 2023 praesenti

139 2041 189 2105 vei
211 2041 332 2108 futuro.
378 2043 490 2122 Immo,
514 2043 540 2106 si
564 2063 629 2108 reru
654 2044 835 2107 accuratius
851 2043 1133 2128 pervestigaveris,
1156 2040 1276 2106 indica-

138 2146 221 2210 tivus
249 2167 314 2210 non
347 2146 450 2210 minus
473 2168 572 2231 saepe
602 2154 727 2231 tempus
758 2147 967 2232 praeteritum
999 2167 1095 2231 quarn
1125 2166 1277 2231 praesens

137 2251 288 2334 sequitur.
333 2250 448 2337 Itaque
471 2252 497 2315 si
521 2253 728 2337 praeteritum
754 2260 879 2336 tompus
902 2251 934 2313 in
966 2250 1185 2314 enuntiatione
1216 2250 1277 2335 pri-

138 2355 238 2418 maria
260 2361 376 2438 exstat,
410 2356 629 2420 coniunctivus
652 2356 683 2420 in
710 2356 926 2420 enuntiatione
956 2356 1183 2438 interrogativa
1213 2354 1278 2439 ple·

137 2481 271 2544 rumque
294 2460 477 2541 collocatur,
500 2460 557 2524 sed
580 2461 769 2524 indicativus
793 2462 898 2524 locum
922 2459 1040 2524 habere
1064 2466 1178 2543 potest,
1209 2459 1277 2522 sive

137 2570 262 2647 tempus
286 2583 437 2648 praeseus
460 2566 526 2628 sive
549 2565 757 2650 praeteritum
781 2573 952 2650 usurpatur
974 2565 1005 2627 in
1029 2563 1185 2628 sententia
1215 2563 1277 2647 pri·

139 2684 247 2729 marra.

243 2767 297 2832 Ia.
331 2767 539 2850 Indicativus,
565 2769 617 2833 ubi
633 2769 664 2833 in
681 2769 845 2834 enuntiato
869 2769 1019 2854 primario
1038 2777 1163 2854 tempus
1187 2788 1277 2853 prac-

136 2859 210 2937 sens
234 2875 283 2937 vei
302 2872 444 2936 futurum
463 2879 586 2938 exstat:
612 2875 662 2938 14.
681 2876 710 2953 6,
726 2876 745 2937 2
766 2875 882 2937 roirori
897 2893 1046 2957 posse...
1063 2875 1225 2937 existimo.
1238 2923 1277 2954 ..,

136 2997 230 3062 quam
247 2976 422 3043 obrem...
439 2985 618 3059 narrat-ram
640 2983 686 3042 14.
699 2982 729 3058 6,
750 2982 788 3042 14
805 2984 966 3042 tractator
985 2998 1087 3043 66...
1105 2977 1279 3058 conveniet,

140 3083 189 3146 14.
216 3083 265 3161 10,
292 3084 330 3145 13
353 3088 388 3145 ut
412 3132 419 3146 .
446 3132 453 3146 .
477 3129 484 3143 .
509 3082 670 3147 ostendam
696 3103 758 3167 quo
789 3102 827 3145 ec
858 3102 956 3146 causa
979 3101 1083 3145 orrcncs
1105 3101 1158 3145 coa
1185 3080 1281 3144 simul

138 3185 246 3250 adesse
259 3188 362 3267 oolai3
388 3188 438 3250 14.
458 3189 507 3265 10,
527 3190 564 3254 15
581 3206 634 3250 cos
653 3187 729 3271 quid
746 3186 889 3251 suadetis
912 3188 1075 3269 opperior3
1103 3188 1151 3249 16.
1174 3184 1280 3267 12,10

136 3288 212 3372 quid
236 3338 243 3352 .
269 3337 276 3354 .
302 3339 309 3354 .
335 3309 489 3355 censeo..
511 3291 664 3373 .,poacis
688 3288 863 3372 obsolcom3
891 3291 937 3353 16.
965 3292 1013 3369 12,
1037 3291 1074 3353 18
1099 3290 1279 3372 experieris,

137 3392 213 3477 quid
237 3392 347 3456 miles.
372 3443 379 3458 .
404 3441 410 3455 .
434 3391 566 3476 efficiet3
593 3395 641 3457 19.
665 3396 695 3474 4,
719 3395 734 3455 1
760 3414 837 3478 quac
859 3413 977 3477 ponera
998 3393 1177 3457 morborum
1198 3391 1281 3455 crode

139 3495 222 3557 oriri
250 3496 348 3559 solent
378 3494 512 3560 tracter
541 3496 718 3578 caplie¹ab03
753 3500 801 3576 14,
826 3499 855 3578 6,
880 3499 940 3577 22,
972 3497 1077 3577 208,
1104 3497 1158 3575 17,
1189 3501 1218 3573 5,
1242 3497 1280 3572 4,

141 3600 170 3679 7,
197 3602 228 3676 1,
253 3602 304 3664 21.
329 3602 359 3679 6,
388 3606 419 3678 1,
443 3601 495 3665 23.
521 3603 550 3682 6,
575 3603 637 3683 42,
662 3603 713 3665 25.
739 3603 842 3681 3,10;
867 3603 970 3682 3,15,
994 3605 1023 3680 4,
1047 3603 1084 3681 8,
1108 3602 1280 3681 26,7,15,

139 3703 191 3767 29.
215 3704 244 3781 2,
270 3705 325 3782 15,
350 3705 401 3766 31.
426 3705 456 3785 2,
484 3705 536 3783 10,
564 3706 612 3785 10,
637 3706 687 3768 18.

243 3805 300 3870 Ih.
337 3804 544 3888 Indicativus,
568 3807 623 3871 ubi
646 3809 677 3871 in
694 3807 860 3871 enuntiato
881 3806 1029 3892 primario
1046 3812 1173 3890 tempus
1187 3825 1280 3889 prae·

137 3910 266 3975 teritum
291 3916 414 3973 exstat:
447 3914 496 3975 14.
523 3915 553 3994 7,
578 3913 618 3974 14
644 3913 751 3975 iratus
774 3961 781 3974 .
867 3911 949 3996 qood
972 3958 980 3974 .
1005 3960 1012 3977 .
1038 3960 1045 3975 .
1065 3909 1279 3993 praesectum,

242 4176 250 4209 ¹
272 4173 414 4225 Ammiano
429 4188 597 4240 magnopere
612 4173 747 4239 placuisse
760 4174 820 4226 licat
835 4171 970 4224 adiectivo
985 4173 1027 4222 vel
1043 4171 1186 4236 participio
1200 4185 1280 4236 prae·

137 4258 219 4311 fixum
246 4260 299 4311 iam
320 4259 532 4311 Haaaenstoinua
556 4275 618 4326 pag.
636 4259 669 4311 34
696 4259 901 4310 ‹temonstravit
940 4257 1009 4308 Item
1036 4256 1220 4308 Dederiohsua
1247 4255 1280 4307 de

137 4348 218 4399 simili
239 4363 288 4398 usu
307 4347 510 4398 coniunctionis
529 4349 653 4414 quamne
674 4347 807 4398 norruulla
821 4348 923 4397 monuit
941 4361 1004 4414 pag.
1018 4344 1059 4398 25.

1142 4427 1173 4482 13
