3030 4816
679 303 768 389 [aaa]
1252 309 1291 370 43

160 501 192 564 in
215 500 452 584 pronominibus
475 497 544 579 ἐγώ,
567 501 652 575 ἐμοῦ,
682 496 827 579 ἐμαυτοῦ,
858 496 941 578 ἐμός,
971 498 1128 562 rarissime
1159 497 1191 560 in
1223 496 1292 560 aliis

158 603 322 670 uocabulis
345 603 386 666 ab
409 601 469 666 hac
492 600 595 665 uocali
618 600 850 688 incipientibus.

262 723 292 787 h.
337 750 357 783 α
379 723 499 786 uocalis
526 722 630 787 breuis
653 721 780 785 eliditur
802 742 899 805 saepe
921 721 952 783 in
976 718 1038 783 ἀπό
1056 721 1290 805 praepositione

159 835 191 892 et
214 831 245 891 in
269 827 391 892 occulis
414 848 486 891 oum
509 854 527 888 α
550 828 708 911 priuatiuo
739 825 825 912 quod
855 826 969 889 dicitnr
1000 826 1192 910 compositis,
1221 846 1290 908 per·

158 952 227 997 raro
251 933 282 995 in
308 931 375 995 aliis
401 931 574 995 uocabulis.

260 1035 416 1101 Homines
440 1034 524 1098 docti
546 1035 689 1121 plerique
705 1034 787 1097 inter
803 1036 903 1098 crasiu
921 1040 953 1098 et
969 1034 1158 1117 aphaeresin
1177 1053 1289 1118 parum

161 1142 329 1224 diligenter
361 1140 552 1204 discernunt.
604 1139 816 1202 Buttmannus
847 1138 1036 1222 aphaeresin
1066 1137 1193 1201 omnino
1227 1158 1291 1201 non

158 1244 294 1308 admittit
318 1251 349 1307 ct
373 1244 478 1310 omnia
501 1243 648 1326 oxcmpla
664 1263 722 1327 per
738 1242 837 1305 crasin
855 1241 948 1306 scribi
965 1241 1044 1305 uult.
1085 1240 1187 1314 Quem
1204 1248 1290 1304 recte

157 1348 334 1412 Ahrensius
352 1368 389 1411 eo
406 1348 474 1431 ipso
491 1346 619 1423 refutat,
644 1346 728 1431 quod
746 1346 936 1431 aphaeresis,
960 1353 995 1409 nt
1011 1345 1087 1426 dixi,
1111 1350 1182 1428 post
1196 1346 1292 1408 inter·

157 1454 361 1539 punctionem
386 1473 513 1538 qnoque
535 1453 588 1515 uel
611 1472 745 1535 pausam
767 1451 930 1515 metricam
955 1451 1006 1514 uel
1029 1451 1059 1512 in
1085 1469 1290 1534 personarum

157 1559 331 1621 mutatione
355 1558 457 1621 locum
483 1555 590 1620 hahet.

262 1661 485 1746 Aphaercseos
502 1681 576 1724 usus
592 1659 691 1723 multo
708 1659 876 1723 artioribus
889 1658 1003 1722 finibus
1019 1665 1183 1722 coercetur
1199 1678 1291 1742 qnam

160 1765 308 1845 elisionis,
327 1785 399 1828 oum
415 1784 518 1849 neque
533 1784 671 1848 unquam
688 1763 741 1826 illa
756 1763 938 1827 inueniatur
950 1768 1022 1847 post
1034 1761 1166 1826 uocales
1178 1761 1291 1825 breues

157 1878 190 1933 et
213 1869 342 1933 uocales
370 1894 390 1931 α
420 1875 451 1932 et
481 1893 495 1930 e
524 1867 613 1931 solae
648 1867 720 1930 elidi
755 1855 893 1951 possint,
926 1867 1026 1930 multo
1062 1867 1157 1929 etiam
1191 1865 1291 1929 rarior

158 1980 206 2037 est
229 1972 453 2056 quam'crasis,
478 1972 523 2036 ita
546 1979 590 2052 ut,
614 1972 647 2033 si
671 1992 753 2056 quo
776 1971 871 2035 loco
903 1978 1043 2035 utrum
1073 1970 1214 2034 orasis
1243 1991 1289 2033 an

158 2077 417 2163 aphaeresis
439 2075 677 2140 statuenda
707 2076 764 2138 sit
793 2075 987 2155 dubites,
1011 2074 1090 2138 illa
1112 2073 1290 2159 praele-

157 2180 292 2246 renda
319 2181 392 2256 sit3
425 2181 509 2244 nisi
539 2179 650 2265 quod
683 2180 753 2244 uhi
782 2201 913 2244 sonus
938 2181 1166 2263 posterior
1190 2185 1290 2242 esta

157 2295 256 2370 post
291 2310 309 2366 η
346 2284 415 2348 uel
450 2310 474 2346 ω
506 2286 723 2366 uocalem,
766 2280 1075 2368 saepe‘elisio·
1102 2278 1293 2346 inuersa'

157 2389 451 2476 praeferenda
475 2396 549 2454 est.

260 2493 309 2556 De
340 2500 472 2557 accentu
503 2495 533 2556 in
565 2492 728 2576 aphaeresi
760 2515 859 2557 unum
892 2491 989 2556 addo:
1035 2492 1066 2555 si
1099 2491 1289 2555 uocabulum

158 2599 316 2682 posterius
339 2597 493 2681 syllabam
517 2606 650 2661 accentu
666 2598 760 2660 ictam
777 2598 891 2678 amisit,
917 2619 978 2662 uox
994 2595 1190 2680 praecedens
1207 2616 1286 2678 oxy-

156 2707 254 2764 tonon
267 2722 329 2764 non
342 2701 434 2784 graui
447 2710 588 2778 accentu,
604 2707 639 2763 nt
650 2701 777 2786 saepius
790 2701 824 2764 fit
838 2701 868 2764 in
882 2701 1071 2783 scriptorum
1086 2697 1288 2776 editionibus,

159 2806 212 2869 sed
231 2813 324 2869 acuto
348 2805 533 2868 instruenda
557 2804 701 2868 uidetur:
724 2802 742 2867 ἃ
767 2803 812 2887 μή
837 2805 932 2885 ’brya
955 2803 1049 2887 Soph.
1066 2805 1142 2868 Ant.
1159 2806 1231 2869 546.
1260 2841 1283 2846 -«

155 2908 200 2990 μή
218 2907 266 2984 ’ξω
289 2909 378 2972 Alae.
397 2911 468 2973 742.
493 2947 533 2954 -
558 2908 595 2989 dq'
617 2906 706 2989 'paror
721 2908 818 2972 Arist.
837 2908 895 2992 Eq.
917 2910 988 2983 632,
1012 2905 1054 2988 δή
1077 2907 1173 2970 ’πειτα
1191 2905 1290 2990 Vesp.

157 3014 228 3095 665,
251 3010 298 3096 μή
322 3012 403 3077 ’obre
426 3013 485 3098 Eq.
512 3015 602 3077 1106.
628 3052 666 3061 -
693 3012 863 3097 Ceteroqui
886 3020 1034 3077 accentus
1062 3010 1289 3076 uocabulorum

156 3117 323 3200 aphaeresi
347 3138 410 3180 nou
434 3122 680 3181 commutantur.

257 3340 402 3405 OAPUT
426 3342 460 3405 ΙΙ
486 3393 492 3407 .
517 3342 576 3405 Du
600 3341 922 3408 APHauRusuos
946 3342 1182 3407 EXEMPLIS.

257 3479 353 3564 Apud
377 3482 546 3566 scriptores
564 3480 705 3547 Graecos
722 3502 759 3546 ac
774 3482 946 3566 praecipue
962 3481 1045 3564 apud
1057 3489 1172 3571 poetas
1191 3481 1289 3546 multa

156 3581 422 3668 deprehendimus
449 3585 663 3669 aphaereseos
687 3584 846 3668 exempla,
873 3605 1034 3669 perpauca
1055 3587 1088 3649 in
1111 3586 1289 3670 inscriptio·

153 3688 257 3752 nibus.

187 3878 226 3944 Α.
274 3879 584 3963 Aphaereseos
619 3881 822 3966 exempla
855 3882 968 3967 apud
1002 3884 1252 3966 scriptores

487 3994 695 4080 antiquos
718 4001 907 4059 seruata.

258 4134 285 4194 1.
329 4131 679 4217 ApudHomerum
712 4139 743 4198 et
774 4134 1012 4199 Hesiodum
1043 4154 1198 4217 nusquam
1232 4157 1288 4200 ex-

153 4240 216 4297 stat
239 4235 334 4300 'elisio
358 4233 510 4317 inuersa',
535 4238 681 4322 exempla
706 4259 788 4322 qnae
812 4258 961 4323 peream
985 4238 1136 4323 explicari
1152 4239 1286 4323 possint,

153 4358 255 4426 aeque
278 4348 374 4425 atque
397 4362 524 4406 oraseos
549 4342 696 4430 exempla
720 4343 856 4429 synizesi
879 4343 1067 4411 tribuamus.
