2956 4822
212 276 251 339 ra
511 308 514 313 -
733 274 824 357 [aar]

211 470 369 535 Pindarus
392 466 540 541 laudibus
565 466 674 543 effert,
699 487 769 529 curn
792 466 928 530 insulam
950 468 1092 529 nominat
1116 465 1200 530 τάνδ’
1214 468 1350 550 ἁλιερκέα

208 573 317 659 χώραν
333 624 340 637 .
358 623 365 637 .
382 622 413 635 ..
438 574 554 651 Δωριεῖ
579 575 647 655 λαῷ
677 568 896 650 ταμιευομέναν
925 573 958 645 ἐξ
987 572 1110 635 Αἰακοῦ
1140 574 1238 649 (hanc
1268 579 1350 640 mari

210 681 364 744 munitam
395 684 510 740 terram
541 695 560 737 a
587 673 738 738 Doriensi
769 675 889 759 populo
919 674 1169 740 administratam
1200 678 1276 744 inde
1307 703 1348 745 ex

210 783 344 864 Aeaco).
383 779 507 864 Nempe
529 778 598 862 ipse
621 780 766 859 Aeacus,
790 777 934 860 Aeginae
957 778 1066 857 heros,
1090 781 1228 845 iustitiae
1251 783 1347 850 laude

209 898 275 955 tam
299 888 403 951 clarus
425 884 486 948 fuit
509 883 594 968 apud
620 904 729 946 omnes
746 882 899 962 Graecos,
923 890 958 944 ut
977 882 1007 945 in
1024 903 1157 948 nurnero
1174 884 1347 952 interorum

209 992 350 1057 iudicum
373 989 592 1054 collocaretur.
638 985 706 1049 Nec
738 988 842 1050 minus
871 987 904 1049 in
927 1007 956 1050 v.
981 991 1017 1053 51
1046 971 1190 1071 Aeginae
1219 1011 1348 1074 nomen,

211 1115 403 1183 quamquam
436 1093 540 1156 minus
572 1089 782 1168 sollemniter,
817 1112 875 1175 per
908 1091 1059 1174 ambages
1091 1091 1249 1158 redditum
1284 1107 1347 1180 est3

210 1222 285 1265 nam
315 1197 497 1262 adverbium
529 1197 618 1276 drapo
647 1194 697 1258 hic
727 1194 768 1258 de
798 1217 835 1258 eo
866 1194 936 1259 loco
969 1194 1087 1259 dictum
1118 1205 1181 1280 est,
1214 1199 1255 1263 de
1285 1223 1348 1286 quo

211 1326 316 1370 sermo
333 1302 379 1379 fit,
402 1301 422 1367 i.
440 1323 468 1365 e.
485 1300 526 1364 de
543 1299 680 1383 Aegina,
700 1319 794 1383 quam
811 1298 851 1362 ad
869 1299 1002 1365 insulam
1019 1298 1188 1385 Neptunus
1204 1303 1348 1370 Aeacum

211 1409 306 1473 Troia
337 1427 398 1492 ope
427 1406 495 1469 eius
525 1403 653 1467 condita
683 1425 781 1467 aureo
816 1424 907 1466 curru
940 1403 1083 1468 adduxit.
1129 1405 1192 1469 Sed
1225 1407 1348 1474 etiamsi

211 1515 281 1599 quis
303 1518 400 1595 neget
421 1508 555 1593 simplici
578 1507 639 1570 hoc
662 1507 814 1570 adverbio
838 1505 1014 1571 Pindarum
1044 1507 1115 1573 ideo
1146 1532 1237 1578 usum
1268 1534 1349 1591 esse,

211 1618 283 1703 quia
307 1635 422 1680 nornen
439 1613 585 1695 Aeginae
609 1619 756 1693 repetere
779 1611 926 1693 nolucrit,
952 1648 990 1657 -
1015 1613 1090 1675 mihi
1106 1615 1233 1698 quidem
1257 1623 1349 1696 οιῦρο

210 1722 287 1786 illud
311 1718 468 1784 audacule
492 1717 612 1780 dictum
636 1716 781 1794 videtur,
814 1737 885 1780 curn
916 1715 998 1782 haec
1021 1718 1083 1781 oda
1107 1739 1169 1783 non
1194 1721 1349 1804 Aeginae,

211 1825 267 1890 sed
294 1823 461 1909 Olympiae
492 1827 619 1886 cantata
648 1822 704 1903 sit,
735 1829 772 1884 ut
794 1821 976 1886 Boeclrhius
1001 1824 1139 1887 ostendit
1171 1863 1211 1872 -η
1242 1833 1348 1890 tamen

211 1931 243 1993 in
259 1929 369 1993 ultimo
386 1927 534 1990 carminis
552 1947 643 1989 versu
661 1931 757 2009 poeta
768 1926 914 2009 Aeginae
930 1947 1044 1989 nomen
1060 1928 1192 1991 artificio
1209 1929 1348 2013 quodam

211 2031 350 2096 reddidit
372 2030 499 2109 lovem,
528 2039 565 2092 ut
596 2030 750 2093 victorem
784 2037 814 2093 et
838 2028 923 2091 πόλιν
952 2027 1104 2114 (patriam
1128 2031 1195 2094 eius
1220 2033 1348 2111 urbem)

213 2134 433 2200 benevolentia
455 2133 713 2217 amplecteretur,
737 2133 920 2215 implorans.

316 2239 416 2301 Simili
455 2236 550 2302 modo
591 2258 629 2299 nc
667 2236 706 2299 ad
746 2237 882 2319 priorem
917 2237 1062 2320 Aeginae
1097 2239 1347 2321 appellationem

212 2350 437 2421 reverteretur,
461 2342 620 2405 Pindarus
643 2340 672 2403 in
694 2343 833 2404 carmine
850 2341 985 2423 Pythice
1010 2351 1124 2405 octavo
1145 2344 1267 2423 vitavit,
1293 2346 1346 2408 ubi

212 2449 347 2530 legimus
382 2447 413 2509 ln
447 2467 476 2510 ι’.
512 2447 553 2508 22
588 2455 619 2508 cl
653 2466 739 2529 seqq.
774 2444 793 2505 ἁ
827 2444 1004 2521 δικαιόπολις
1038 2445 1160 2525 ἀρεταῖς
1192 2452 1348 2512 tricennium

214 2553 364 2616 Αἰακιδᾶν
381 2550 504 2631 θίγοιοα
523 2556 612 2626 νᾶοος
635 2548 736 2631 (iusta
760 2550 889 2613 civitate
913 2550 1043 2632 insignis
1059 2551 1195 2614 virtutos
1212 2553 1346 2616 inclutas

212 2656 425 2720 Aeacidarum
444 2664 535 2716 nacta
551 2653 680 2732 insula),
702 2654 733 2716 in
756 2674 785 2717 v.
804 2656 845 2716 38
870 2652 987 2732 πάτραν
1006 2655 1187 2730 Μαιαλιδᾶν,
1210 2676 1347 2739 quorum

212 2781 253 2824 ex
277 2769 373 2843 geute
398 2760 499 2820 victor
529 2766 616 2838 erat,
646 2757 677 2819 in
702 2777 730 2820 v.
754 2759 793 2820 65
818 2757 891 2820 οἴκοι
916 2759 936 2822 i.
961 2779 987 2821 e.
1017 2758 1049 2821 in
1080 2759 1206 2821 victoris
1236 2761 1348 2843 patria,

213 2865 267 2928 ubi
290 2865 353 2926 iam
384 2873 482 2927 antea
513 2864 544 2925 in
576 2861 757 2927 domesticis
789 2861 1015 2924 certaminibus
1044 2863 1178 2945 gloriam
1210 2864 1348 2949 adeptus

214 2976 292 3046 crat,
316 2970 346 3030 in
371 2988 399 3032 v,
424 2971 464 3028 98
491 2966 602 3047 Αἴγινα
625 2965 698 3049 pilo
720 2967 827 3046 μᾶτερ.

317 3071 418 3134 Maior
442 3082 547 3134 autem
571 3089 722 3133 numerus
747 3070 903 3132 variarum
928 3071 1073 3153 Aeginae
1096 3071 1347 3156 appellationum

212 3177 241 3239 in
275 3175 464 3240 carminibus
493 3173 663 3237 Nemeaeis
694 3174 785 3236 inest.
832 3174 976 3246 (tuorum
1009 3175 1038 3237 in
1070 3176 1179 3258 quinto
1210 3177 1349 3239 carmine

212 3288 382 3365 postquam
406 3280 437 3342 in
462 3299 490 3341 v.
514 3282 532 3341 3
558 3277 661 3341 insula
685 3300 742 3341 suo
766 3278 892 3341 nomine
917 3277 1097 3342 introducta
1124 3288 1190 3359 est,
1221 3280 1251 3341 in
1275 3299 1304 3344 v.
1328 3283 1347 3343 8

213 3394 312 3470 poeta
340 3385 493 3447 victorem
524 3382 652 3460 laudat,
683 3380 767 3466 quud
791 3381 895 3464 glor-ia
922 3381 1121 3446 decoraverit
1149 3381 1348 3462 ματρόπολιν,

212 3494 308 3572 φίλαν
340 3489 434 3562 ξέναν
466 3484 601 3566 ἄρουραν
635 3487 785 3565 (matrem
821 3485 949 3567 urbem,
992 3494 1151 3549 amantem
1187 3486 1347 3571 hospitum

213 3594 355 3670 terram).
390 3589 473 3653 Nam
498 3590 715 3672 hospitalitate
740 3610 868 3675 quoque
886 3589 1065 3674 Aeginetae
1083 3597 1209 3670 praeter
1224 3598 1348 3654 ceteros

215 3696 355 3760 Graecos
374 3694 585 3775 excellebant,
603 3702 634 3756 ct
650 3693 727 3756 illud
740 3692 941 3777 potissimum
953 3695 1035 3756 inter
1048 3694 1206 3756 Aeacidas
1219 3704 1250 3755 et
1266 3693 1347 3757 Her·

213 3801 313 3863 aulem
331 3800 474 3861 iunctum
492 3797 673 3881 hospitium,
691 3797 771 3882 quod
789 3799 855 3881 ipse
868 3795 1026 3859 Pindarus
1039 3797 1165 3881 saepius
1178 3797 1350 3861 celebravit

213 3901 269 3983 (cl.
293 3901 386 3966 Nem.
404 3899 468 3964 Vll
489 3903 529 3963 86
554 3910 586 3963 et
609 3901 723 3964 lathm.
739 3901 769 3963 V
788 3899 856 3983 35),
881 3900 1087 3963 clarissimum
1111 3909 1187 3962 erat.
1223 3898 1348 3965 Deinde

211 4006 242 4068 in
267 4029 297 4069 v.
320 4009 358 4069 15
382 4005 549 4084 Pindarus,
573 4025 644 4069 curn
662 4002 844 4068 Telamonis
869 4012 901 4067 et
915 4004 1005 4068 Pelei
1029 4003 1132 4067 scelus
1150 4004 1294 4087 Aeginae
1316 4004 1348 4067 in

211 4109 314 4173 insula
337 4116 448 4173 contra
466 4108 594 4172 tratrem
613 4107 757 4171 Phocum
776 4108 975 4173 commissum
991 4107 1045 4188 (cf.
1063 4106 1211 4192 Apollod.
1229 4108 1281 4171 Ill
1301 4110 1348 4188 12,

212 4214 243 4294 6,
269 4215 323 4290 ll)
347 4213 459 4275 leviter
474 4214 620 4296 attingat,
636 4211 742 4275 ου’κλέα
759 4217 851 4275 νᾶσον
870 4212 938 4275 illisv
952 4227 1025 4296 post
1041 4211 1102 4274 lroc
1116 4210 1239 4275 facinus
1255 4213 1348 4276 relin-

212 4315 372 4400 quendam
394 4314 492 4379 fuiasc
515 4322 623 4379 narrat
645 4324 677 4379 et
701 4317 730 4379 in
757 4315 903 4400 proximo
938 4336 1030 4379 vereu
1061 4315 1163 4379 vereri
1193 4335 1228 4379 se
1257 4315 1346 4400 fingit
