2970 4814
551 320 591 351 —
637 280 727 371 [261]
773 321 815 332 -
1231 286 1249 346 r

204 477 230 537 1.
259 474 341 539 Oum
363 473 547 539 Ritschelio
570 473 662 539 Pers.
686 477 726 539 79
751 480 865 539 contra
888 474 1035 538 codicum
1058 474 1171 554 fidem,
1195 474 1251 560 qui

116 577 300 662 Opertene
315 577 528 659 tradiderunt,
551 578 757 643 scribendum
780 599 854 644 esse
878 584 1030 664 apparet:
1056 577 1250 661 opertaen

109 680 238 767 scierint
258 683 300 746 ae'
320 683 392 764 qais
414 682 632 763 coreptcuerit.

202 789 233 851 2.
260 786 328 851 Mil.
353 790 415 851 497
439 787 566 851 Ritschl
596 788 673 852 olim
704 786 833 851 ediditz·
850 785 925 851 Volo
952 807 999 850 me
1020 785 1205 870 e'apurpdre.
1227 787 1250 872 5

113 891 202 955 taine
233 893 261 955 te
289 891 443 973 e'aparpe's
474 889 577 954 mibi?
607 892 694 971 (tuae
722 889 830 970 BOD,
854 893 912 953 tun
931 889 1006 973 A⁸),
1034 890 1103 977 ipse
1133 895 1250 976 postea

114 993 241 1080 (opusc.
265 994 300 1058 ΙΙ
321 993 398 1078 431)
422 995 456 1058 in
480 994 679 1059 collocandis
695 993 865 1059 uocabulis
890 993 1018 1060 codices
1035 998 1168 1059 secutus
1192 993 1249 1058 sed

108 1103 241 1171 ,remoto
264 1098 453 1182 pronomine
476 1097 554 1160 mibi
582 1098 628 1161 sic
659 1097 815 1162 restituit:
845 1096 1079 1182 Eapdrblpdrc
1101 1097 1171 1162 uolo
1193 1117 1248 1160 mc.

114 1203 136 1288 5
159 1202 231 1265 isia
254 1204 282 1265 te
304 1199 521 1286 eapdrplpes?

201 1307 230 1370 3.
258 1303 377 1390 Amph.
393 1306 467 1384 818,
489 1304 573 1389 quod
595 1303 669 1368 libri
692 1303 825 1386 habeut,
848 1325 1044 1390 quamquam
1073 1305 1119 1369 sic
1142 1305 1249 1371 metiri

114 1410 206 1473 licet:
233 1408 320 1473 Ptine
339 1410 456 1474 mecum
467 1406 597 1493 scieris?
617 1408 695 1489 qaid
715 1408 791 1472 illuc
805 1411 869 1487 eta,
890 1414 1001 1473 tamen
1025 1410 1083 1474 uix
1107 1416 1158 1475 est
1179 1432 1248 1475 cre-

113 1513 211 1577 dibile
234 1497 387 1577 Plautum
417 1534 481 1577 nou
513 1513 706 1599 praetulisse
735 1512 818 1576 hanc
845 1533 959 1578 uersus
982 1513 1133 1578 formam:
1169 1513 1249 1578 Tan

112 1618 229 1682 mecum
255 1614 377 1696 fueris?
407 1616 485 1698 qaid
520 1617 596 1681 illoc
623 1615 792 1699 inmuose
820 1615 1011 1680 uuddcidst?
1038 1616 1143 1703 (Tunc
1171 1617 1249 1697 BD,

117 1721 215 1800 Tama
236 1721 279 1797 E,
306 1720 354 1784 Tu
375 1740 415 1784 nc
437 1742 480 1785 ex
505 1720 600 1785 Tame
622 1742 681 1806 per
704 1742 767 1784 ras.
790 1718 835 1804 J).

200 1829 229 1890 4.
260 1823 355 1910 Epid.
386 1827 426 1888 34
467 1824 671 1910 septenarius
707 1822 892 1888 trochaicus
930 1821 1145 1908 redintegrari
1184 1845 1249 1888 non

112 1934 222 2014 potest
256 1929 320 1992 nisi
355 1927 474 1992 additis
505 1926 697 2014 quibusdam
732 1932 788 1991 aut
821 1927 971 2000 mutatis3
1004 1928 1125 1992 etenim
1165 1950 1248 2013 quae

112 2032 232 2097 tradita
249 2033 373 2097 suntin
393 2030 574 2096 codicibus:
599 2031 760 2097 Serionc
782 2030 861 2095 dicis
882 2029 940 2094 tu?
962 2031 1088 2117 §seria
1108 2032 1248 2112 inquom,

111 2169 212 2233 bostcs
234 2170 348 2235 babent
370 2169 468 2256 (dicits
490 2174 525 2234 tu
546 2168 596 2253 J),
625 2168 773 2256 Geppert
803 2174 836 2234 et
863 2167 968 2235 Goetz
997 2167 1136 2234 Grutero
1166 2168 1249 2234 duce

112 2273 158 2336 ita
190 2273 367 2338 emendare
399 2274 507 2338 conati
539 2280 629 2354 sunt,
663 2279 699 2338 ut
732 2272 926 2337 scriberent:
968 2273 1131 2339 Sericus
1171 2273 1250 2338 dicis
1346 2346 1347 2349 Ἴ

114 2375 271 2463 (ls>tu(c>?
293 2379 315 2464 5
336 2378 432 2457 serie,
455 2380 600 2458 iuquam,
622 2377 721 2442 bostc's
743 2376 864 2441 bube'nt.
909 2376 1117 2441 Probabilius
1140 2383 1249 2441 autem

113 2481 247 2566 regulae
267 2470 307 2561 ei,
325 2502 422 2567 quam
446 2502 545 2566 supra
567 2481 789 2567 exposuimus,
812 2481 949 2566 obsequi
965 2486 1116 2566 poterant
1135 2502 1247 2546 emen-

111 2582 219 2649 dando
237 2583 400 2649 Sericus
418 2583 520 2668 (istite)
538 2566 675 2647 diuisit?
695 2584 718 2669 5
739 2584 829 2661 serio,
847 2583 987 2665 inquom,
1003 2583 1103 2648 hostiis
1118 2584 1248 2659 bobium

112 2687 152 2752 cl.
170 2686 263 2774 Capt.
283 2689 345 2752 890
368 2685 440 2765 Dic,
459 2683 563 2750 boneia
576 2685 641 2767 fide
661 2689 697 2748 tu
718 2687 762 2750 uri
783 2688 901 2751 istaec
920 2687 1017 2750 acrba
1039 2685 1205 2750 dixisti?
1226 2688 1249 2773 5

112 2790 212 2854 boae
236 2798 270 2855 et
291 2790 411 2875 Amph.
437 2793 497 2854 747
520 2776 629 2872 Epona
651 2791 749 2855 istria
770 2790 882 2854 diet?
904 2795 957 2856 otc.
1004 2790 1158 2855 Getarum
1175 2812 1248 2854 cum

112 2915 153 2959 ne
170 2893 203 2958 id
220 2893 351 2979 quidem
370 2900 506 2975 constet,
525 2895 748 2980 septenarium
764 2894 965 2958 trochaicum
983 2893 1247 2959 constituendum

114 3019 198 3077 esse,
221 2999 304 3062 alias
323 3019 451 3084 quoque
475 2998 545 3062 uias
562 2997 757 3064 emendandi
774 3002 887 3083 patere
905 3003 1162 3062 consentaneum
1186 3004 1246 3062 est.

199 3106 229 3167 5.
260 3101 358 3167 Most.
376 3104 437 3166 738
462 3101 665 3167 Studemund
689 3100 743 3187 (de
764 3102 899 3166 canticis
915 3101 1076 3166 Plautinis
1101 3123 1175 3187 pag.
1192 3101 1246 3187 20)

112 3213 246 3273 secutus
276 3208 309 3271 iu
331 3208 483 3273 uersibus
507 3207 721 3272 discribendis
746 3206 890 3272 codicem
913 3207 941 3271 B
966 3207 1117 3292 exposuit
1144 3207 1248 3271 uerba

113 3311 265 3394 Qctueuc
294 3311 444 3376 subducta
472 3315 540 3375 erut
568 3313 633 3376 talto
655 3312 691 3375 ia
714 3311 858 3398 terrum)
884 3333 941 3397 pro
965 3310 1101 3375 dimetro
1125 3312 1246 3375 cretico

112 3416 284 3479 coniuncto
324 3436 397 3480 cum
433 3423 635 3481 monometro
674 3417 839 3482 trochaico
880 3437 954 3481 esse
991 3413 1246 3500 interpretanda.

110 3519 221 3605 Atque
245 3540 318 3583 oum
338 3521 533 3584 monometri
550 3519 706 3585 trochaici
729 3542 794 3584 non
817 3520 961 3585 efficiant
983 3517 1069 3605 apud
1093 3518 1246 3582 Plautum

109 3624 209 3688 ullius
238 3643 351 3688 uersus
380 3624 473 3687 colon
506 3625 685 3710 posterius,
715 3625 777 3689 nisi
808 3622 985 3710 praecedat
1013 3623 1121 3703 colon,
1159 3622 1246 3707 quod

112 3733 239 3791 constet
262 3749 305 3791 ex
327 3727 465 3791 dimetro
490 3728 610 3792 cretico
621 3727 662 3812 ¹),
690 3747 832 3809 quaeue
854 3726 935 3791 illud
958 3733 1015 3791 aut
1037 3724 1246 3790 tribuendum

112 3840 163 3898 est
186 3833 337 3897 licentiae
361 3832 407 3913 ei,
435 3853 499 3917 qua
523 3832 659 3896 Plautus
682 3853 762 3896 usus
786 3832 892 3896 estin
915 3830 1050 3896 canticis
1072 3828 1245 3914 fingendis,

111 3944 167 4002 aut
190 3937 319 4001 abiocta
348 3937 404 4000 illa
427 3957 510 4020 quae
533 3936 567 4000 in
590 3936 701 4001 codice
725 3937 753 4001 B
784 3943 835 4002 est
856 3956 1012 4001 uersuum
1035 3933 1244 4019 discriptione

182 4146 203 4211 ¹)
222 4142 321 4197 Verbis
354 4144 471 4211 Quaen
497 4095 628 4196 aibductd
649 4142 705 4195 &rat
730 4148 786 4197 tuto
807 4142 839 4197 ia
865 4139 1011 4211 leuabat?
1034 4139 1244 4209 quaternarium

34 4290 41 4313 ,
110 4229 321 4301 anapaesticum
340 4230 412 4285 effici
432 4229 520 4301 possis
538 4227 672 4285 conicere.
