2970 4814
235 279 255 341 s
672 313 712 324 -
759 271 847 362 [aas]
894 310 935 322 -

238 468 293 548 (cf.
311 467 454 553 Spengel
479 465 872 551 „Reformvorschlaege“
896 485 970 551 pag.
985 461 1041 546 31)
1066 484 1183 528 uersus
1200 464 1371 527 738-740

240 571 286 635 ita
308 570 440 657 legendi
464 576 552 635 sunt:
802 598 803 602 ¹

390 694 451 756 738
476 689 546 774 Qud
566 688 676 754 modo?
702 690 724 775 §
745 691 902 773 pe‘ssumo.
927 690 950 774 5
977 690 1100 770 quae'n
1123 683 1274 752 subducta
1303 685 1373 751 crdt

442 793 597 880 (dimeter
620 792 757 858 creticus
782 814 854 857 cum
878 790 1343 879 penthemimere-trochaico)

393 910 455 973 739
481 907 561 971 Tuto
573 906 609 969 iu
625 904 795 990 cerrum?
809 906 832 991 5
846 905 884 972 et.
900 906 923 990 5
936 904 1013 986 quid
1027 904 1097 968 cst?
1112 905 1135 990 5
1150 905 1199 969 nce
1215 905 1372 983 miserum,

442 1010 594 1096 tcmdt.§
626 1010 779 1094 (dimeter
819 1010 957 1074 creticus
1000 1031 1073 1073 cum
1111 1009 1369 1095 penthemimere

440 1113 623 1200 trochaico)

392 1229 452 1290 740
478 1225 562 1309 Qut?
588 1226 610 1311 §
642 1225 718 1306 quic
750 1224 839 1290 uenit
871 1222 983 1301 nduc'S,
1020 1222 1145 1287 no'stnoe
1174 1224 1256 1289 nani
1292 1226 1375 1306 qnac'

438 1329 577 1416 fruupctt
597 1331 698 1394 ratem
721 1327 940 1415 (septenarius
963 1327 1175 1412 trochaicus).

325 1471 354 1533 6.
382 1466 503 1553 Amph.
521 1469 583 1530 697
609 1464 697 1530 Dum
714 1465 897 1530 c'dcrmtscot
918 1465 1017 1527 unum
1039 1463 1188 1529 somnum.
1211 1465 1233 1550 §
1254 1466 1374 1545 quodne

234 1571 375 1654 utpitcus
401 1570 551 1635 stmnic't?
576 1571 598 1656 §
627 1569 739 1655 (queue
761 1568 804 1651 E,
836 1589 895 1651 quc
920 1588 959 1632 nc
980 1565 1017 1651 J,
1047 1588 1125 1649 quac
1153 1588 1192 1634 ue
1219 1569 1263 1650 B,
1293 1589 1374 1651 quac

236 1694 321 1740 nuuc
342 1675 390 1750 D;
413 1673 544 1738 somniet
565 1672 633 1751 Εὖ,
660 1673 797 1737 somniat
818 1672 899 1758 BD)
932 1693 995 1737 nou
1023 1677 1073 1736 est
1103 1694 1159 1736 cur
1180 1673 1316 1737 Plautus
1340 1674 1373 1737 in

237 1779 415 1865 septenarii
437 1777 594 1842 trochaici
616 1775 700 1862 pede
724 1777 850 1861 quinto,
874 1795 970 1861 quem
995 1776 1188 1862 saepissime
1210 1777 1373 1862 impurum

238 1903 311 1947 esse
347 1886 491 1961 constat,
525 1880 710 1965 neglexerit
750 1880 911 1963 regulam,
952 1900 1048 1964 quam
1087 1878 1165 1943 alibi
1198 1880 1375 1966 diligenter

236 1990 368 2050 secutus
392 1992 454 2066 est,
476 1985 525 2048 ita
546 1990 582 2048 ut
604 1984 737 2069 plenam
761 1983 898 2047 formam
914 2002 1033 2064 quaene
1049 1990 1206 2069 sequente
1230 2006 1375 2050 consona

236 2089 299 2154 sibi
326 2089 543 2174 permitteret.
589 2087 694 2152 Immo
725 2087 807 2168 quat
834 2104 885 2150 me
910 2087 1051 2169 utyitaus
1077 2087 1230 2152 socruie‘t?
1263 2109 1373 2152 emen-

238 2191 380 2257 dandum
409 2191 488 2255 mihi
516 2191 647 2256 uidetur
678 2211 763 2256 0000.
814 2189 952 2275 Saepius
979 2191 1136 2254 smnniarc
1166 2191 1375 2277 coniungitur

240 2318 312 2362 cum
331 2317 410 2362 casu
426 2295 631 2360 accusatiuo:
656 2294 696 2360 cf.
720 2294 798 2375 quid
811 2295 950 2358 somnias
966 2294 1061 2359 Most.
1082 2296 1175 2376 1013,
1197 2293 1282 2360 Rud.
1297 2298 1375 2371 343;

239 2420 319 2482 quac
354 2401 493 2464 somnias
519 2386 630 2464 Mero.
649 2401 726 2475 950;
760 2397 842 2480 qstod
869 2399 1028 2463 smnnmuc'
1059 2397 1154 2464 (lurc.
1183 2401 1265 2475 2463
1299 2419 1376 2481 quos

239 2505 428 2571 Summanos
443 2506 581 2571 colunias
594 2504 689 2569 Curc.
703 2507 780 2579 5463
796 2503 929 2569 Terent.
943 2503 1028 2569 Eun.
1046 2507 1104 2568 194
1127 2503 1171 2567 M
1174 2524 1189 2568 c
1204 2505 1375 2582 sonantes,

236 2630 283 2674 mc
304 2615 450 2691 expectes,
474 2609 510 2674 dc
532 2610 712 2692 meconites.
757 2610 827 2674 Iam
842 2629 920 2675 uero
939 2610 1037 2674 lectio
1054 2630 1133 2691 quac
1155 2630 1201 2674 me
1222 2611 1374 2695 rhythmo

238 2721 272 2780 07
295 2715 429 2800 regulae
454 2735 552 2800 supra
576 2715 770 2778 constitutae
794 2720 827 2778 07
850 2716 1085 2779 sententiarum
1116 2715 1255 2779 conexui
1278 2715 1374 2779 satis-

239 2819 326 2884 facit.
379 2816 513 2882 Etenim
543 2825 717 2905 postquam
748 2818 844 2883 Sosia
874 2839 987 2883 seruus
1023 2819 1126 2882 suasit
1161 2819 1307 2900 domino,
1339 2828 1376 2884 ut

242 2928 463 3008 exspectaret,
487 2922 564 2986 dum
587 2920 768 2987 Alcumena
791 2943 884 2994 uxor,
909 2922 1026 3008 quippe
1050 2942 1132 3007 quae
1156 2922 1295 2988 delirare
1320 2931 1376 2989 aut

239 3026 273 3090 in
296 3025 417 3090 somnis
440 3025 605 3090 uideretur
628 3047 713 3107 0000,
738 3026 816 3090 satis
841 3025 1078 3107 edormiuisset,
1100 3026 1278 3113 respondet
1293 3027 1374 3091 Am-

238 3129 368 3216 phitruo
402 3130 518 3195 iratus:
550 3130 688 3196 Frustra
720 3132 936 3217 exspectabo,
969 3131 1045 3196 dum
1074 3153 1159 3196 uxor
1181 3155 1255 3198 mea
1278 3132 1375 3198 edor-

240 3233 370 3314 miscat,
394 3255 468 3297 nam
492 3256 557 3298 non
580 3234 714 3315 dormit,
737 3235 795 3300 sed
818 3236 958 3320 uigilans
982 3236 1134 3312 somniat,
1157 3236 1298 3321 uigilans
1322 3258 1375 3302 me

238 3336 323 3402 uidit
344 3337 377 3401 in
401 3338 539 3402 somnio!
585 3338 669 3403 Tum
689 3337 887 3404 Alcumena:
913 3322 1069 3420 Equidem
1091 3341 1208 3404 ecastor
1230 3340 1328 3423 070770
1349 3345 1378 3405 07

239 3440 380 3523 utpilans
408 3440 443 3504 u
466 3441 549 3522 qnod
569 3437 724 3526 factumst
747 3440 896 3527 facitur:
923 3441 1008 3506 thm
1037 3441 1156 3506 demum
1184 3443 1257 3507 dntc
1280 3443 1376 3509 tctccm

239 3550 268 3611 ct
289 3547 394 3611 istunc
416 3548 446 3612 c't
467 3550 495 3611 tc
516 3548 595 3613 utdc'.

328 3677 356 3738 7.
379 3673 471 3740 Asin.
497 3678 559 3740 230
594 3678 773 3762 septenarii
803 3677 957 3743 trochaici
985 3657 1117 3744 dunum
1143 3678 1226 3744 hunc
1246 3682 1289 3746 ne'
1308 3700 1377 3745 cum

241 3778 391 3860 qutqncm
402 3777 467 3842 atu
481 3779 548 3843 sit?
563 3781 586 3866 5
604 3781 694 3845 tunc
708 3781 824 3864 utpintt
834 3782 940 3848 mimis
951 3805 1102 3848 numeros
1118 3784 1152 3847 in
1162 3782 1247 3869 pede
1259 3792 1376 3868 quarto

241 3901 356 3967 parum
380 3881 549 3966 elegantes
571 3883 769 3950 Fleckeisen
793 3885 968 3953 emendare
992 3893 1127 3952 conatus
1151 3893 1202 3950 est
1224 3893 1375 3974 transpo-

241 3990 365 4056 nendo:
399 3971 533 4056 dunum
565 3992 648 4056 hunc
680 3996 719 4057 nt
751 3994 795 4058 sit
828 3997 897 4059 cum
931 3995 1079 4077 quitquam
1113 3994 1204 4061 citio?
1236 3998 1259 4083 5
1289 3999 1378 4062 tuuc

241 4093 360 4176 utpintn‘
381 4094 495 4161 minos.
541 4094 587 4159 At
616 4118 695 4160 usus
717 4097 889 4164 Plautinus
918 4098 1047 4177 suadet,
1076 4105 1113 4162 ut
1134 4101 1267 4165 mutatis
1291 4101 1378 4165 inter

243 4220 278 4264 se
311 4199 480 4264 uocabulis
516 4219 637 4264 annum
672 4208 706 4267 et
734 4203 817 4267 hunc
846 4205 992 4289 legamus
1021 4223 1155 4268 uersum
1187 4205 1250 4268 ita:
1281 4205 1378 4270 Hunc
