2954 4808
663 308 753 396 [199]
1235 313 1274 375 13

40 496 44 502 Δ
139 512 317 599 (Desinunt
340 511 373 574 hi
402 514 558 574 tractatus
588 505 643 570 fol.
670 507 745 585 321π
773 505 834 569 sle:
866 503 976 586 pisctus
1007 503 1043 568 δὲ
1067 501 1088 588 η’
1120 506 1277 589 συνίζηοις

138 617 180 696 ὠς
202 618 332 703 εἴρηται,
356 611 531 701 φωνήεντος
553 606 782 694 ἐπιφερομένου,
804 604 904 672 ον’κέτι
928 608 959 672 δὲ
982 605 1174 694 συμφώνου).

244 724 273 786 5.
317 717 436 784 Nescio
473 714 613 800 denique
652 733 693 777 an
733 713 845 778 eodem
880 711 1066 779 referendus
1101 716 1143 779 sit
1173 714 1279 779 codex

140 822 376 892 Matritensis
410 822 450 884 95
483 817 668 882 chartaceus
701 816 736 880 4⁰
768 815 969 881 Constantini
999 816 1146 882 Laenatis
1180 839 1277 883 manu

139 935 302 997 exaratus.
337 923 488 989 Continet
503 929 586 986 teste
601 919 715 984 Iriarte
732 920 768 997 tl.
783 940 810 986 c.
823 941 898 1005 pag.
911 922 1004 999 380):
1019 920 1072 985 dcl.
1091 923 1277 987 192-202:

137 1028 439 1119 Ηφαιστίωνος
468 1028 684 1108 γραμματικοῦ
712 1024 891 1107 ἐγχειρίδιον
922 1026 990 1104 περὶ
1022 1023 1164 1110 μέτρων,
1197 1026 1275 1093 ina:

137 1137 176 1201 Ei
207 1133 372 1216 μέλλοιμεν
404 1132 544 1211 ἐμμελῶς
578 1129 626 1190 καὶ
662 1123 831 1209 εὐρύθμως
864 1126 917 1191 τόν
953 1135 1010 1192 τοῦ
1048 1128 1115 1206 νοός
1148 1124 1277 1212 ἄγγελον

135 1239 171 1321 ὃς
193 1241 276 1303 ἐστιν
306 1234 323 1300 ὁ
354 1231 537 1318 προφορικός
569 1229 678 1314 λόγος,
712 1229 795 1296 das:
825 1231 910 1296 ποιόν
936 1231 972 1296 δι’
1001 1235 1064 1298 ἐστι
1092 1259 1128 1298 το
1159 1231 1276 1314 μικτόν·

137 1341 173 1408 vd
195 1343 229 1407 ἐκ
251 1336 404 1423 διαφόρων
418 1337 509 1401 εἰδῶν
529 1335 729 1417 συγκείμενον.
773 1333 874 1400 Addit
890 1333 1006 1402 Iriarta
1028 1336 1048 1402 l.
1066 1357 1109 1404 c.:
1133 1334 1173 1402 ‘Is
1196 1337 1276 1404 liber

139 1447 248 1512 codice
276 1442 338 1508 XL
368 1441 463 1505 stiam
494 1434 680 1504 continetur’
708 1434 808 1522 (coni.
838 1460 937 1524 supra
966 1461 1041 1525 pag.
1067 1444 1084 1505 7
1108 1438 1183 1526 sq.>,
1213 1440 1276 1506 ‘sed

139 1549 246 1615 multis
260 1546 338 1611 locis
353 1544 557 1609 diversus...
574 1541 682 1606 Alium
704 1542 748 1607 ibi
769 1542 899 1609 huiusce
922 1545 1027 1628 operis
1048 1545 1143 1608 finam
1158 1544 1277 1609 indica·

138 1652 251 1730 vimus,
277 1650 338 1715 rati
369 1646 559 1733 opusculum
582 1646 730 1731 proxime
752 1666 898 1730 sequens,
914 1641 983 1711 Ἔτι
1004 1650 1071 1731 περὶ
1092 1647 1214 1731 μέτρων
1231 1650 1276 1713 in-

139 1757 291 1840 scriptum
322 1750 398 1836 (ino.
428 1750 482 1814 fol.
512 1750 564 1814 63‘
595 1747 684 1832 int),
718 1748 759 1812 ad
790 1749 1065 1835 Hephaestionem
1099 1753 1277 1839 pertinere3

140 1858 217 1924 illud
242 1878 330 1939 vero,
353 1855 432 1920 satis
456 1852 584 1938 quidem
608 1854 778 1938 prolixum,
808 1854 933 1938 incipit:
968 1853 1026 1919 Δεῖ
1049 1853 1204 1937 γινώσκειν
1231 1854 1278 1921 ὅτι

113 1949 116 1954 ’
139 1960 174 2028 τὸ
197 1956 328 2045 η’ρωὶλόν
349 1956 461 2039 μέτρον
484 1954 503 2021 ὃ
523 1957 573 2019 καὶ
595 1954 770 2020 δακτυλικόν
792 1957 947 2035 καλεῖται,
970 1957 1101 2023 desinit:
1127 1963 1197 2044 περὶ
1219 1962 1278 2041 μὲν

139 2062 195 2131 οὖν
224 2069 280 2129 τοῦ
304 2059 420 2146 μέτρου
449 2060 499 2124 καὶ
530 2064 593 2124 τῶν
623 2058 702 2124 nard
734 2057 789 2137 τὰς
820 2059 973 2144 συλλαβάς
1004 2068 1117 2126 παθῶν
1147 2062 1277 2147 εἴρηται.

141 2170 313 2237 Caeterum
334 2167 429 2247 finem
452 2163 622 2249 utrobique
644 2173 765 2230 certum
789 2171 932 2231 statuere
954 2167 1046 2232 nobis
1069 2165 1156 2233 haud
1181 2167 1279 2249 licuit,

140 2276 258 2362 quippe
282 2271 397 2357 quibus
426 2270 549 2335 nullum
577 2269 672 2334 huius
701 2270 900 2358 grammatici
930 2270 1093 2356 exemplar
1123 2292 1277 2338 excusum

140 2379 249 2445 videre
265 2374 445 2461 contigerit.
476 2374 546 2438 Iam
565 2394 641 2439 vero
657 2373 689 2437 id
700 2372 903 2442 Enchiridicn
918 2375 1062 2460 plurimis
1078 2374 1278 2443 Constantini

139 2483 285 2549 Lascaris
301 2481 370 2546 sive
386 2478 595 2562 interscriptis
611 2478 678 2544 sive
694 2478 862 2564 adscriptis
879 2480 963 2544 notis
980 2486 1011 2544 et
1028 2479 1277 2547 animadversio·

138 2588 242 2666 nibus,
264 2591 331 2649 tum
349 2583 427 2648 alias
449 2581 617 2661 adiunctis,
638 2582 719 2647 alias
741 2583 891 2649 subiectis
915 2585 1042 2649 scholiis
1064 2587 1277 2671 auctariisque

137 2683 334 2754 illustretur.'
385 2685 566 2750 Interieotis
598 2685 682 2750 foliis
714 2706 815 2772 prope
846 2686 970 2767 duobus
993 2689 1101 2754 vacuis
1132 2692 1276 2775 sequitur

141 2792 209 2877 (iol.
233 2788 313 2875 205)
336 2790 601 2875 Harpocrationis
632 2788 792 2873 συναγωγὴ
825 2796 888 2856 τῶν
909 2792 1057 2876 α’νθηρῶν
1086 2790 1194 2869 λέξεων
1216 2799 1280 2858 τῶν

140 2896 213 2962 δέκα
235 2894 385 2979 ῥητόρων.
430 2892 473 2957 Et
495 2894 556 2958 hoo
580 2892 690 2959 codiee
705 2901 738 2959 ct
753 2893 863 2961 codice
879 2895 940 2961 XL
955 2897 1109 2962 contineri
1132 2896 1277 2963 Pseudo·

140 2998 389 3087 Hephaestionis
425 2999 661 3084 paragraphum
694 3001 708 3062 l
746 3000 878 3065 conicio.
931 3001 1027 3075 Quod
1060 3008 1167 3067 autem
1201 3001 1279 3067 dicit

140 3106 271 3186 Iriarte,
300 3102 417 3170 codicis
448 3100 543 3167 XCV
571 3107 741 3168 tractatum
773 3105 882 3169 multis
913 3105 992 3171 locis
1024 3128 1045 3171 a
1076 3106 1183 3173 codice
1216 3107 1278 3172 XL

140 3208 302 3273 diversum
332 3226 417 3284 esse,
448 3204 478 3269 id
503 3206 655 3290 suspicari
682 3206 755 3270 licet
785 3206 825 3270 ad
850 3229 903 3273 aas
925 3213 1050 3274 tantum
1072 3210 1279 3278 referendum

140 3332 212 3377 esse
234 3311 401 3393 congeries
422 3311 582 3392 metricas,
606 3331 687 3395 quae
710 3312 742 3375 in
758 3317 897 3396 utroque
914 3312 1022 3379 codiee
1038 3316 1241 3400 paragrapho
1260 3319 1276 3380 1

145 3415 333 3481 subiunctas
369 3413 518 3480 videntur
551 3432 638 3490 asse;
672 3413 728 3478 has
765 3415 850 3481 enim
883 3416 986 3482 varias
1019 3438 1089 3482 csse
1119 3418 1152 3482 in
1185 3419 1281 3485 variis

144 3517 307 3585 codicibus
323 3516 440 3582 docent
462 3515 589 3584 codices
610 3516 788 3583 Vaticanus
814 3520 852 3583 15
876 3525 910 3585 et
933 3520 1017 3584 1126
1041 3527 1074 3585 et
1093 3521 1279 3589 Mutinensis

140 3623 176 3687 Π
197 3621 269 3686 F4
301 3629 333 3686 et
362 3621 543 3688 Marcianus
565 3621 617 3688 XI
642 3625 693 3707 14,
724 3623 839 3708 quibus
873 3624 1020 3690 omnibus
1052 3625 1282 3694 Pseudo-He·

142 3724 340 3812 phaestionis
356 3724 373 3806 ξ
391 3728 405 3789 1
428 3730 494 3791 tota
517 3727 706 3809 continetur,
728 3725 783 3791 sed
805 3725 921 3793 additis
938 3729 1126 3795 tractatibus
1141 3731 1280 3797 matricis

143 3832 175 3895 in
198 3827 345 3895 omnibus
368 3827 512 3895 diversis.

243 3929 303 3996 VI.
338 3929 451 3995 Codex
473 3932 730 4018 paragraphi
747 3936 762 3996 1
788 3939 947 4019 partem
962 3940 1087 4001 tantum
1104 3937 1281 4022 continens,

143 4036 201 4103 sad
224 4035 498 4120 sequentibus
521 4037 804 4122 paragraphis
827 4040 972 4123 2-11,
995 4047 1045 4107 est

247 4138 548 4205 Ambrosianus
563 4138 585 4204 J
600 4141 672 4204 224
689 4141 755 4208 ord.
772 4142 836 4228 int,
852 4164 946 4228 quem
961 4143 1162 4211 Studemund
1179 4146 1281 4213 obiter

140 4244 279 4330 inspexit
293 4263 377 4309 anno
391 4243 485 4309 1864.
511 4242 645 4309 Constat
660 4245 686 4311 is
702 4245 806 4311 codex
817 4267 858 4311 ex
875 4249 1091 4333 compluribus
1107 4250 1281 4317 minoribus

143 4346 304 4414 codicibus
335 4347 510 4434 bibliopegi
532 4368 633 4434 opera
653 4349 686 4414 in
716 4369 816 4416 unum
847 4371 963 4440 corpus
994 4354 1179 4421 coniunctis.
1222 4351 1281 4442 na,
