2956 4822
686 301 776 387 [err]
1255 306 1295 370 so

947 399 967 434 Χ

165 494 434 579 circumscriptum
451 502 517 577 est,
548 500 583 557 ut
617 492 794 588 Ἀλκμήνας
819 494 903 574 τέκος
926 503 1104 562 vocaretur.
1149 498 1296 568 Eundem

165 598 341 682 Pindarus,
375 605 544 685 postquam
567 599 598 663 in
621 620 651 665 v.
676 603 716 664 35
748 601 874 665 nomine
904 601 1031 686 proprio
1062 624 1138 667 usus
1170 613 1233 681 est,
1265 608 1296 671 in

165 725 196 769 v.
220 704 261 767 38
286 704 391 767 verbis
414 704 635 786 καρτεραίχμας
657 702 944 788 Ἀμφιτρυωνιάδας
965 705 1163 789 significavit.

269 862 314 926 Ut
338 861 495 926 Hercules
517 859 600 925 inter
618 864 759 924 vetustos
782 860 898 924 heroas
921 862 965 925 ita
979 861 1200 928 ACHILLES
1216 864 1297 928 inter

165 968 251 1032 viros
287 973 397 1030 contra
429 965 557 1029 Troiam
596 963 753 1050 profectos
789 965 929 1030 eminuit.
985 966 1048 1062 Cui
1082 966 1113 1031 in
1152 969 1297 1032 carminis

166 1070 324 1157 Olympici
356 1070 431 1133 noni
462 1093 493 1135 v.
528 1072 563 1132 71
600 1069 727 1133 nomine
758 1068 887 1153 proprio
920 1070 1098 1155 appellatus
1130 1073 1162 1136 in
1194 1095 1223 1138 v.
1257 1077 1297 1138 io

166 1174 280 1239 dicitur
303 1172 409 1252 Θέτιος
432 1182 545 1258 γοῦνος.
588 1174 658 1241 Nec
680 1176 782 1238 minus
805 1176 837 1238 in
861 1175 998 1240 carmine
1013 1176 1044 1240 N
1048 1199 1175 1243 emeaeo
1202 1182 1296 1244 tertio

166 1279 324 1344 Pindarus
354 1287 519 1364 postquam
550 1280 582 1342 in
606 1301 634 1343 v.
658 1282 700 1342 43
724 1278 827 1344 denno
852 1279 892 1344 ah
915 1282 1128 1364 appellatione
1152 1281 1297 1368 (ξανθᾶς)

164 1379 305 1466 Ἀχιλεύς
328 1403 459 1447 exorsus
483 1389 548 1462 est,
578 1381 609 1445 in
632 1404 662 1446 v.
687 1385 727 1445 57
757 1403 872 1446 nomen
896 1381 1028 1446 Achillis
1057 1406 1115 1471 per
1145 1386 1296 1471 ambages

166 1486 210 1549 ita
232 1484 387 1567 reddidit,
415 1492 451 1549 ut
474 1507 544 1551 eum
568 1483 656 1567 γόνον
678 1483 829 1570 φέρτατον
851 1488 918 1552 scil.
942 1486 1087 1552 Thetidis
1110 1489 1297 1574 appellaret.

166 1588 285 1654 Contra
317 1590 463 1654 carminis
492 1589 634 1653 Isthmici
665 1590 790 1674 septimi
819 1597 851 1654 et
882 1591 913 1653 in
945 1614 976 1656 v.
1007 1593 1048 1654 48
1079 1602 1112 1657 et
1140 1594 1172 1656 in
1202 1615 1230 1659 v.
1254 1596 1294 1659 55

165 1692 296 1758 Achillis
328 1693 448 1757 nudum
479 1715 595 1758 nomen
624 1694 788 1778 proprium
819 1695 927 1760 habes.
973 1695 1094 1759 Verum
1124 1719 1195 1762 cum
1219 1698 1298 1763 haec

167 1796 228 1862 oda
250 1817 315 1861 non
338 1799 538 1883 systematis,
560 1797 615 1862 sed
638 1797 769 1882 singulis
792 1799 931 1884 strophis
955 1800 1169 1880 contineatur,
1192 1802 1297 1868 nescio

165 1923 206 1965 an
228 1901 279 1965 hic
301 1907 398 1985 poeta
420 1902 545 1966 nonnisi
566 1903 596 1965 in
622 1924 685 1966 una
708 1902 883 1989 eademque
913 1905 1045 1990 stropha
1074 1907 1297 1990 repetitionem

166 2004 306 2071 ciusdem
330 2005 463 2069 nominis
486 2006 643 2072 vitaverit.

270 2161 394 2225 Maiore
431 2161 595 2245 diligentia
632 2161 789 2227 Pindarus
823 2163 956 2229 Achillis
994 2165 1172 2230 educatoris
1208 2189 1299 2252 prae·

166 2266 369 2351 ceptcrisque
399 2265 552 2330 Centauri
583 2266 795 2331 CHIRONIS
827 2288 942 2333 nomen
974 2270 1118 2334 variavit.
1171 2269 1297 2336 Etenim

167 2371 198 2433 in
223 2371 368 2434 carminis
388 2371 514 2455 Pythici
538 2372 625 2435 tertii
648 2371 735 2436 initio
758 2373 848 2456 quasi
871 2394 1024 2437 summam
1048 2374 1299 2459 appellationum

167 2475 290 2558 copiam
312 2475 433 2538 iactans
455 2474 543 2537 iilum
567 2475 708 2556 Χείρωνα
726 2476 900 2557 Φιλυρίέον,
925 2475 1079 2559 Οὐρανίδα
1103 2475 1189 2559 γόνον
1209 2477 1298 2562 εὐρυ-

165 2575 297 2657 μέδοντα
322 2576 454 2661 Κρόνου,
480 2578 558 2661 Φῆρ’
581 2577 747 2661 ἀγρότερον
777 2583 959 2646 nominavit.
1002 2580 1128 2666 Nempe
1157 2582 1298 2669 Philyra,

167 2684 287 2748 Oceani
310 2683 385 2764 filia,
409 2682 578 2747 Chironem
603 2706 643 2748 ex
661 2683 764 2750 Crono
788 2691 877 2767 patre
900 2693 1078 2770 pepererat.
1123 2685 1247 2751 Deinde
1265 2688 1297 2753 in

165 2808 195 2852 v.
219 2789 259 2852 45
284 2796 397 2870 poeta,
432 2787 591 2870 quomodo
615 2788 733 2873 Apollo
764 2789 863 2853 filium
891 2789 1120 2873 Aesculapium
1150 2788 1298 2874 Μάγνητι

166 2889 338 2979 Κενταύρῳ
369 2891 532 2957 tradiderit
563 2891 782 2974 educandum,
813 2900 920 2957 narrat
950 2900 982 2958 et
1012 2895 1043 2958 in
1070 2914 1099 2959 v.
1124 2897 1299 2959 cerotum

165 2996 249 3074 facit,
273 3002 307 3058 ut
338 2993 469 3079 σώφρων
492 2997 613 3077 Χείρων
642 2997 674 3059 in
706 2997 784 3061 vivis
816 2997 856 3060 sit
887 3005 918 3061 et
947 2998 1080 3062 Hieroni
1109 2999 1177 3080 regi
1207 2999 1299 3082 gravi
1409 3008 1411 3012 “

167 3099 277 3164 morbo
301 3098 413 3163 affecto
432 3100 588 3165 medicum
605 3102 788 3186 Aesculapii
802 3101 937 3166 similem
956 3102 1072 3166 mittat.
1106 3103 1215 3167 Isdem
1230 3103 1297 3167 lere

165 3204 378 3268 locutionibus
402 3204 433 3268 iu
458 3205 596 3269 carmine
620 3204 756 3291 Pythice
780 3213 893 3290 quarto
919 3206 1064 3271 Chironis
1094 3227 1210 3270 nomen
1240 3208 1300 3271 cir·

167 3309 391 3394 cumscriptum
426 3316 485 3374 est.
542 3310 605 3383 Qui
643 3315 811 3395 postquam
849 3312 881 3373 in
911 3333 940 3376 v.
978 3312 1037 3374 102
1075 3332 1133 3375 suo
1171 3311 1298 3375 nominc

165 3413 363 3477 introductus
393 3419 458 3492 est,
497 3413 528 3476 in
559 3433 587 3479 v.
613 3416 674 3477 103
703 3415 917 3498 appellatione
948 3413 1128 3494 Κενταύρου
1159 3421 1298 3479 notatur.

165 3515 291 3581 Deinde
314 3518 346 3579 in
369 3519 477 3582 v.115
502 3516 629 3601 quidem
654 3525 749 3603 poeta
771 3518 809 3581 ad
833 3539 950 3583 nomen
974 3520 1137 3602 proprium
1153 3518 1298 3583 Chironis

166 3621 334 3685 revertitur
372 3621 515 3704 epitheto
554 3623 707 3703 Κρονίδας
745 3621 871 3699 addito,
917 3622 973 3686 sed
1016 3623 1162 3687 molestia
1207 3621 1298 3686 huius

169 3724 381 3805 repetitionis,
405 3745 596 3808 quamquam
618 3725 701 3790 intra
724 3725 805 3790 idem
830 3731 968 3810 systema
989 3726 1040 3806 fit,
1064 3746 1102 3790 eo
1125 3726 1299 3809 mitigatur,

168 3828 252 3913 quod
290 3829 343 3893 illa
388 3829 622 3893 circumlocutio
667 3829 855 3914 interposita
901 3836 956 3894 est.
1018 3830 1221 3894 Postremum
1265 3832 1297 3894 iu

167 3956 197 3999 v.
239 3935 298 3996 119
337 3932 456 3997 Chiron
493 3935 700 4017 exquisitiore
745 3935 878 3999 artifieio
919 3932 989 4015 (θήρ
1027 3940 1113 4010 θεῖος
1157 3941 1296 3999 vocatur.

166 4036 317 4120 Accedit,
348 4036 435 4120 quod
463 4037 494 4100 in
517 4039 656 4103 carmine
679 4038 816 4124 Pythice
840 4060 923 4103 nono
948 4038 1107 4103 Pindarus
1129 4046 1300 4122 postquam

167 4143 199 4206 in
222 4162 250 4203 u.
266 4143 306 4204 29
330 4163 349 4204 a
370 4140 516 4206 Chironis
539 4143 666 4207 nomine
682 4144 809 4228 proprio
827 4164 961 4207 exorsus
977 4150 1034 4226 est,
1052 4143 1127 4205 inv.
1145 4144 1185 4205 30
1201 4142 1300 4226 Apol·

168 4245 263 4308 linem
286 4246 471 4328 cognomino
495 4246 641 4326 Φιλορίέα
664 4247 751 4311 illum
777 4247 969 4311 salutantem
993 4246 1085 4309 finxit
1108 4252 1139 4308 et
1161 4246 1192 4307 in
1214 4266 1242 4307 v.
1258 4247 1299 4308 38

169 4347 288 4413 Chiron
304 4347 480 4432 Κένταυρος
497 4348 629 4433 ζαμενής
644 4350 767 4417 dicitur.
801 4351 974 4416 Praeterea
990 4350 1136 4416 carminis
1148 4348 1299 4414 Nemeaei
