2962 4800
258 294 296 358 14
773 285 856 413 llo]

252 485 380 568 legitur.
426 483 619 547 Accuratius
642 489 750 546 autem
774 483 1046 548 coniunctivorum
1069 484 1100 547 in
1131 485 1273 569 singulis
1304 510 1404 553 enun-

251 588 336 652 tiatis
359 586 591 651 vicissitudines
614 586 812 650 illustrantur
835 587 895 649 hac
918 586 1045 652 tabella.
1092 587 1235 671 Legitur
1259 592 1349 654 enim

317 691 398 755 coni.
423 690 510 774 impl.
556 691 587 752 in
610 689 741 774 protasi,
764 690 845 752 coni.
869 689 956 773 impl.
1000 690 1031 754 in
1057 691 1194 774 spodosi
1243 696 1337 758 78ies

353 844 368 874 n
460 843 474 874 n
567 842 582 876 n
672 842 686 873 n
733 840 741 867 i
803 842 818 873 n
866 792 967 878 plussq·
1004 844 1019 875 n
1112 845 1126 875 n
1239 800 1281 861 15
1327 849 1342 880 u

349 943 366 976 n
412 897 516 980 Plusq·
564 945 579 976 n
670 944 684 975 n
731 943 739 973 i
801 945 815 976 n
861 895 948 981 lmPf·
1001 946 1014 972 u
1109 947 1123 978 n
1240 903 1286 964 52
1330 954 1346 983 a

354 1001 1020 1085 „a„„‚„plu⁸q·„
1108 1048 1123 1078 r
1241 1006 1345 1085 67„

1217 1110 1347 1175 elaios.

355 1206 435 1270 Oum
458 1226 574 1290 magno
597 1225 674 1269 sane
690 1205 845 1269 eiusmodi
861 1207 1098 1271 enuntiatorum
1113 1229 1252 1273 numero
1270 1214 1316 1276 25
1333 1213 1400 1278 fere

250 1310 380 1376 alterius
397 1311 521 1393 generis
539 1309 688 1394 exempla
706 1308 848 1374 conferre
866 1309 957 1391 licet,
973 1330 1106 1393 quorum
1126 1319 1182 1375 aut
1202 1312 1236 1376 in
1255 1324 1398 1401 utraque

250 1422 341 1500 parte
364 1414 475 1475 autin
498 1413 745 1476 alteratantum
769 1419 861 1496 parte
891 1414 1109 1477 coniunctivus
1142 1415 1233 1499 impl.
1258 1439 1338 1482 cum
1368 1422 1397 1483 vi

249 1517 401 1600 temporis
429 1514 592 1599 praeteriti
618 1516 742 1598 positus
773 1520 830 1579 ost.
875 1514 987 1599 Itaque
1011 1515 1051 1579 de
1075 1522 1205 1580 centum
1237 1522 1397 1606 exemplis

250 1620 424 1702 nonaginta
446 1617 514 1682 lere
536 1617 676 1698 alterius,
698 1617 811 1682 decem
827 1619 956 1682 alterius
973 1619 1096 1702 generis
1113 1629 1200 1685 sunt.
1248 1623 1316 1691 Vel
1338 1627 1398 1690 hoc

250 1745 314 1787 uno
336 1722 456 1786 calculo
482 1742 554 1785 cum
578 1720 799 1784 Plautinorum
824 1723 1059 1785 enuntiatorum
1076 1727 1288 1791 enarratione
1317 1751 1398 1793 com·

250 1833 361 1912 parato
384 1824 519 1888 allicitur
543 1845 636 1888 usum
662 1824 851 1888 coniunctivi
875 1825 1049 1908 imperfecti
1073 1828 1204 1892 notione
1228 1833 1396 1914 praeteriti

249 1926 386 2014 praediti
418 1927 494 1990 satis
526 1927 591 1990 late
623 1927 763 2011 patuisse
785 1927 936 1991 Plautina
957 1935 1075 2010 aetate,
1107 1936 1183 2012 post
1207 1931 1395 1998 Plautinam

250 2037 388 2095 aetatem
413 2030 513 2112 magis
537 2030 702 2114 magisque
725 2032 900 2095 evanuisse.

780 2211 856 2293 ss.

352 2340 473 2404 Verum
497 2340 675 2424 essequod
699 2341 920 2405 contendimus
952 2341 1051 2425 magis
1082 2343 1177 2405 etiam
1213 2351 1394 2443 apparebit,

248 2446 274 2509 si
297 2453 442 2509 naturam
466 2465 576 2508 eorum
592 2444 748 2526 locorum,
772 2443 825 2527 qui
840 2444 1058 2527 imperfectum
1075 2448 1243 2527 praeteriti
1262 2453 1392 2515 notione

249 2548 429 2632 praeditum
461 2545 546 2630 apud
572 2545 759 2610 Ciceronem
784 2546 946 2624 exhibent,
972 2548 1148 2610 accuratius
1172 2552 1392 2633 perlustrare-

248 2654 356 2715 rimus.
401 2649 453 2714 Ex
482 2649 595 2734 quibus
618 2650 698 2713 haec
720 2649 788 2714 fere
811 2649 1009 2732 seiungenda'
1032 2658 1064 2713 et
1087 2651 1169 2714 inter
1194 2675 1230 2717 se
1264 2678 1392 2741 compa·

249 2754 349 2819 ranila
372 2760 447 2817 sunt
470 2753 633 2836 exempla:

349 2857 445 2920 Rosc.
470 2856 542 2920 Am.
567 2860 608 2918 34
631 2856 649 2937 ᾖ
673 2859 729 2920 97:
761 2874 839 2937 quae
861 2859 1028 2921 necessitas
1050 2877 1120 2919 eum
1146 2864 1241 2922 tanta
1268 2884 1389 2944 meme·

248 2961 309 3037 bat,
333 2967 392 3042 ut,
420 2962 450 3023 si
470 2979 531 3023 sua
554 2965 661 3042 sponte
682 2962 743 3023 iter
765 2961 928 3023 Ameriam
956 2961 1147 3043 faceret,
1172 2962 1210 3025 m
1239 2968 1392 3047 tenspcris

247 3063 348 3127 Roma
390 3061 818 3145 proficisceretur,
863 3066 985 3127 naellam
1019 3071 1143 3146 partem
1182 3069 1291 3130 noctis
1329 3089 1391 3131 re-

246 3166 498 3248 quiesceret?
530 3164 621 3230 Verr.
638 3165 670 3228 V
685 3165 738 3246 8§
758 3168 812 3230 18:
838 3166 1050 3253 Apollonium,
1073 3166 1230 3230 hominem
1253 3169 1390 3253 locuple·

247 3273 410 3347 tissimum,
434 3270 510 3349 oiri,
532 3270 561 3331 si
588 3268 724 3352 fuyitioi
746 3269 856 3332 bellum
879 3272 914 3332 in
938 3270 1053 3334 Sicilia
1073 3269 1293 3353 facerent,
1325 3295 1389 3336 am·

245 3375 407 3456 piissimas
425 3372 583 3454 fortunas
606 3374 826 3452 aeritimi,
848 3373 919 3437 belli
933 3373 1152 3455 fugitiuorum
1178 3377 1310 3438 nonsiue
1342 3379 1388 3438 in·

248 3476 334 3538 dicta
358 3497 456 3538 carisa
478 3476 640 3539 incincta
663 3477 801 3539 coniecit.
847 3475 940 3539 Vcrr.
961 3474 992 3537 V
1016 3476 1054 3537 12
1078 3474 1095 3554 5
1118 3476 1179 3538 30:
1203 3474 1300 3541 Inter
1322 3484 1388 3542 eius

246 3578 331 3640 morli
352 3580 436 3641 uiros
459 3584 487 3641 et
507 3579 652 3642 taolieres
669 3580 781 3642 adulta
797 3586 899 3642 aetate
912 3580 1005 3662 filius
1019 3576 1217 3659 vacabatur,
1242 3588 1286 3644 ut
1308 3603 1387 3659 curn,

245 3683 369 3744 etiamsi
383 3687 503 3743 natura
518 3683 697 3764 opereulis
716 3682 925 3745 similitudine
945 3680 1170 3764 abriperet,
1195 3685 1390 3747 consuetudo

245 3790 347 3846 tamen
370 3804 407 3844 nc
430 3782 601 3864 disciplina
620 3785 727 3864 patris
753 3784 885 3846 similem
916 3804 979 3847 esse
1003 3789 1132 3867 coquet.
1181 3783 1277 3849 Varr.
1298 3786 1328 3850 V
1346 3790 1387 3849 34

245 3885 262 3966 β
278 3887 336 3948 89:
359 3884 445 3948 Erat
466 3889 547 3948 enim
561 3887 627 3949 sota
644 3888 702 3950 itta
717 3888 809 3949 nauis
825 3893 986 3950 constrata
1006 3893 1033 3949 et
1048 3888 1093 3948 itu
1108 3906 1241 3970 magna,
1260 3897 1297 3952 ut
1309 3911 1385 3973 pro

241 3991 424 4073 pregnaculo
446 3992 552 4052 celeris
573 3997 675 4072 posset
698 4010 777 4070 esse;
800 4008 916 4071 oreae,
944 3992 974 4053 si
995 3992 1028 4053 in
1050 3990 1252 4072 praedonum
1272 4015 1388 4077 pugrm

244 4100 507 4174 uersaretur,
534 4092 621 4157 urbis
645 4096 750 4157 instar
772 4093 884 4158 habere
906 4097 988 4157 inter
1019 4094 1090 4157 illos
1113 4096 1275 4177 piraticos
1305 4120 1389 4179 myo-

240 4216 378 4278 parones
412 4196 637 4260 uideretur.
692 4195 761 4279 Lig.
795 4200 812 4260 7
843 4196 860 4277 ἓ
892 4198 948 4259 21;
983 4192 1142 4277 (Tubero)
1174 4201 1224 4262 ita
1259 4202 1388 4282 qrridmn

245 4298 364 4385 agebat,
387 4301 433 4363 ita
463 4301 510 4363 rei
536 4300 683 4382 publicae
714 4302 947 4364 sarrrtissimum
974 4319 1083 4364 eramen
1111 4302 1300 4385 opponebat,
1330 4313 1389 4385 ut,
