2956 4822
209 301 248 364 ιι
730 300 821 384 [ssa]

209 490 358 574 scriptum
383 492 432 569 sit,
456 490 511 555 sed
535 492 575 555 ad
599 493 723 556 ἐπινίκια
748 492 843 575 Argis
867 492 1060 557 celebranda
1082 501 1157 577 post
1181 494 1344 560 universas

210 594 377 675 victorias,
408 616 487 679 quas
510 594 629 659 'l'heaei
659 617 738 679 gens
769 597 921 681 plurimas
953 602 985 658 et
1012 596 1042 660 in
1066 594 1235 661 Nemeaeie
1259 604 1291 661 et
1314 600 1345 660 in

210 697 368 763 Isthmicis
398 700 622 764 certaminibus
653 709 881 784 reportaverat.
935 700 1050 786 Itaque
1073 701 1231 766 Pindarus
1260 708 1345 785 post·

209 822 304 886 quam
326 803 357 866 in
381 825 410 866 v.
434 805 475 866 26
499 802 663 868 Theaeum
697 812 727 868 et
750 803 892 868 Nemeae
925 815 957 867 et
986 804 1017 867 in
1041 804 1164 867 Isthmo
1195 825 1345 869 coronam

209 906 329 990 cepisse
353 908 506 981 narrarit,
537 907 568 970 in
591 927 620 968 v.
644 909 771 971 27-28
802 909 982 971 accuratius
1014 909 1147 992 exponit
1177 916 1225 972 ter
1255 910 1346 973 illum

209 1016 241 1073 et
262 1010 294 1073 in
318 1010 414 1074 sacris
432 1011 549 1095 campis
565 1012 740 1076 secundum
757 1011 948 1076 Adrasteam
965 1011 1068 1096 legem
1084 1019 1117 1075 et
1132 1015 1163 1076 in
1179 1014 1345 1078 maritimis

208 1113 309 1197 portis
334 1113 383 1194 (ἓν
405 1112 526 1178 πόντοιο
543 1112 682 1194 πύλαισι)
707 1115 826 1181 vicisse.
861 1115 924 1178 Ubi
942 1123 977 1179 ut
992 1117 1074 1180 sacri
1091 1118 1192 1200 campi
1210 1116 1345 1198 Nemea,

208 1217 252 1280 ita
268 1218 362 1282 maris
377 1226 490 1302 portae
505 1219 740 1299 intellegendae
757 1227 830 1282 sunt
844 1220 994 1298 Isthmus,
1013 1242 1070 1304 per
1086 1242 1182 1305 quem
1199 1242 1346 1285 accessus

208 1321 247 1384 ad
272 1342 359 1386 mare
375 1322 540 1404 Aegaeum
564 1343 628 1386 non
652 1344 743 1388 secus
768 1332 857 1408 patet
879 1334 976 1408 atque
999 1325 1038 1387 ad
1058 1324 1196 1390 lonium.
1231 1323 1348 1410 Neque

210 1424 312 1489 minus
334 1424 388 1489 ubi
412 1427 541 1490 tertium
557 1424 787 1491 Nemeaeorum
806 1429 1012 1492 certaminum
1030 1429 1210 1509 mentiost,
1234 1428 1348 1492 Isthmi

197 1548 337 1614 quoqne
368 1550 482 1593 nomen
508 1551 591 1594 novo
626 1530 759 1595 artificio
792 1532 1062 1616 circumscriptum
1095 1539 1154 1596 est.
1200 1530 1282 1595 Nam
1315 1533 1346 1596 in

212 1655 243 1697 v.
261 1634 302 1696 42
325 1654 382 1718 per
400 1633 498 1699 verba
519 1633 678 1715 Κορίνθου
700 1636 734 1698 ἐν
754 1641 861 1717 μυχοῖς
877 1635 1021 1699 Isthmus
1045 1634 1250 1717 significatur,
1275 1656 1348 1698 curn

211 1735 383 1802 Corinthus
401 1739 470 1823 ipsa
487 1739 519 1803 in
534 1738 656 1802 Isthmo
680 1739 739 1803 sita
759 1747 844 1803 esset
867 1746 899 1804 et
914 1737 1068 1804 Corinthii
1084 1738 1244 1803 Isthmicis
1261 1737 1345 1802 ludis

210 1840 435 1923 praesiderent.

311 1942 423 2028 Neque
447 1953 554 2010 tamen
577 1944 689 2011 eadem
712 1945 830 2029 ubique
855 1944 1019 2029 diligentia
1050 1954 1146 2030 atque
1170 1946 1230 2010 hoe
1263 1945 1346 2024 loco,

210 2068 251 2111 ne
271 2046 311 2110 ad
336 2068 447 2112 nomen
472 2061 566 2114 antea
589 2049 789 2134 appellatum
812 2049 1043 2133 regrederetur,
1070 2049 1229 2113 Piudnrus
1252 2050 1347 2113 cavit.

210 2149 292 2215 Nam
324 2173 396 2215 cum
428 2152 573 2217 carminis
603 2152 752 2216 Nemeaei
783 2153 864 2217 sexti
894 2161 925 2216 et
955 2153 985 2217 in
1018 2174 1046 2217 r.
1071 2155 1110 2216 12
1142 2160 1173 2215 et
1200 2153 1231 2215 in
1255 2173 1281 2217 v.
1306 2153 1348 2216 20

210 2253 333 2321 Nemea
357 2257 483 2321 nomine
499 2257 629 2341 proprio
652 2256 814 2340 appellata
836 2258 884 2323 sit.
909 2278 1099 2343 quamquam
1117 2257 1265 2342 repetitio
1283 2276 1347 2320 non

211 2360 241 2422 in
270 2360 381 2425 eadem
412 2362 544 2444 stropha
574 2361 626 2439 lit,
657 2367 763 2424 tamen
795 2359 876 2425 odae
907 2361 1001 2425 huius
1032 2363 1207 2426 orationem
1240 2360 1347 2446 paullo

210 2464 313 2529 minus
336 2471 484 2528 accurate
506 2465 647 2528 limatam
671 2487 741 2528 csse
765 2463 1004 2529 concedendum
1028 2473 1086 2529 est.

313 2568 414 2632 Simili
438 2568 532 2633 modo
556 2569 670 2633 Isthmi
701 2589 816 2632 nomen
848 2575 943 2652 poeta
976 2570 1006 2632 in
1035 2568 1172 2632 carmine
1194 2568 1347 2632 Isthmico

211 2671 302 2734 tertio
327 2673 512 2756 repetivisse
536 2671 673 2754 videtur,
698 2671 751 2735 ubi
782 2671 899 2754 legitur
931 2672 962 2733 iu
994 2690 1022 2732 v.
1058 2675 1092 2734 ll
1129 2673 1160 2734 ἐν
1190 2668 1349 2753 βάσσαισιν

209 2773 336 2854 Ἰσθμοῦ
370 2773 523 2863 δεξαμένῳ
560 2774 730 2857 orandinus
773 2776 818 2856 (in
853 2774 1048 2838 convallibus
1082 2774 1194 2838 Isthmi
1229 2775 1347 2859 adepto

212 2883 379 2959 coronas),
410 2901 480 2943 cum
505 2881 535 2943 in
559 2903 589 2945 v.
613 2882 654 2944 20
677 2900 752 2959 eae,
776 2876 890 2963 quibus
914 2877 1008 2941 hodie
1031 2879 1166 2958 utimur,
1195 2879 1349 2942 editiones

211 2983 292 3047 hanc
320 2982 496 3067 praebeant
525 2983 695 3047 lectionem
726 3003 789 3046 uno
818 2981 929 3045 codice
952 2979 1109 3045 Vaticano
1133 2981 1273 3045 secundo
1296 2983 1350 3046 lir-

210 3092 344 3150 matum:
368 3086 555 3169 εὐμαχανίαν
578 3085 633 3166 yolp
657 3085 772 3170 ἔφανας
796 3085 944 3162 Ἰσθμίοις
966 3083 1115 3165 ὑμετέρας
1137 3083 1247 3164 iners}
1262 3083 1349 3172 ὕμνῳ

210 3187 327 3253 dudam
350 3188 489 3273 (copiam
515 3192 598 3254 enim
619 3190 769 3273 aperuisti
785 3187 924 3252 lsthmiis
942 3196 1063 3253 vestras
1080 3189 1212 3252 virtutes
1230 3187 1348 3272 hymno

211 3292 451 3378 prosequendi).
496 3293 557 3358 Sed
583 3294 647 3356 illic
670 3294 776 3377 agitur
799 3291 839 3357 do
863 3293 985 3356 Isthmo
1009 3293 1088 3377 ipso,
1113 3292 1162 3354 hic
1185 3292 1226 3354 de
1249 3298 1348 3356 certo·

211 3396 347 3460 minibus
371 3396 546 3477 Isthmicis,
577 3404 609 3459 et
633 3405 800 3482 praeterea
824 3395 886 3460 duo
910 3395 955 3459 illi
983 3396 1044 3458 loci
1069 3397 1142 3458 novi
1166 3396 1349 3481 systematis

211 3501 300 3563 initio
340 3499 486 3584 dtrempti
525 3509 609 3564 suut.
674 3500 795 3574 Quodsi
835 3521 904 3561 cum
943 3498 1083 3581 Berghio
1122 3500 1349 3565 auctoritatem

211 3604 328 3669 codicis
351 3601 499 3668 Vaticani
532 3603 664 3667 secundi
692 3603 750 3686 (B)
781 3604 881 3667 secuti
906 3626 925 3666 a
949 3622 976 3666 v.
1004 3605 1041 3664 ru
1072 3624 1189 3665 novum
1223 3624 1348 3666 carmon

211 3707 363 3789 ordimur,
388 3729 427 3772 nc
449 3709 579 3772 minime
605 3709 734 3794 quidem
754 3707 914 3770 Pindarus
937 3708 966 3770 in
992 3707 1182 3791 repetitione
1205 3705 1348 3770 eiusdem
1411 3686 1418 3704 ⁸

212 3812 436 3896 appellationis
453 3812 585 3875 vitanda
601 3811 820 3895 neglegentior
837 3809 964 3873 videtur
980 3810 1089 3873 fuisse.
1123 3809 1252 3882 Quanto
1267 3811 1349 3874 eniur

214 3916 320 3980 studio
351 3916 425 3978 alibi
456 3915 568 3979 Isthmi
600 3937 712 3979 nomen
745 3936 803 3998 per
833 3914 983 3997 ambages
1015 3913 1146 3976 reddero
1180 3913 1349 3991 studuerit,

211 4019 406 4102 intellegitur
441 4041 481 4082 ex
517 4042 576 4099 eo,
615 4019 699 4104 quod
738 4019 770 4081 in
808 4018 949 4082 eiusdem
988 4018 1131 4079 carminis
1162 4037 1191 4081 v.
1225 4020 1351 4081 37-38

212 4121 401 4207 Neptunus,
432 4125 485 4209 qui
515 4124 644 4187 Melisso
678 4123 758 4185 hanc
787 4118 971 4186 Itshmicam
1004 4121 1169 4185 victoriam
1194 4121 1351 4200 tribuerit,

213 4225 328 4290 dicitur
351 4226 367 4289 ὁ
390 4226 520 4310 κινητὴρ
539 4233 594 4310 γᾶς
611 4223 781 4309 Ὀγχηστόν
798 4225 905 4289 οἰκέων
920 4227 969 4289 καὶ
985 4223 1116 4310 γέφυραν
1131 4222 1276 4288 αονιιοὶιὶα
1294 4213 1351 4304 npd

218 4329 375 4412 Κορίνθου
396 4329 525 4415 τειχέων.
550 4331 789 4417 Speciosissimo
813 4332 943 4394 invento
964 4329 1014 4393 hic
1029 4329 1171 4395 Isthmus
1188 4329 1348 4392 locutione
