2954 4822
235 253 273 316 aa
670 287 710 297 -
758 247 846 339 [154]
893 287 933 298 -

319 445 349 509 6.
373 441 431 506 Usi
459 448 535 507 sunt
557 449 675 528 poetae
699 442 812 506 ionicis
836 463 855 504 a
878 441 1016 508 dimetro
1043 443 1237 507 catalectico
1262 464 1367 529 usque

233 545 275 610 ad
303 553 544 633 pentametrum
573 547 809 621 acataleotum;
845 547 922 632 quin
954 546 1053 612 etiam
1086 553 1137 612 est
1165 548 1222 611 ubi
1250 547 1372 634 hyper-

234 657 340 715 metra
362 652 498 736 triginta
520 652 669 717 brevium
692 652 834 737 spatium
858 649 1033 715 excedant.

326 784 354 845 7.
379 782 486 846 Rarus
529 790 579 848 est
614 802 744 863 versus,
785 803 881 868 quem
921 783 1105 867 epionicum
1143 781 1373 867 Hephaestion

236 888 392 974 appellat,
416 887 568 975 Eupolid.
592 889 631 952 fr.
656 890 836 953 aso-292.

702 1181 908 1190 ψ..-

724 1427 800 1496 Onc.
823 1429 886 1496 ΠΙ.

289 1553 349 1618 ΒΕ
374 1552 433 1619 IIS
458 1551 692 1627 sussopffla,
716 1552 765 1616 IN
788 1552 955 1626 QUIBUS
978 1551 1035 1616 ET
1060 1552 1318 1619 OHORIAMBI

381 1654 439 1721 ΕΤ
462 1654 606 1721 IONIOI
630 1655 817 1720 ADMISSI
840 1655 1078 1721 vlnuNTUR
1102 1656 1223 1722 ESSE.

320 1804 489 1891 Expositis
513 1802 564 1882 iis,
588 1824 672 1888 quae
696 1803 735 1867 de
758 1804 939 1869 choriambi
964 1811 997 1869 et
1012 1803 1053 1870 de
1074 1805 1171 1868 ionici
1196 1827 1257 1869 usu
1281 1812 1374 1871 erant

238 1908 393 1986 dicenda,
417 1915 538 1988 restat,
561 1915 598 1972 ut
620 1907 661 1972 de
685 1908 724 1971 iis
749 1908 889 1994 strophis
913 1929 1018 1995 pauca
1040 1907 1169 1987 addam,
1194 1910 1226 1973 in
1256 1911 1374 1995 quibus

235 2013 331 2076 ionici
354 2018 387 2077 et
417 2010 594 2076 choriambi
624 2012 718 2076 simul
750 2012 903 2076 videntur
933 2013 1052 2078 inesse.
1099 2012 1181 2077 Cum
1213 2021 1372 2100 appareat

236 2137 279 2180 ex
305 2117 344 2180 iis
375 2117 470 2195 locis,
504 2115 621 2201 quibus
651 2123 768 2200 poetae
797 2117 847 2179 his
874 2116 1007 2180 diiambi
1038 2117 1153 2180 variati
1183 2116 1295 2180 formis
1325 2120 1374 2182 usi

236 2226 325 2301 sunt,
369 2220 548 2285 choriambi
596 2226 694 2305 atque
741 2218 839 2283 etiam
882 2220 985 2305 magis
1031 2220 1130 2283 ionici
1174 2241 1268 2284 usum
1315 2243 1374 2306 pro

236 2325 370 2390 licentia
393 2324 540 2388 habitum
566 2345 657 2403 esse,
686 2344 750 2388 non
782 2323 878 2389 facile
909 2322 1022 2388 credas
1053 2345 1287 2410 saepenumero
1315 2326 1374 2391 has

235 2429 357 2493 formas
385 2428 418 2492 in
446 2448 511 2492 una
539 2426 722 2512 eademque
752 2427 887 2514 stropha
912 2428 1115 2491 consociatas
1140 2449 1222 2493 esse.
1265 2429 1375 2514 Atque

237 2554 432 2619 quamquam
468 2553 531 2595 non
567 2530 686 2595 desunt
719 2531 890 2617 strophae,
924 2552 1008 2617 quae
1038 2539 1211 2618 utrumque
1243 2532 1375 2599 diiambi

237 2638 352 2702 variati
376 2658 481 2721 genus
510 2636 702 2722 praebeant,
733 2641 930 2700 tamennon
955 2636 1073 2699 similia
1100 2637 1185 2701 inter
1208 2658 1243 2700 se
1268 2639 1376 2703 omnia

238 2742 320 2806 haec
349 2740 501 2826 exempla
528 2747 612 2816 sunt,
636 2760 677 2804 ne
700 2739 806 2803 dicam
830 2740 931 2826 paria.
978 2737 1065 2804 Sane
1088 2739 1168 2804 nihil
1185 2740 1376 2806 offensionis

238 2846 361 2911 habent
387 2865 447 2909 ese
476 2844 647 2930 strophae,
678 2864 815 2929 quarum
845 2845 950 2909 altera
978 2865 1052 2931 pars
1077 2844 1302 2910 choriambum
1327 2845 1376 2910 di-

239 2949 355 3014 iambis
381 2948 554 3029 admiscet,
580 2949 684 3015 altera
712 2950 829 3014 ionicis
858 2950 1038 3035 composita
1064 2956 1123 3015 cst.
1177 2948 1281 3013 Plane
1313 2950 1378 3014 alio

238 3074 292 3118 res
319 3059 379 3133 est,
403 3073 475 3116 cum
497 3051 583 3117 idem
603 3054 699 3117 colon
718 3053 941 3118 choriambum
963 3060 995 3117 et
1015 3053 1157 3117 ionicum
1175 3053 1292 3116 mixtos
1316 3075 1375 3118 ex-

239 3160 353 3223 hibere
375 3156 503 3223 dicitur.

324 3270 540 3357 Inspiciamus
563 3271 703 3358 primum
720 3291 776 3334 cas
793 3269 955 3354 strophas,
978 3270 1010 3333 in
1031 3270 1149 3354 quibus
1167 3269 1377 3336 choriambici

238 3397 353 3441 versus
377 3380 411 3439 et
432 3375 529 3440 ionici
551 3375 665 3438 fortius
690 3393 727 3437 ac
751 3372 926 3437 dilucidius
950 3374 1093 3459 separati
1118 3381 1206 3438 sunt:

401 3513 573 3600 Sophoclis
597 3511 713 3598 Oedip.
738 3531 763 3576 r.
788 3512 1203 3575 483-497=498-512

239 3622 329 3694 δεινὰ
350 3625 410 3710 μὲν
432 3615 489 3690 οὖν
512 3618 602 3689 δεινὰ
624 3618 780 3708 ταράσσει
805 3616 911 3709 σοφὸς
934 3618 1144 3702 οἱιονοδέτας,
1328 3657 1374 3695 4⁸³

239 3726 313 3798 oica
336 3721 478 3796 δοκοῦντ’
505 3721 570 3794 οὔτ’
596 3719 842 3815 ἆτιοφδσκονδδ·
873 3722 892 3792 b'
914 3752 943 3792 τι
969 3726 1051 3807 λέξω
1074 3721 1106 3793 δ’
1133 3720 1261 3812 ἀπορῶ.
1329 3762 1375 3800 aas

240 3834 384 3918 πέτομαι
409 3826 441 3898 δ’
469 3827 602 3897 ἐλπίσιν
624 3824 693 3896 αἴτ’
719 3824 833 3896 ἐνθάδ’
861 3832 943 3917 δρῶν
967 3825 1031 3896 αἴτ’
1058 3824 1179 3897 ὀπίσω.

239 3935 273 4004 τί
295 3934 355 4024 γὰρ
378 3932 401 4025 ἢ
422 3932 658 4021 Λαβδακίδαις

239 4037 329 4130 ἢτῷ
357 4038 511 4126 Πολύβου
540 4043 644 4118 νεῖκος
674 4030 766 4104 ἔναι’
793 4032 867 4105 oi‘cc
894 4034 1060 4122 πάροιθὲν
1088 4030 1161 4102 ποτ’
1188 4031 1277 4125 ἔγωγ’
1304 4034 1379 4106 οἵτε

1113 4165 1210 4206 τανον
1233 4167 1288 4206 ποι

240 4227 377 4322 {hadom
402 4227 486 4317 πρὸς
509 4225 586 4296 ὅτου
608 4226 647 4318 δὴ
671 4225 806 4317 βασάνῳ
