2962 4800
228 235 247 294 a
771 229 816 313 [s]

227 430 396 504 testantur,
419 422 557 487 dubitari
573 445 636 488 nou
659 428 774 507 potest.
814 422 916 497 Quem
933 424 1070 505 titulum,
1095 447 1176 490 eum
1195 434 1291 493 totus
1317 429 1386 494 iere

227 526 362 593 dialecto
385 528 502 593 Dorica
525 529 716 611 conscriptus
740 527 780 591 sit
799 534 831 591 et
854 535 991 591 exeunte
1013 528 1147 612 quidem
1164 533 1281 615 primo
1307 539 1384 597 ante

228 631 387 696 Christum
409 633 537 698 saeculo
559 631 635 695 illud
657 628 744 711 Ἱερόν
769 631 839 707 Διὸς
862 630 976 712 Οὐρίου
989 630 1255 698 Chalcedonium
1282 636 1383 700 fuisse

227 735 342 800 Strabo
355 736 420 799 VII
436 758 465 821 p.
482 739 544 800 319
561 743 676 812 narret,
693 734 940 820 Ditteubergero
958 743 1088 800 auctore
1105 735 1379 803 Chalcedonium

226 860 341 904 vocare
365 860 428 904 non
452 859 575 904 vereor.

328 943 418 1008 Idem
435 943 699 1027 Dittenbergerus
716 943 842 1007 titulum
855 943 911 1026 Ib,
928 965 999 1007 oum
1016 964 1055 1007 ex
1073 943 1200 1008 oriente
1218 945 1376 1011 Athenas

224 1047 396 1110 translatus
411 1047 460 1126 sit,
483 1046 585 1131 ipsum
603 1067 730 1132 quoque
748 1045 998 1111 Chalcedonium
1013 1067 1084 1110 csse
1099 1054 1235 1131 praeter
1253 1049 1376 1114 dialec-

224 1157 291 1214 tum
313 1149 483 1214 Dorioam¹
506 1151 658 1233 imprimis
681 1150 784 1215 verbis
808 1149 1003 1232 teporata,
1026 1170 1108 1233 quae
1125 1171 1189 1214 vox
1208 1153 1244 1215 iu
1263 1155 1372 1221 altero

226 1255 317 1319 titulo
343 1252 556 1318 Chalcedonio
581 1252 656 1337 (Ia)
680 1254 771 1333 redit,
795 1262 826 1317 et
849 1259 1127 1335 προαισιμνᾶν,
1152 1256 1249 1320 euius
1272 1279 1372 1321 roca·

224 1357 289 1421 buli
313 1365 345 1421 et
368 1357 454 1421 notio
478 1365 511 1421 et
533 1359 688 1443 scriptura
711 1358 735 1439 (ι
758 1379 815 1441 pro
838 1358 871 1439 v)
893 1358 1020 1441 propria
1048 1364 1096 1422 est
1118 1358 1369 1443 Megarensium

225 1481 399 1544 eorumque
432 1460 659 1541 coloniarum2,
697 1469 729 1524 et
766 1460 945 1544 Megarensi
979 1481 1087 1527 meuse
1124 1461 1369 1542 Διονύσιος3

225 1586 300 1628 usus
324 1565 562 1629 demonstravit.
608 1564 668 1629 Cui
692 1564 830 1648 opinioni
853 1565 995 1648 quamvis
1027 1566 1185 1646 sagaciter
1212 1570 1368 1651 prolatae

223 1669 286 1732 hoo
315 1688 416 1731 unum
446 1668 666 1752 opposuerim,
698 1668 824 1731 titulum
855 1667 896 1732 de
929 1688 991 1752 quo
1024 1669 1130 1752 agitur
1160 1669 1210 1734 Ib
1244 1671 1365 1736 eodem

222 1773 292 1836 iure
316 1771 480 1857 Byzantio,
512 1793 594 1855 quae
617 1772 687 1856 ipsa
719 1793 842 1856 quoque
864 1771 1099 1855 Megarensium
1131 1773 1260 1839 colonia
1290 1775 1364 1856 fuit

222 1874 375 1940 vindicari
397 1897 498 1960 posse,
522 1897 594 1939 eum
617 1877 803 1960 praesertim
834 1875 909 1939 illud
935 1874 1028 1956 'lepdv
1049 1872 1123 1952 Διός
1148 1874 1267 1957 Οὐρίου
1294 1879 1364 1944 fere

225 2000 349 2063 semper
370 1978 516 2064 Byzantii
540 1979 764 2044 obtinuerint.⁴

327 2083 364 2146 In
396 2083 535 2168 reliquos
567 2083 701 2167 denique
733 2083 842 2148 titulos
875 2089 1002 2167 praeter
1032 2084 1138 2165 illum,
1169 2084 1225 2167 qui
1259 2106 1364 2171 prope

228 2185 373 2251 Callatim
395 2189 545 2252 inventus
570 2194 626 2267 est,
658 2187 720 2250 hoe
750 2187 821 2251 loco
853 2189 1031 2252 accuratius
1062 2187 1261 2273 inquiramus
1294 2209 1362 2253 non

227 2297 363 2374 oportet.
408 2289 521 2376 Neque
551 2293 634 2356 enim
659 2291 868 2355 Callatianum
898 2313 970 2356 eum
1000 2311 1079 2369 esse,
1110 2311 1180 2354 eum
1213 2289 1362 2374 Callatis,

225 2395 298 2459 licet
320 2417 339 2460 a
358 2395 487 2460 Milesiis
509 2396 644 2480 primum
669 2395 795 2460 condita
818 2397 868 2477 sit,
892 2396 1069 2462 Heracleae
1086 2394 1237 2459 Ponticae
1262 2394 1363 2460 fuerit

226 2499 365 2579 colonia,
396 2501 463 2585 quis
494 2507 540 2565 est
570 2501 623 2587 qui
654 2521 771 2586 negare
795 2501 932 2565 audeat?
978 2501 1026 2564 Ae
1057 2501 1197 2564 maxime
1227 2500 1363 2584 quidem

225 2605 341 2668 mensis
365 2604 485 2668 forma⁵
517 2605 549 2668 in
573 2603 648 2668 εών
682 2611 837 2688 exeunte,
870 2626 953 2690 quae
986 2605 1100 2668 Ionum
1133 2604 1265 2688 propria
1301 2611 1362 2685 est,

224 2707 334 2772 Ionica
356 2708 440 2773 tituli
463 2708 551 2792 origo
574 2710 735 2792 probatur.
780 2701 894 2794 Neque
917 2710 1014 2793 igitur
1037 2709 1103 2772 veri
1126 2706 1280 2771 dissimile
1312 2715 1364 2773 est

224 2810 332 2876 Tomis
355 2834 393 2876 ex
417 2814 497 2878 urbe
521 2814 607 2878 huno
628 2813 753 2878 titulum
777 2834 845 2878 esse
873 2813 1049 2878 oriundum.

754 3004 825 3088 §a

362 3141 401 3193 IN
420 3140 513 3202 QUAS
533 3141 684 3194 CLASSMS
703 3142 827 3194 TITULI
847 3142 1107 3195 DISPERTIENDI
1126 3141 1217 3194 SINT.

327 3261 542 3328 Halicarnassi
579 3265 716 3348 primum
754 3264 881 3350 quidem
919 3264 1038 3328 cultum
1082 3264 1362 3352 caerimoniasque

223 3364 348 3431 Dianae
363 3367 538 3451 Pergaeus,
561 3389 632 3431 cum
656 3368 818 3433 decretum
843 3368 905 3449 (tit.
923 3367 991 3452 ΙΙΙ)
1015 3369 1114 3448 lieret,
1139 3376 1271 3453 recepta
1289 3393 1363 3438 esse

223 3471 276 3535 rel
298 3469 372 3533 inde
402 3476 500 3556 patet,
535 3471 620 3555 quod
652 3472 712 3557 ipsi
744 3472 904 3538 sacerdoti
935 3473 1088 3556 templum
1120 3470 1267 3552 condere,
1307 3477 1366 3541 ubi

222 3573 358 3652 libuerit,
382 3575 608 3659 permittitur.6

224 3688 429 3696 *ψ

326 3734 334 3767 ¹
354 3732 389 3784 of.
407 3737 478 3798 nitier,
497 3731 604 3794 ὁπειοῦν,
623 3730 730 3800 τέτορες,
750 3738 830 3797 derna,
848 3739 966 3801 φοιτήτω,
986 3735 1166 3802 ἆντεθησιῖται,
1185 3737 1248 3804 ἱερῇ.

326 3818 437 3871 ²01.st
457 3820 478 3872 Ι.
498 3820 529 3872 G.
549 3836 576 3872 ιι.
594 3820 669 3873 3794.
706 3821 830 3874 Dittenb.
849 3822 916 3873 s1.
936 3820 967 3872 G.
988 3839 1013 3873 ιι.
1032 3821 1091 3882 218,
1112 3823 1133 3874 1.
1164 3821 1266 3876 Roehl.
1287 3826 1312 3878 Ι.
1331 3828 1367 3881 G.

224 3904 255 3956 Δ.
273 3921 298 3955 n.
317 3903 376 3957 614.

327 3989 388 4042 ⁸ot.
408 3989 438 4044 C.
458 3991 478 4044 L
499 3993 530 4043 G.
550 4008 575 4045 n.
593 3991 671 4045 3794.
708 3993 828 4045 Dittenb.
849 3994 874 4045 S.
894 3994 914 4045 Ι.
935 3995 966 4047 G.
987 4011 1013 4048 ιι.
1032 3993 1090 4061 252,
1110 3993 1151 4047 54.

324 4076 413 4129 ⁴Huc
433 4079 548 4142 aceedit,
568 4080 640 4146 quod
658 4079 745 4145 iprum
765 4095 884 4132 mensem
897 4073 1057 4148 Dionysium
1075 4098 1129 4133 uon
1146 4082 1236 4134 minus
1253 4085 1370 4154 Byzan.

224 4159 288 4212 tium
307 4163 391 4220 fuisse
410 4169 525 4218 constat.
562 4165 602 4218 Cf.
623 4166 789 4218 nitrosus,
810 4167 830 4218 Ι.
850 4167 882 4220 G.
902 4185 927 4219 ιι.
945 4166 1028 4222 36912.

325 4251 335 4284 ⁵
353 4249 387 4302 of,
407 4251 446 4303 tit.
466 4252 495 4303 ΙΙ
513 4266 537 4303 v.
555 4253 585 4303 4:
622 4249 829 4321 Ἀπατουριῶνος.

324 4336 334 4370 ⁶
353 4336 388 4389 οἰ.
408 4355 433 4390 v.
446 4336 479 4390 28
497 4354 537 4408 sq.
555 4340 737 4393 κατασκιυᾶται
756 4341 783 4392 δὲ
802 4337 815 4407 'l
835 4342 909 4409 ἱέρεια
927 4347 968 4393 καὶ
987 4337 1018 4392 τδ
1037 4342 1109 4410 ἱερόν,
1128 4340 1160 4394 οὖ
1176 4342 1210 4395 ἂν
1227 4352 1370 4417 βούληται,
