2956 4822
692 283 781 369 [131]
1264 290 1306 353 as

165 485 320 562 uoluerit,
345 481 533 547 difficillima
554 480 698 565 quaestio
723 487 783 544 est.
829 477 923 552 Quod
948 478 1032 543 enim
1056 479 1116 544 Coi
1138 483 1307 566 sexaginta

165 591 265 655 tribus
288 588 378 652 annis
400 593 475 649 ante
499 592 530 648 et
553 585 614 669 ipsi
643 584 842 670 synoecismo
874 583 1034 647 coniuncti
1067 584 1193 664 erant¹‚
1225 586 1307 651 hane

96 705 99 711 '
163 697 263 759 solam
295 711 423 757 causam
456 690 523 752 eius
555 689 600 753 rei
632 690 686 751 uix
718 688 815 752 fuisse
841 708 996 752 censeam.
1045 686 1139 751 Corte
1163 690 1304 755 Coorum

162 800 303 885 populus
323 796 488 880 Antigono
512 795 651 856 maxime
674 793 792 857 fauisse
814 793 951 874 uidetur,
975 792 1130 878 siquidem
1148 792 1197 858 hio
1213 795 1305 860 intel·

160 901 317 989 legendus
352 907 401 965 est
431 900 463 962 in
494 897 586 962 titulo
628 897 720 961 Coo-¹
771 919 834 982 quo
874 919 993 962 corona
1026 895 1191 981 Antigono
1229 898 1303 964 data

163 1004 462 1073 commemoratur?
493 1003 609 1087 Itaque
624 1002 650 1065 si
667 1002 868 1065 coniecturae
885 1002 935 1065 hic
949 1003 1037 1067 locus
1054 1003 1102 1082 sit,
1126 1025 1196 1067 cum
1209 1003 1303 1068 Anti·

160 1134 263 1198 gonus
293 1110 463 1196 populares
495 1114 604 1192 partes
627 1106 658 1168 in
684 1106 863 1170 ciuitatibus
891 1106 1021 1171 Graecis
1052 1108 1190 1171 maxime
1214 1108 1302 1183 adiu·

161 1219 244 1281 uisse
260 1215 418 1291 uideatur,
442 1212 498 1276 has
517 1211 574 1276 Coi
590 1212 735 1275 floruisse
760 1213 911 1295 suspicer.
943 1210 1024 1273 Nam
1048 1212 1134 1295 plebi
1150 1211 1301 1276 Teiorum

160 1341 289 1408 quoque
313 1339 418 1383 rerum
439 1317 637 1400 publicarum
654 1322 846 1399 potestatem
862 1315 966 1378 facere
982 1318 1049 1399 regi
1066 1317 1186 1380 uolenti
1202 1317 1300 1381 fuisse

159 1427 294 1490 uidetur.

262 1526 473 1612 Synoecismo
494 1535 602 1588 autem
619 1524 688 1587 tolli
703 1524 813 1587 solitas
837 1544 906 1586 esse
930 1524 1077 1587 ciuitates
1100 1546 1180 1610 quae
1204 1535 1300 1592 antea

158 1641 266 1714 erant,
298 1633 344 1695 ita
374 1639 409 1693 ut
439 1630 573 1694 sublatis
603 1628 841 1712 magistratibus
865 1638 897 1691 et
919 1629 1071 1693 institutis
1101 1631 1234 1714 publicis
1257 1652 1299 1696 ex

158 1760 266 1804 earum
295 1736 418 1800 ciuibus
441 1754 572 1818 prorsus
597 1753 682 1796 noua
705 1733 817 1797 ciuitas
841 1744 872 1795 et
896 1740 1072 1818 potestates
1095 1754 1201 1799 nouae
1225 1756 1299 1799 con-

156 1844 384 1918 stituerentur,
415 1858 512 1922 supra
544 1838 681 1901 uidimus
714 1837 829 1902 adlatis
851 1837 1051 1920 Thucydidis
1083 1847 1115 1902 et
1139 1839 1297 1905 Herodoti

157 1945 358 2010 testimoniis.
401 1941 516 2026 Neque
539 1942 630 2004 aliter
653 1941 773 2005 fectum
798 1963 867 2005 esse
889 1942 1019 2006 uidetur
1041 1943 1071 2005 in
1095 1942 1298 2009 Rhodiorum

157 2058 188 2114 et
224 2048 528 2133 Megalopolitarum
565 2046 773 2130 synoecismis
811 2046 1021 2111 instituendis.
1081 2046 1296 2134 Ephesiorum

157 2164 264 2219 autem
288 2153 448 2215 ciuitatem
472 2149 565 2212 simul
589 2170 660 2213 cuna
685 2151 883 2234 synoecismo
906 2153 1051 2214 institute
1069 2151 1295 2237 Lysimachum

155 2256 195 2319 ad
219 2278 276 2319 sua
301 2254 469 2319 conunoda
493 2254 597 2317 denuo
624 2254 835 2334 constituisse,
858 2254 939 2319 infra
956 2255 1009 2318 ubi
1027 2256 1067 2320 de
1083 2255 1296 2341 Ephesiorum

154 2361 351 2445 synoecismo
376 2359 553 2422 accuratius
574 2358 648 2421 nrihi
672 2358 730 2421 erit
754 2358 976 2444 exponendum
1001 2359 1190 2425 uidebimus.
1222 2361 1295 2425 Hoc

153 2465 224 2528 loeo
237 2463 269 2526 id
283 2472 408 2526 tantum
424 2483 581 2540 moneam,
594 2462 819 2545 Lysimachum
837 2462 877 2525 ad
894 2464 1082 2547 popularem
1099 2472 1294 2549 potestatem

154 2568 239 2647 (curn
262 2567 353 2650 plebs
377 2567 541 2630 Demetrio
569 2567 718 2648 Antigoni
750 2566 813 2628 lilio
846 2567 984 2629 maxime
1015 2566 1154 2648 irrueret)
1181 2568 1293 2633 tollen·

153 2672 224 2735 dam
255 2673 309 2734 illa
339 2673 506 2734 occasione
538 2692 629 2733 usum
659 2691 738 2733 esse.
786 2669 936 2734 Similiter
969 2671 1019 2734 hic
1050 2672 1231 2754 Antigonus
1260 2673 1292 2736 id

152 2775 235 2859 quod
259 2777 290 2839 in
313 2777 519 2860 synoecismis
543 2774 745 2837 instituendis
769 2775 865 2837 moris
889 2782 974 2855 erat,
1008 2776 1048 2838 ud
1072 2777 1293 2862 persequenda

151 2880 317 2945 commoda
340 2902 398 2944 sua
420 2901 592 2965 usurpasse
616 2878 751 2941 uidetur.

254 2983 358 3066 Leges
375 2986 457 3048 enim
475 3007 529 3047 eas
557 2994 679 3047 tantum
700 3003 783 3067 quae
799 2983 837 3045 ad
856 2983 904 3046 ius
919 2983 1079 3066 priuatum
1097 2985 1291 3068 pertinerent

151 3086 310 3165 sublatas.
340 3088 472 3151 formam
507 3089 550 3151 rei
575 3086 720 3171 publicae
743 3085 893 3150 Teiorum
924 3096 1083 3151 seruatam
1117 3110 1186 3152 esse
1209 3111 1290 3156 caue

151 3212 290 3255 censeas.
336 3191 436 3255 Immo
461 3192 664 3274 magistratus
688 3210 791 3253 nouos
815 3212 833 3254 e
857 3189 998 3253 Ceorum
1022 3192 1146 3274 legibus
1169 3195 1288 3261 institui

149 3314 204 3356 rex
228 3295 326 3358 iubet.
373 3294 452 3359 Cum
478 3296 574 3377 igitur
596 3296 803 3375 magistratus
827 3316 935 3358 omnes
958 3296 1121 3380 abrogati,
1145 3299 1288 3365 instituta

148 3398 275 3482 publica
305 3398 433 3461 sublata
457 3406 581 3477 essent,
613 3399 657 3460 eis
689 3399 740 3481 qui
774 3397 862 3481 leges
897 3421 997 3462 nouas
1032 3402 1286 3486 conscribebant,

148 3502 307 3564 ciuitatem
333 3523 395 3585 quo
420 3501 515 3564 modo
540 3501 676 3579 uellent,
711 3502 922 3565 constituendi
954 3510 1097 3586 potestas
1120 3506 1204 3570 facta
1228 3517 1283 3571 est.

147 3604 328 3668 Memineris
352 3613 457 3667 autern
481 3611 608 3689 praeter
631 3604 869 3688 nomographos
893 3605 962 3669 illos
987 3608 1039 3690 qui
1063 3607 1285 3677 iureiurando

147 3710 397 3792 obstringuntur,
425 3708 562 3793 nequid
588 3717 698 3772 contra
722 3709 857 3773 ciuitatis
881 3711 1285 3796 commoda1·ogcnt,uni·

147 3814 261 3897 cuique
277 3813 336 3875 ciui
354 3812 463 3895 legum
479 3831 558 3894 ques
583 3811 660 3874 uelit
683 3810 887 3876 ferendarum
911 3813 970 3876 hoc
994 3814 1064 3878 loco
1088 3823 1282 3899 potestatem

246 4075 255 4108 ¹
275 4072 388 4125 Diodor.
408 4071 459 4123 XV
478 4071 520 4132 76.
539 4071 563 4122 ⁶2.
600 4071 699 4124 Strabo
719 4073 785 4124 XIV
806 4091 830 4139 p.
850 4073 908 4126 657.

246 4160 400 4222 'Neptem
419 4159 505 4210 laser.
525 4159 572 4210 Gr.
592 4159 660 4209 Mus.
680 4159 745 4210 Brit.
765 4159 914 4212 cuvan
935 4177 959 4227 p.
978 4162 1020 4215 63.

245 4245 314 4298 ⁸Ct.
334 4247 416 4298 etiarn
443 4244 550 4297 Usener
575 4245 625 4296 Rh.
645 4245 681 4297 M.
699 4244 742 4310 29,
760 4247 794 4299 39
813 4255 840 4298 et
859 4248 940 4299 Diod.
964 4249 1054 4312 19,ῖό
1080 4252 1135 4303 illic
1165 4253 1279 4308 citatum

142 4346 200 4383 cum
220 4333 259 4384 eis
279 4350 350 4400 quae
370 4332 442 4385 iufra
461 4331 576 4399 exposui
596 4349 623 4399 p.
642 4332 677 4385 50
695 4350 755 4401 sqq.

1136 4425 1170 4478 tl*
