2954 4816
215 263 257 326 40
749 261 817 345 [eo]

213 451 292 515 liber
316 450 368 514 ΙΙΙ
392 461 644 537 componeretur,
676 452 792 515 librum
814 453 847 516 ΙΙ
879 453 1018 517 nondum
1043 452 1225 516 absolutum
1247 452 1348 519 fuisse

213 566 269 619 aut
286 577 369 635 enm,
386 558 436 620 cni
453 557 522 620 libri
539 556 590 620 III
606 565 637 620 et
653 555 701 619 lv
717 559 840 620 auctori
864 557 1027 631 debentur,
1052 579 1115 621 non
1131 558 1349 643 composuisse

213 659 309 723 libros
333 658 398 723 let
413 659 456 724 Π.
494 659 531 722 10
555 659 608 723 illa
632 666 738 722 autem
762 681 843 744 quae
864 659 1043 745 Theophilo
1067 662 1163 744 vulgo
1195 661 1348 725 tribuitur

212 762 395 846 paraphrasi
420 784 534 847 graeca
557 763 700 826 collectio
734 783 857 842 eorum,
888 784 968 848 qnae
992 765 1023 827 in
1047 766 1190 849 proxime
1220 771 1346 828 antece·

212 866 306 930 dente
329 866 408 929 libro
433 865 499 945 (II)
523 868 670 949 exposita
692 874 779 945 sunt,
812 866 892 931 libro
916 866 968 931 III
991 868 1133 952 praelixa
1156 877 1219 933 est:
1254 866 1345 932 Metti

212 969 268 1051 τήν
290 969 411 1033 ἔκθεσιν
435 972 494 1032 τῶν
516 969 580 1032 κατ’
603 966 683 1046 0101ος
705 969 841 1053 κτήσεων
863 997 888 1033 κ.
906 996 930 1033 τ.
948 977 974 1036 λ.

314 1104 343 1164 4.
377 1099 529 1165 familiare
553 1123 621 1165 esse
645 1101 788 1184 scriptori
806 1101 989 1185 posterioris
1006 1100 1104 1184 partis
1118 1100 1345 1185 imperatorum

210 1203 339 1266 nomina
370 1203 400 1265 in
433 1203 588 1269 adiectiva
620 1206 756 1267 flectere.
803 1202 857 1267 Eis
890 1204 1053 1287 exemplis,
1084 1224 1165 1288 quae
1190 1201 1344 1267 Huschke

211 1306 352 1390 protulit,
363 1306 571 1391 egoadiuugo
583 1306 631 1371 IV
642 1313 672 1389 4,
689 1309 725 1371 10
736 1306 888 1371 Zenoni
895 1328 973 1369 ono
990 1308 1177 1371 corastileclio.
1194 1306 1343 1371 Ceterum

210 1409 321 1473 eadem
346 1410 544 1474 consuetudo
567 1411 705 1497 pertinet
721 1410 815 1473 etiarn
833 1408 872 1471 ad
890 1409 1056 1473 consulum
1073 1411 1211 1491 nomina,
1228 1412 1345 1476 veluti:

210 1514 262 1576 III
287 1517 315 1592 7,
338 1518 357 1577 4
380 1516 681 1579 senatusconsultum
706 1512 965 1596 Laepiannrn
990 1514 1057 1594 (cfr.
1072 1514 1131 1577 Gai
1148 1515 1209 1578 inst
1234 1513 1344 1578 [1163

209 1615 300 1700 Lupo
323 1625 350 1681 et
366 1617 453 1681 Lar
462 1639 510 1701 po
532 1640 592 1683 ces.
608 1625 736 1682 0000100
752 1616 886 1698 censuit)
904 1617 914 1698 11
931 1620 982 1696 29,
1002 1620 1021 1680 2
1044 1618 1208 1702 stipulatio
1225 1619 1345 1702 Aqui·

210 1722 241 1783 li
251 1741 332 1784 ono
348 1719 420 1804 (cfr.
432 1720 506 1805 Dig.
521 1721 703 1785 XXXXVI
720 1725 750 1789 4,
766 1723 813 1795 18,
831 1727 840 1782 1
859 1720 1091 1802 (Florentiuns)
1104 1722 1267 1804 stipulatio
1283 1769 1291 1784 .
1310 1771 1317 1785 .
1336 1773 1343 1787 .

210 1845 230 1884 0
253 1823 345 1887 Gallo
371 1825 541 1908 Aquilio
565 1828 639 1890 telis
661 1827 802 1908 exposito
826 1824 895 1906 est).

317 1953 383 2033 His,
409 1977 490 2039 quae
515 1955 669 2018 Huschke
684 1955 844 2034 indicavit,
867 1956 935 2038 ipse
958 1976 1037 2020 nova
1061 1955 1144 2019 addo
1168 1955 1264 2019 haec:

317 2088 342 2147 1.
388 2084 439 2147 Ad
456 2106 505 2166 oa,
523 2105 603 2169 quae
627 2084 668 2150 de
683 2086 753 2148 iure
770 2093 983 2169 exponuntur,
1000 2084 1188 2148 illustranda
1203 2084 1235 2146 iu
1250 2084 1340 2150 libris

210 2184 281 2248 let
304 2184 337 2248 11
361 2190 510 2273 exempla
542 2210 580 2251 ex
614 2188 744 2253 historia
777 2187 964 2274 deprompta
996 2190 1138 2272 legimns.
1184 2187 1235 2252 Ita
1257 2210 1342 2253 com-

210 2297 426 2355 memorantur
448 2292 659 2373 Athenienses,
684 2293 766 2375 Solo,
790 2291 908 2368 Draco,
933 2292 1173 2356 Lacedaemonii
1194 2291 1210 2354 I
1234 2294 1295 2367 2,2
1312 2299 1344 2356 01

212 2393 887 2478 10;Αο900100,“Τ1100100,(1010001000,
912 2397 964 2460 ubi
999 2395 1039 2459 de
1070 2396 1243 2479 adoptione
1274 2397 1342 2478 agi·

210 2501 270 2570 tur,
296 2496 312 2559 Ι
339 2499 462 2578 11,11;
487 2497 630 2562 Tiberius
658 2497 777 2563 Caesar
800 2501 931 2584 eiusque
955 2518 1067 2563 servus
1091 2498 1284 2562 Parthenius
1307 2497 1343 2561 ΙΙ

213 2601 261 2679 15,
285 2603 315 2663 4.
361 2599 397 2663 In
421 2601 507 2665 libris
530 2601 582 2667 III
605 2609 636 2666 et
659 2601 707 2666 IV
729 2602 846 2666 frustra
869 2602 944 2667 talia
967 2623 1113 2688 quaeras.

311 2730 341 2793 2.
376 2728 444 2793 Nec
467 2728 658 2795 dissimiliter
681 2731 710 2794 in
729 2732 886 2815 prioribus
908 2733 995 2796 libris
1018 2732 1144 2815 saepius
1161 2738 1340 2815 poetarum,

210 2832 409 2915 scriptorum,
432 2832 588 2916 pictorum
611 2835 740 2897 uomina
762 2835 914 2898 citantur:
939 2834 1073 2898 Homeri
1094 2835 1110 2897 Ι
1134 2836 1163 2903 2,
1186 2836 1224 2915 2,
1253 2833 1286 2897 II
1313 2837 1341 2916 7,

212 2940 221 2995 1
244 2933 256 3015 11
277 2933 411 3018 Verpilii
440 2934 456 2998 I
479 2937 514 3013 2,
539 2934 732 3017 2110010010
754 2936 770 3000 I
795 2940 844 3016 11,
872 2940 908 2999 12
925 2939 937 3018 11
952 2938 1073 3021 Apellis
1106 2946 1138 3001 et
1167 2936 1342 3001 Parrhasii

208 3038 242 3100 II
269 3044 294 3119 1,
319 3041 368 3102 34.
414 3039 450 3102 10
483 3040 712 3123 posterioribus
743 3040 830 3104 libris
862 3041 908 3104 his
939 3041 1108 3121 Homerus,
1141 3040 1192 3104 alii
1225 3049 1343 3126 poetae

208 3161 362 3225 nusquam
379 3152 680 3222 commemorantur;
697 3164 734 3207 ao
745 3165 785 3207 ue
796 3144 850 3207 ille
871 3145 997 3228 quidem
1009 3145 1069 3209 alia
1082 3145 1122 3209 de
1134 3165 1230 3209 causa
1245 3166 1342 3230 quam

208 3245 292 3329 quod
315 3246 558 3330 inscriptorum
581 3248 666 3326 locis,
690 3268 769 3332 quos
793 3250 986 3332 compositor
1009 3250 1193 3333 exscripsit,
1226 3249 1341 3312 citatus

209 3355 291 3412 erat:
315 3350 366 3415 III
390 3350 477 3422 23,2
500 3379 541 3402 =
565 3349 623 3414 Gai
648 3353 719 3415 inst.
736 3352 787 3416 ΙΙΙ
806 3356 881 3434 141,
905 3351 951 3416 IV
969 3355 1025 3433 3,1
1053 3380 1090 3405 =
1115 3352 1188 3435 Dig.
1204 3350 1341 3416 XXXII

208 3456 259 3529 65,
282 3458 299 3514 4
324 3451 381 3535 (ex
405 3453 558 3518 Marciani
581 3455 863 3529 Institutionibusl.

311 3556 365 3635 lis,
397 3577 480 3641 quae
512 3557 607 3622 modo
640 3560 762 3643 collegi,
796 3559 992 3635 adducimur,
1026 3566 1061 3623 01
1084 3567 1231 3644 putemus
1265 3579 1339 3622 eum

208 3660 263 3743 qni
286 3661 500 3741 composuerit
523 3661 620 3726 libros
644 3663 707 3727 let
722 3662 755 3727 Il
780 3684 909 3748 operam
933 3662 1070 3735 dedisse,
1093 3671 1129 3726 ut
1151 3662 1338 3728 liberalibus

208 3762 330 3826 artibus
353 3785 388 3827 00
412 3763 570 3828 eruditum
595 3788 663 3831 esse
680 3766 919 3832 demonstraret.
965 3766 1025 3830 Cui
1040 3765 1144 3830 studio
1162 3766 1339 3830 doctrinam

208 3867 387 3930 ostentandi
411 3867 489 3932 illud
512 3869 695 3954 respondet,
720 3870 805 3956 quod
828 3871 981 3934 librorum
1003 3871 1019 3933 Ι
1039 3877 1071 3934 01
1088 3869 1122 3933 II
1145 3869 1339 3953 compositor

206 3989 312 4053 saepe,
342 3990 424 4054 quae
454 3975 613 4038 senserint
647 3974 679 4055 a)
708 3976 900 4058 antiquiores
930 3975 1152 4054 iureconsulti,
1189 3995 1230 4036 ex
1258 3972 1338 4056 opti·

206 4093 329 4136 morum
358 4075 648 4141 iureconsultorum
680 4078 766 4141 libris
799 4079 966 4163 congessit.
1012 4077 1102 4141 Idem
1129 4078 1161 4140 in
1184 4076 1340 4162 posterio-

206 4174 294 4240 ribus
316 4178 404 4244 libris
436 4178 471 4263 b)
494 4182 595 4245 multo
618 4182 718 4245 rarius
742 4183 777 4244 111
803 4180 900 4265 idque
923 4190 1007 4262 tum,
1040 4202 1110 4245 cnm
1144 4179 1183 4243 de
1215 4184 1340 4244 contro·

207 4280 308 4344 versia
320 4281 425 4369 aliqua
437 4284 558 4369 agitur,
574 4284 651 4351 alias
666 4285 849 4371 simpliciter
862 4288 931 4371 ipss
944 4284 1044 4350 verba
1054 4285 1180 4351 nomine
1195 4284 1339 4351 iurecon-
