2956 4822
725 293 815 379 [aaa]

308 486 399 552 Haec
418 487 485 551 lere
505 494 579 552 sunt
598 486 726 552 nomina
740 487 878 571 propria,
897 506 979 570 quae
995 485 1154 550 Pindarus
1168 487 1338 552 artificiose

202 580 246 654 ita
264 591 406 672 variavit,
430 598 467 656 ut
483 599 609 676 praeter
627 612 736 676 pauca,
759 612 841 676 quae
857 611 953 675 supra
973 591 1172 677 protulimus,
1189 591 1338 676 exempla

202 716 358 781 nusquam
382 695 492 760 urbem
515 697 567 760 vel
591 695 766 774 hominem,
797 695 893 762 deum
922 696 974 760 vel
1007 695 1104 759 heroa
1133 696 1218 760 intra
1252 695 1337 760 idem

201 806 339 886 systema
363 800 411 865 bis
435 801 545 867 eodem
569 801 698 866 nomine
721 801 905 885 appellaret.

733 1077 803 1159 §d

304 1216 435 1300 Restat,
472 1225 508 1281 ut
544 1224 798 1302 perscrutemur,
837 1239 912 1282 nnm
952 1218 1046 1282 etiam
1085 1219 1118 1280 iu
1155 1216 1337 1281 nominibus

201 1321 478 1407 appellativis
513 1328 545 1386 et
575 1322 612 1385 iis
644 1322 823 1404 vocabulis,
856 1323 971 1406 quibus
1002 1344 1054 1388 res
1085 1320 1137 1387 vel
1168 1320 1337 1406 qualitates

200 1426 427 1510 significantur,
451 1424 586 1491 eandem
610 1425 734 1489 dicendi
758 1426 935 1490 ubertatem
954 1433 988 1489 et
1001 1426 1187 1490 varietatem
1210 1426 1335 1509 appeti·

201 1530 290 1596 verit.
335 1530 372 1594 In
397 1530 512 1613 quibus
536 1531 681 1616 quamvis
697 1530 827 1594 Pindari
851 1530 994 1594 studium
1016 1531 1168 1594 vocabula
1192 1526 1335 1592 variandi

201 1635 378 1698 luculenter
390 1643 555 1719 appareat,
567 1643 672 1700 tamen
687 1655 749 1698 uon
764 1655 866 1719 aeque
876 1635 1000 1698 curiose
1010 1639 1106 1720 atque
1116 1633 1146 1696 in
1158 1632 1336 1697 nominibus

200 1738 346 1823 propriis,
359 1760 400 1803 ne
413 1739 495 1803 intra
509 1760 607 1803 unum
619 1747 759 1823 systema
771 1739 811 1804 ad
825 1736 957 1804 eandem
969 1736 1216 1822 appellationem
1229 1758 1336 1801 recur-

200 1849 296 1923 reret,
324 1842 444 1906 cavisse
466 1842 602 1924 videtur,
632 1844 663 1906 id
687 1844 768 1927 qnod
793 1843 917 1907 facilius
940 1843 1153 1926 intellegetur,
1184 1843 1210 1905 si
1232 1863 1336 1925 genus

202 1946 383 2010 universum
407 1946 569 2010 nominum
586 1947 853 2031 appellativorum
877 1948 907 2010 in
929 1947 1052 2032 species
1069 1952 1170 2010 certas
1187 1945 1334 2010 divideri-

199 2070 280 2116 mns.
319 2049 446 2114 Etenim
470 2072 508 2115 ea
530 2051 697 2134 vocabula,
720 2072 805 2135 quae
827 2051 992 2134 generales
1016 2051 1178 2115 homiuum
1195 2050 1335 2113 rationes

159 2164 164 2176 '
201 2158 233 2217 et
254 2153 504 2219 necessitudines
527 2155 714 2239 significant,
737 2154 824 2219 velut
846 2153 936 2237 ἁνήρ,
959 2152 1135 2236 ἄνθρωπος,
1158 2162 1239 2235 παῖς,
1257 2152 1334 2231 υἱός,

200 2254 311 2340 πατήρ,
335 2256 441 2341 μα’τηρ
465 2269 535 2340 etc,
559 2280 629 2323 cum
653 2261 829 2323 sexcenties
852 2280 916 2323 non
938 2259 1043 2323 solnm
1057 2259 1090 2322 in
1105 2257 1216 2323 eodem
1233 2264 1335 2344 syste·

200 2367 304 2443 mate,
333 2362 388 2426 sed
413 2363 508 2426 etiam
531 2363 563 2426 in
587 2361 698 2427 eadem
722 2362 855 2447 stropha
885 2363 1022 2447 repetita
1051 2362 1131 2443 sint,
1160 2381 1335 2447 prorsusa

201 2465 466 2531 commentatione
488 2475 598 2531 nostra
628 2465 821 2531 secludenda
851 2472 934 2532 sunt.
981 2466 1104 2540 Quibus
1134 2465 1240 2529 verbis
1263 2486 1334 2529 enm

198 2591 263 2634 non
304 2571 405 2634 multo
448 2571 546 2635 maior
587 2571 619 2634 in
661 2571 824 2636 enuntiato
865 2572 914 2635 vis
957 2591 1051 2656 quam
1093 2567 1334 2654 pronominibus

198 2673 327 2738 infuisse
363 2674 531 2760 videatur,
564 2696 628 2739 non
664 2673 774 2740 habuit
808 2675 983 2755 Pindarus,
1022 2695 1077 2738 cur
1112 2695 1150 2738 aa
1185 2674 1333 2739 variaret.

200 2777 319 2843 Contra
344 2799 381 2849 ea
410 2777 580 2862 voeabula,
611 2800 693 2864 quae
723 2780 796 2866 quia
826 2801 877 2844 res
908 2800 980 2842 cum
1011 2780 1082 2864 ipsa
1110 2784 1179 2842 arte
1209 2778 1335 2863 poetica

197 2882 247 2944 vel
270 2904 341 2946 cum
364 2882 498 2948 victoria
522 2884 711 2949 celebranda
731 2884 915 2948 coniunctas
933 2882 1163 2966 significabant,
1186 2883 1334 2965 graviora

197 2985 395 3069 videbantur,
413 2988 499 3051 velut
514 2984 609 3067 ὕμνος
624 2987 676 3052 vel
692 2986 855 3071 στέφανος,
871 2993 970 3071 poeta
982 2987 1039 3051 vix
1050 2987 1153 3051 minus
1166 2986 1334 3068 diligenter

198 3110 292 3176 quam
315 3091 445 3154 nomina
474 3093 601 3177 propria
634 3093 756 3157 variare
787 3098 920 3156 conatus
953 3096 1011 3156 est.
1057 3090 1171 3175 Itaque
1204 3089 1245 3154 de
1273 3089 1334 3169 bis,

198 3215 279 3280 quae
296 3194 336 3258 ad
352 3202 542 3280 apparatum
557 3198 719 3280 poeticum
734 3197 904 3280 pertinent,
920 3195 1052 3259 vocibus
1069 3196 1100 3258 in
1115 3194 1228 3257 ultima
1240 3192 1332 3257 huius

198 3299 474 3365 commentationis
497 3309 587 3384 parte
610 3301 791 3365 accuratius
814 3300 1025 3381 disseremus,
1051 3306 1160 3363 contra
1184 3319 1220 3362 ea
1238 3318 1333 3361 voca·

197 3403 286 3480 bula,
316 3425 398 3489 quae
431 3413 528 3491 poeta
557 3404 652 3469 modo
684 3405 831 3490 repetivit
862 3403 958 3470 modo
981 3404 1136 3481 variavit,
1169 3396 1330 3466 breviculo

197 3513 367 3593 conspectu
390 3508 705 3595 comprehendemus.

300 3611 349 3676 Ac
371 3614 509 3698 primum
539 3612 668 3699 quidem
698 3633 794 3698 quam
823 3613 928 3696 ampla
958 3601 1209 3695 appellationum
1240 3609 1333 3693 copia

133 3727 139 3740 '
195 3717 352 3782 Pindarus
368 3717 471 3801 ipsum
495 3713 671 3781 ‘carmen'
688 3738 782 3782 suum
799 3716 971 3792 ornaverit,
984 3715 1159 3780 videamus.
1192 3712 1331 3777 Tantum

197 3823 280 3886 enim
312 3822 437 3899 aberat,
472 3828 508 3885 nt
538 3822 693 3886 modestia
726 3822 893 3898 simulata,
928 3819 1020 3884 sicuti
1054 3819 1171 3882 malum
1204 3822 1333 3901 poetam

197 3924 306 4005 decet,
337 3947 401 3990 non
431 3925 566 3989 multum
588 3932 645 3988 ant
668 3925 745 3988 nibil
770 3925 907 3989 carmine
930 3944 989 3988 sno
1013 3923 1052 3986 ad
1077 3923 1227 3986 rictorem
1252 3921 1334 3984 cele·

198 4028 354 4095 brandum
377 4030 512 4095 conferri
534 4031 746 4116 profiteretur,
770 4035 806 4094 ut
825 4037 1033 4094 artemsuam
1051 4026 1332 4114 quamplurimum

197 4133 432 4199 commendaret
470 4141 565 4220 atque
609 4133 768 4198 laudaret.
833 4133 948 4218 Itaq'ue
992 4153 1062 4196 oum
1102 4132 1171 4216 ipse
1208 4128 1332 4191 facinus

197 4238 378 4321 egregium,
407 4238 490 4323 quod
524 4238 648 4323 poetica
679 4234 776 4300 lande
798 4243 938 4310 careret,
970 4256 1027 4321 pro
1051 4235 1167 4300 iniecto
1190 4232 1332 4312 haberet,

196 4341 380 4428 saepissime
397 4340 437 4405 de
454 4340 628 4404 carminum
644 4360 773 4404 suorum
793 4339 949 4427 dignitate
964 4347 996 4403 et
1012 4338 1114 4424 pretio
1126 4335 1331 4422 praedicavit.
