2954 4808
229 296 270 359 on
753 293 844 380 [172]

332 491 362 553 3.
396 489 448 554 Ad
470 489 644 575 particulas
668 489 810 554 causales
833 491 952 575 qnia,
974 492 1198 575 qnoniam
1224 513 1318 579 qnae
1341 515 1411 580 per·

227 590 342 673 tinent,
365 593 446 658 inlra
468 593 599 659 afferam
622 615 696 680 pag.
721 598 772 662 10.

422 773 447 814 0.
471 774 644 815 sensuimus}
663 774 854 816 conensem
872 775 927 815 vui.
945 773 1190 818 lovanensium.

329 881 380 950 De
401 883 567 969 particulis
581 885 774 951 concessivis
791 882 1007 950 Dederichsus
1028 905 1109 970 pag.
1130 887 1178 953 25
1198 895 1237 955 et
1256 890 1408 957 Hassen·

227 982 349 1055 sicinus
371 1010 444 1075 pag.
461 991 503 1054 42
526 1010 629 1076 pauca
644 988 899 1075 disputaverunt.
937 990 1019 1055 Ram
1035 992 1191 1077 amplius
1209 1015 1255 1060 ac
1273 996 1407 1082 planius

227 1087 273 1158 ila
294 1093 549 1178 retractabimus,
579 1101 615 1159 ut
645 1116 725 1181 quas
754 1095 843 1179 leges
875 1095 1055 1180 singulares
1087 1095 1312 1168 Ammianus
1345 1101 1406 1168 sibi

226 1199 364 1278 finxerit,
388 1197 604 1265 ostendamus.

331 1305 360 1370 l.
395 1302 489 1369 Cum
518 1304 614 1369 modo
645 1325 715 1369 oum
746 1301 929 1386 indicativo,
951 1302 1046 1369 modo
1072 1325 1153 1370 cum
1179 1310 1404 1376 coniunctim

226 1409 430 1474 construitur.

330 1511 651 1578 Coniunctivns
688 1512 850 1598 sequitur:
886 1514 936 1578 14.
969 1514 1005 1591 1,
1035 1514 1055 1576 8
1090 1512 1244 1600 abrupte
1285 1520 1404 1583 mariti

218 1617 376 1702 fortunae
399 1615 544 1682 trudebat
560 1618 739 1683 inmitium
758 1637 921 1702 manceps,
945 1638 1016 1682 anm
1031 1637 1102 1680 eum
1122 1622 1249 1702 potius
1266 1625 1403 1690 lenanu

216 1722 361 1806 feminea
384 1722 428 1786 ad
450 1723 593 1788 perdatis
620 1723 706 1812 aiam
736 1722 886 1787 reducere
909 1771 917 1787 .
940 1766 948 1783 .
971 1772 978 1787 .
1002 1720 1145 1803 deberet;
1186 1728 1241 1791 14.
1279 1729 1313 1809 7,
1343 1731 1402 1812 18;

228 1829 278 1893 14.
302 1828 330 1902 9,
354 1829 390 1910 5;
414 1828 465 1893 15.
488 1829 518 1904 5,
546 1829 602 1906 18;
626 1829 679 1893 20.
702 1830 732 1908 8,
756 1829 793 1906 6;
817 1827 868 1891 30.
892 1829 923 1908 0,
948 1829 976 1891 1.

327 1928 623 1996 Indicativus:
648 1932 701 1997 21.
726 1931 756 2012 1,
780 1933 799 1995 4
824 1929 985 1996 ambitiosa
1015 1929 1206 1998 diademate
1238 1935 1399 2003 ambolus·

226 2082 298 2099 ...
323 2053 393 2097 cum
415 2035 497 2100 inter
520 2035 653 2100 exordia
680 2037 886 2120 principatus
916 2036 972 2100 uili
1003 2052 1121 2098 corona
1158 2038 1397 2107 circumdatus

223 2145 311 2218 erat3
335 2138 387 2202 26.
410 2139 439 2219 3,
463 2140 482 2203 5
506 2141 592 2225 ioque
615 2190 622 2204 .
647 2189 655 2205 .
679 2187 687 2204 .
712 2161 783 2203 cum
813 2141 896 2204 citae
924 2137 1044 2222 pudere
1074 2135 1166 2203 debet
1198 2150 1231 2206 et
1267 2146 1394 2230 melpae,

224 2259 289 2304 non
319 2239 488 2306 abolendae
518 2240 659 2308 incubuit
687 2243 846 2319 maculam
878 2244 931 2308 30.
961 2242 998 2323 8,
1028 2242 1048 2305 3
1080 2248 1116 2306 ut
1149 2245 1290 2311 nuliam
1318 2298 1327 2313 .
1351 2296 1391 2313 ..

223 2345 356 2427 eriperet
378 2352 476 2410 morte
499 2396 506 2411 .
531 2392 539 2408 .
562 2395 569 2411 .
579 2393 589 2426 ‚
613 2367 683 2411 cum
712 2345 747 2409 id
769 2347 864 2410 etiam
882 2345 1045 2430 principes
1074 2345 1250 2412 interdum
1283 2350 1391 2428 secere

222 2448 395 2512 3333331331
402 2469 412 2531 ;
437 2450 487 2514 29.
519 2451 547 2528 l,
570 2450 611 2514 22
633 2450 756 2514 nullam
778 2469 842 2514 esse
871 2448 1077 2514 crudeliorem
1105 2453 1310 2519 sententiam
1340 2475 1387 2535 ea,

221 2572 301 2639 quae
323 2560 378 2634 est,
402 2575 473 2618 cnm
494 2573 627 2638 parcere
649 2553 783 2638 uidetur,
808 2555 963 2638 asperior.

326 2656 517 2722 Ammianus
550 2680 621 2723 cnm
654 2658 909 2724 coniunctionem
943 2656 1077 2744 primum
1116 2658 1381 2743 coniunctim,

222 2759 338 2826 deinde
353 2760 570 2842 indicativum,
592 2761 645 2826 vel
660 2761 787 2828 inverso
806 2761 917 2827 ordine
932 2761 1017 2826 hunc
1032 2759 1149 2826 deinde
1167 2761 1263 2829 illum
1288 2766 1381 2852 sequi

222 2863 306 2929 vult:
323 2863 360 2930 of.
376 2866 424 2930 ll.
437 2867 468 2950 ὅ,
487 2867 526 2930 13
541 2874 586 2931 331
600 2867 683 2932 enim
698 2863 848 2931 absonum
863 2873 891 2931 et
906 2866 1059 2950 1331ρί333
1074 2887 1164 2934 cum.
1179 2915 1187 2931 .
1200 2917 1207 2933 .
1217 2869 1378 2953 placatae

220 2970 285 3034 sint
307 2991 408 3035 aurae
430 2970 579 3053 incidiae,
603 3023 609 3036 .
633 3018 640 3034 .
663 3019 671 3035 .
696 2992 793 3036 aum.
818 3019 825 3034 .
848 3020 856 3036 .
880 2977 961 3036 13133
982 2967 1066 3036 orbis
1088 2967 1263 3039 Romanus
1286 2973 1377 3040 33113

222 3072 411 3158 obtemperat
425 3095 463 3140 ea
476 3075 619 3159 prodere,
635 3096 714 3161 quae
730 3125 737 3141 .
755 3123 762 3138 .
779 3125 787 3140 .
803 3076 859 3140 diu
875 3077 1085 3156 terdecimum
1105 3076 1157 3141 31.
1178 3077 1232 3160 14,
1251 3079 1272 3141 6
1291 3078 1376 3143 {aad

220 3198 338 3265 qnoque
356 3178 447 3261 ferri
464 3200 527 3244 non
539 3187 664 3264 poterat
687 3180 780 3266 quod,
797 3201 867 3246 cum
882 3179 1000 3265 lapibus
1016 3180 1083 3244 lites
1100 3230 1108 3246 .
1125 3227 1133 3244 .
1150 3230 1158 3246 .
1184 3184 1372 3248 consumere

220 3283 322 3348 oldai
353 3305 385 3349 33
417 3285 521 3367 uellet,
555 3284 778 3372 destinatisque
811 3287 893 3351 aelnt
926 3286 1012 3351 lectio
1044 3281 1204 3351 indicibus
1239 3290 1369 3371 nepotis

218 3388 391 3471 spectanda
406 3388 589 3473 mandabat,
604 3389 685 3455 nibil
701 3391 757 3474 api
769 3397 880 3455 contra
896 3388 1054 3454 libidinem
1065 3408 1157 3453 mmm
1169 3389 1370 3473 patiebatur.

323 3494 353 3558 2.
387 3493 653 3579 Quamquam.
700 3491 816 3559 Omnia
831 3494 996 3560 enuntiata
1011 3513 1052 3558 ex
1070 3491 1231 3578 particula
1255 3517 1368 3581 qnam·

218 3616 314 3682 qnam
335 3593 510 3681 pendentia
531 3596 658 3683 collegi,
682 3598 817 3663 collecta
839 3598 898 3663 has
921 3595 997 3661 milui
1019 3595 1241 3683 praebuerunt
1264 3599 1369 3685 leges,

219 3719 298 3784 quas
319 3699 509 3765 Ammianus
532 3705 589 3765 eut
610 3701 711 3766 sciens
735 3707 792 3766 aut
814 3701 958 3766 nesciens
982 3698 1185 3765 observavit:

322 3801 349 3871 I.
381 3803 591 3870 Enuntiatum
613 3805 833 3871 concessivum
854 3804 950 3870 modo
973 3809 1049 3870 ante
1076 3788 1271 3871 sententiam
1302 3808 1366 3894 pri·

218 3908 350 3973 mariam
372 3908 467 3975 modo
490 3910 723 3996 postponitur.
770 3908 892 3985 Quodsi
916 3908 1088 3994 praecedit,
1110 3907 1267 3993 apodosis
1297 3932 1364 3978 om·

218 4012 312 4079 nibus
334 4013 413 4079 locis
435 4020 562 4099 practer
585 4012 666 4079 duos
688 4036 707 4079 a
726 4014 883 4101 particula
905 4023 1009 4081 lamen
1031 4012 1149 4100 incipit.

320 4115 365 4181 ΙΙ.
399 4116 454 4183 313
470 4123 577 4184 eutem
592 4117 753 4185 sententia
769 4118 870 4184 maior
884 4116 1056 4206 praecedit,
1079 4117 1240 4204 particula
1258 4128 1365 4188 tamen

217 4217 317 4286 deest.

323 4323 387 4392 III.
421 4325 460 4390 In
477 4326 698 4394 enuntiatione
716 4326 905 4395 secundaria
927 4326 1186 4394 indicativus
1209 4331 1366 4418 temporis
