3030 4816
678 306 767 398 [ass]
1248 308 1287 378 lt

157 506 225 595 ipse
248 507 374 597 saepius
389 507 487 576 verba
508 509 584 575 facit
600 511 639 575 de
662 510 828 574 fortuna
851 511 1053 588 scaenica,
1078 527 1140 593 qua
1155 509 1291 573 comicus

157 621 252 699 poeta
282 616 492 699 periclitetur:
516 615 597 680 Hec.
620 614 699 699 prol.
723 613 757 676 Π
780 636 809 678 v.
834 616 868 677 8:
904 612 987 692 Quia
1017 612 1135 676 scibam
1164 613 1291 677 dubiam

149 719 321 805 fortuitam
350 735 411 783 esse
439 721 613 783 scaenicum
644 725 676 781 et
709 717 838 781 Phorm.
869 718 947 802 prol.
974 738 1004 780 v.
1029 719 1086 780 31:
1117 714 1166 781 Ne
1195 717 1293 780 simili

156 829 287 887 uiolare
307 823 443 903 fortuna
466 845 511 907 sq.

260 926 460 1011 Quamquam
482 927 710 1010 pedetemptim
734 946 806 988 eum
835 925 943 1009 populi
973 924 1114 988 favorem
1137 925 1197 988 sibi
1220 946 1294 987 con·

157 1031 280 1094 ciliasse
302 1031 390 1114 ipsae
413 1031 617 1115 prologorum
648 1029 809 1093 clausulae
838 1029 983 1092 innuunt.
1029 1028 1180 1092 Modestis
1209 1029 1293 1092 enim

157 1142 252 1218 atquc
274 1134 417 1198 demissis
439 1135 543 1198 verbis
566 1142 660 1218 pocta
683 1135 809 1217 ignotus
832 1134 930 1196 utitur
954 1134 984 1195 in
1005 1133 1145 1217 priorum
1168 1131 1293 1195 fabula-

158 1258 228 1301 rum
251 1238 400 1322 prologis‚
424 1239 455 1301 in
478 1239 686 1322 posteriorum
709 1236 917 1300 confidentius
940 1244 1035 1320 atque
1050 1236 1200 1300 audacius
1215 1245 1246 1299 et
1263 1237 1294 1299 in

157 1341 354 1406 adversarios
388 1342 547 1405 invehitur
581 1349 613 1404 et
647 1362 681 1405 ss
715 1362 869 1425 suumque
898 1342 1037 1404 studium
1067 1343 1296 1424 spectatoribus

158 1446 365 1510 commendat.
411 1445 563 1510 Conferas
585 1467 655 1509 cum
677 1444 821 1509 Andriae
844 1447 987 1509 versibus
1010 1445 1057 1508 his
1080 1444 1137 1526 (24
1161 1446 1264 1529 sqql:

288 1566 417 1648 Facete,
442 1567 545 1630 adeste
566 1586 664 1651 aequo
683 1568 788 1629 animo
810 1572 838 1628 ct
861 1587 927 1631 cem
950 1569 1133 1649 ‹topiroscita
1187 1616 1189 1620 .

293 1669 332 1732 Ut
354 1672 560 1752 pernoscetis,
585 1670 694 1753 ecquid
716 1672 782 1751 spei
805 1671 846 1733 sit
869 1670 1028 1750 relicuom,

289 1772 426 1836 Posthac
448 1794 528 1858 precs
546 1773 645 1853 faciet
668 1773 705 1835 cie
726 1774 850 1854 irsthro
875 1773 1059 1851 comoedias,

290 1876 489 1959 Spectandae
512 1900 555 1941 aa
577 1878 748 1960 eaipeudue
770 1878 833 1940 siat
855 1876 944 1940 uobis
966 1879 1059 1959 prius

161 2004 193 2059 et
216 2018 287 2060 cum
310 1997 428 2063 Heout.
453 2000 494 2061 28
518 2020 581 2082 sq.:

291 2118 413 2201 Facite,
437 2121 527 2204 ceqcci
549 2121 628 2200 sitis,
652 2119 725 2182 daie
747 2120 903 2183 crescendi
927 2123 1058 2204 copiam,

290 2222 456 2287 Neaeram
481 2225 535 2307 qai
555 2224 721 2306 spectandi
735 2225 870 2307 factitat
893 2227 1014 2306 copiola

163 2342 241 2406 hacc
264 2343 361 2406 verba
384 2343 539 2418 Eunuchi,
563 2366 644 2428 quae
667 2345 776 2408 fabula
799 2346 890 2408 unico
914 2346 1042 2428 placuit,
1067 2366 1096 2409 r.
1121 2349 1161 2408 44
1185 2367 1229 2429 sq.

292 2462 376 2527 Date
399 2485 536 2547 operam,
561 2486 631 2527 cam
654 2466 776 2528 silentio
799 2466 941 2528 arriraum
964 2466 1124 2541 attendite,

298 2567 337 2629 Ut
357 2570 565 2651 pernoscatis,
589 2568 665 2651 quid
687 2567 746 2631 sibi
768 2567 944 2631 Ercacccbas
966 2569 1042 2632 aetii

163 2695 195 2751 et
218 2687 417 2752 Phormionis
441 2711 469 2752 v.
494 2690 550 2752 30:

293 2790 377 2855 Date
399 2813 538 2875 operam,
563 2793 665 2857 adesto
689 2813 785 2877 aeqrro
809 2795 914 2855 aretino
932 2815 994 2876 per
1015 2796 1183 2858 silentiam.

694 3070 768 3152 §u

167 3209 213 3260 DE
242 3209 376 3262 PRETIO
406 3209 535 3261 Portrrs
560 3209 754 3261 SOLVENDO
784 3210 1030 3273 IMPENSISQUE
1059 3211 1097 3264 IN
1123 3213 1301 3264 ACTIONES

525 3296 721 3348 SCAENICAS
742 3297 944 3350 FACIHNDIS.

269 3417 410 3482 Dubiam
425 3416 587 3482 fortunam
599 3420 786 3501 scaenicum,
800 3418 839 3483 dc
851 3442 912 3505 qua
925 3422 1019 3486 modo
1032 3422 1179 3504 diximus,
1192 3443 1302 3508 quarn-

168 3543 262 3608 quam
286 3531 382 3607 poeta
406 3522 569 3585 scaenicus
594 3543 691 3605 scope
714 3534 868 3607 expertus
891 3536 949 3603 est,
977 3546 1047 3588 curu
1072 3527 1122 3589 vel
1153 3526 1302 3590 adversa-

167 3628 286 3690 riorum
317 3612 491 3709 peteretur
510 3626 626 3688 inuidia
655 3627 708 3689 vel
739 3628 972 3711 spectatoribus
1007 3650 1118 3711 parum
1151 3631 1301 3713 placeret,

169 3739 275 3793 tamen
298 3731 400 3815 ipsum
425 3730 600 3813 periculum
625 3730 753 3794 fabulae
777 3720 929 3815 explosae
952 3732 992 3797 ad
1010 3742 1136 3815 postam
1153 3755 1216 3797 non
1233 3755 1303 3817 per·

167 3836 300 3900 tinebat.
347 3833 463 3917 Empta
487 3834 570 3897 enim
594 3834 702 3897 fabula
725 3857 743 3897 a
766 3835 912 3899 ludorum
936 3838 1137 3900 curatoribus
1165 3839 1303 3920 pretium

168 3947 263 4023 pocta
296 3945 466 4019 meruerat,
500 3948 672 4023 antequam
704 3939 813 4002 fabula
845 3948 918 4002 acta
952 3946 1008 4004 ost.
1056 3939 1105 4004 of.
1141 3940 1306 4004 Rz'tscbebi

169 4044 301 4127 Parerg.
325 4064 355 4126 p.
378 4045 458 4107 329:
501 4041 616 4107 ‘Wenn
640 4052 733 4108 unter
755 4044 865 4108 diesen
889 4044 1088 4107 Umstiindcn
1112 4044 1167 4105 dcc
1190 4044 1305 4107 Unter·

170 4148 303 4211 nehmcr
326 4147 499 4230 allerdings
523 4169 562 4210 zu
585 4147 733 4212 Sobadcu
754 4149 903 4212 kommcn
928 4149 1058 4228 konntc,
1083 4171 1118 4212 so
1143 4149 1230 4211 hatte
1250 4148 1306 4211 da-

170 4271 273 4332 gegen
298 4251 354 4314 der
377 4251 509 4315 Dichter
532 4253 599 4314 sein
616 4251 766 4315 Honorar
782 4273 863 4332 weg,
887 4254 1023 4315 welches
1041 4254 1206 4316 Sciricksal
1224 4253 1305 4315 atich

171 4353 228 4418 das
244 4355 342 4419 Stiick
367 4356 443 4419 tr·af.'
490 4356 559 4420 lloc
583 4357 659 4421 satis
678 4357 897 4420 demonstrant
914 4358 1013 4420 verba
1029 4358 1108 4443 prol.
1127 4358 1141 4419 l
1160 4358 1308 4440 Hecyrae

1145 4457 1201 4512 aas
