2954 4822
561 313 601 326 -
647 270 736 363 [rar]
779 315 821 327 -
1217 281 1252 340 er

124 472 213 530 ortus
236 471 287 531 est
309 466 500 553 permutatis
523 466 657 532 sedibus
681 466 878 552 syllabarum
898 467 1061 534 secundae
1088 475 1122 533 et
1140 469 1258 533 tertiae

123 626 142 652 ,
155 626 174 641 ,
188 611 207 643 2
220 618 249 641 ι..
295 570 399 636 Deest
422 572 496 637 huic
520 564 731 659 explicationi
746 571 1004 658 Hephaestionis
1028 574 1258 653 testimoninm,

124 695 188 759 quo
213 677 376 740 sententia
404 676 445 740 de
468 675 654 740 choriambo
677 675 794 741 iambis
818 677 966 741 immixto
990 699 1010 740 a
1033 676 1257 742 Studemundo

123 778 250 864 prolata
273 779 393 866 optime
418 780 657 867 comprobetur.

210 881 268 945 Ait
290 888 401 949 autem
417 882 645 968 Hephaestion
668 882 702 945 in
722 903 792 967 cap.
811 883 865 945 12:
880 882 909 966 ί)
934 876 980 947 Τὸ
996 880 1033 947 δὲ
1047 873 1106 947 ἀπ’
1120 876 1257 948 ἐλάσσο-

123 1009 177 1065 νος
200 982 330 1054 ίωνικὸν
351 984 543 1054 συντίθεται
565 986 626 1071 μὲν
651 986 708 1053 καί
735 982 894 1072 καθαρὸν,
922 983 1112 1053 συντίθεται
1144 986 1257 1053 δὲκαὶ

122 1087 299 1176 ἐπίμικτον
321 1087 405 1178 πρὸς
426 1087 486 1172 τὰς
507 1087 685 1178 τροχαὶαᾶς
706 1089 874 1170 ὄιποδίας.
913 1093 1006 1157 Haec
1030 1091 1131 1157 verba
1147 1087 1257 1158 συντί-

122 1199 222 1260 θεται
246 1233 286 1246 -
310 1192 468 1275 διποδίας
490 1196 568 1282 quid
592 1197 653 1261 sibi
678 1196 788 1275 velint,
812 1196 908 1262 facile
932 1203 981 1260 est
1004 1195 1045 1260 ad
1061 1196 1256 1282 intellegen-

123 1301 215 1381 dum,
238 1301 267 1365 si
290 1301 473 1366 accuratius
501 1301 657 1386 inspicias
681 1320 721 1365 ea
743 1320 826 1384 quae
849 1297 1081 1386 sequuntu122)
1106 1295 1257 1365 συντίθε-

121 1429 176 1470 ται
197 1454 281 1471 ....
304 1399 422 1485 οὕτως,
452 1399 536 1471 ὥστε
563 1400 622 1494 τὴν
644 1400 711 1490 πρὸ
733 1404 793 1493 τῆς
820 1404 995 1492 τροχαϊκῆς
1024 1401 1076 1470 οἷοί
1104 1400 1257 1490 γίνεσθαι

122 1503 339 1597 πεντάσημον,
363 1501 449 1575 τοῦτ’
471 1503 541 1574 ἔστι
564 1505 675 1595 τρίτην
696 1504 889 1596 παιωνικὴν,
913 1506 969 1574 καί
991 1504 1051 1596 τὴν
1072 1503 1256 1596 τροχαϊκὴν,

122 1608 249 1679 ὁπόταν
277 1606 497 1698 προτάττοντα
521 1613 580 1700 τῆς
607 1607 753 1702 ίωνικῆς,
783 1608 936 1698 γίνεσθαι
965 1607 1157 1698 ἑπτοίοημον
1183 1634 1257 1697 τρο-

122 1712 248 1807 χαϊκὴν,
271 1711 329 1783 τὸν
350 1710 548 1800 καλούμενον
570 1711 718 1804 δεύτερον
740 1712 918 1802 ἐπίτριτον.

208 1821 321 1886 Priore
355 1822 454 1907 igitur
488 1822 561 1886 loco
594 1820 691 1885 ionici
726 1817 968 1903 α’νακίιομίνοο,
1002 1840 1098 1906 quem
1127 1824 1256 1899 vocant,

123 1925 281 2010 originem
304 1924 461 2011 explicat:
491 1944 565 1988 nam
595 1925 720 1989 ionicus
751 1918 959 2012 πεντάσημος
985 1923 1066 1987 nihil
1096 1921 1185 1986 aliud
1208 1927 1258 1986 est

122 2029 185 2093 nisi
206 2070 335 2109 om,
369 2028 504 2114 quodsi
535 2035 717 2116 anteponas
743 2027 892 2114 dipodiee
918 2027 1104 2092 trochaicae
1135 2060 1257 2108 -ο-ῡ,

122 2132 184 2197 hoc
207 2141 347 2198 metrum
371 2133 525 2198 efficitur:
547 2177 568 2197 ο
580 2175 600 2199 υ
613 2192 630 2200 -
643 2177 663 2199 ι
675 2192 692 2199 -
706 2178 726 2200 ο
738 2191 755 2200 -
768 2163 800 2199 0.
843 2133 973 2198 Revera
988 2140 1099 2197 autem
1116 2133 1257 2196 ionicum

123 2231 348 2322 ἀνακλώμενον
379 2246 485 2303 ortum
515 2259 589 2303 esse
620 2238 722 2303 videri
750 2260 769 2303 e
797 2238 936 2302 refracto
970 2237 1108 2303 dimetro
1140 2239 1256 2317 ionice,

122 2343 142 2410 i.
168 2364 196 2410 e.
220 2343 416 2429 permutatis
439 2342 572 2407 sedibus
597 2342 796 2427 syllabarum
826 2348 962 2428 quartae
986 2350 1019 2407 et
1048 2343 1182 2427 quintae
1209 2340 1258 2405 (li-

122 2447 217 2512 metri
239 2446 348 2527 ioniei,
371 2452 408 2510 ut
430 2467 489 2533 pro
511 2503 530 2518 ,
543 2504 562 2517 .
575 2485 596 2517 ι
608 2492 628 2516 2
640 2501 659 2515 ι
673 2503 691 2517 ι
707 2486 729 2519 2
742 2486 762 2518 ο
789 2452 965 2531 poneretur

124 2720 367 2788 Studemundus
392 2722 501 2787 docuit
515 2723 548 2787 in
564 2723 695 2790 scholis.

200 2826 389 2891 Posteriore
412 2828 484 2892 loeo
501 2826 729 2913 Hephaestion
747 2827 845 2892 aliam
861 2825 990 2890 dimetri
1004 2824 1103 2890 ionici
1117 2824 1256 2891 formam

122 2930 272 3018 exponit:
293 2930 460 2995 trochaica
484 2931 572 2995 enim
588 2930 720 3018 dipodia
742 2923 934 3015 ἑπτάσὴμος
953 2928 1035 2993 haec
1061 2935 1124 2993 est:
1146 2989 1163 2997 -
1176 2975 1226 2997 ο-
1239 2989 1255 2997 -

121 3033 266 3099 admissa
289 3034 417 3120 syllaba
438 3035 599 3122 producta
621 3056 679 3122 pro
703 3033 846 3099 secunda
869 3032 977 3106 brevi3
1001 3053 1097 3117 quam
1122 3035 1148 3097 si
1164 3042 1256 3099 ante·

121 3160 222 3226 ponas
237 3139 355 3218 ionico,
378 3139 461 3203 haec
477 3138 581 3204 forma
598 3139 774 3204 efficietur:
793 3179 1060 3216 ..........
1088 3136 1134 3200 At
1148 3196 1164 3203 -
1177 3180 1197 3203 ο
1210 3195 1226 3203 -
1240 3196 1257 3204 -

120 3263 183 3306 non
210 3262 285 3307 esse
317 3241 479 3328 dipodiam
507 3242 721 3322 trochaicam,
756 3239 814 3306 sed
848 3240 944 3304 aliam
974 3240 1109 3304 formam
1140 3242 1256 3305 variati

120 3344 253 3410 diiambi
276 3344 387 3409 docuit
416 3366 476 3409 nos
507 3347 593 3411 idem
618 3344 877 3411 Studemundue:
908 3365 984 3409 nam
1012 3345 1095 3408 sicut
1122 3365 1180 3429 pro
1204 3386 1256 3416 „a

119 3449 195 3535 poni
218 3455 326 3536 potest
349 3491 400 3524 ,ὲ
424 3451 458 3514 in
480 3448 615 3515 diiambi
636 3450 714 3517 sede
739 3450 854 3538 impari
878 3447 1009 3533 (,·„,3
1032 3468 1091 3534 pro
1114 3447 1257 3534 „mh

120 3557 165 3620 ita
187 3557 287 3621 etiam
310 3579 369 3644 pro
392 3615 412 3629 ,
425 3615 445 3629 ,
457 3599 478 3631 2
492 3602 509 3627 ι
534 3559 612 3643 poni
629 3564 738 3646 potest
754 3622 773 3629 ,
786 3615 804 3631 ,
818 3597 870 3631 2ss
896 3556 1022 3642 syllaba
1038 3556 1143 3642 prima
1158 3555 1257 3640 longa

119 3660 152 3724 in
171 3668 310 3746 utroque
332 3668 436 3726 metro
455 3669 600 3738 servata;
624 3669 657 3727 et
679 3662 764 3727 sicut
777 3721 795 3730 -
807 3720 824 3729 .
836 3707 856 3729 ο
868 3720 886 3729 -
901 3666 953 3726 est
975 3660 1136 3726 diiambus
1153 3666 1257 3724 retar-

121 3764 231 3847 datus,
262 3767 308 3830 sic
334 3809 441 3834 ,ου
469 3773 521 3832 est
543 3768 669 3833 ionicus
693 3790 712 3832 e
734 3770 860 3833 minore
884 3765 1078 3832 retardatus.
1123 3763 1254 3829 Utrius-

121 3891 183 3955 que
207 3870 332 3935 formae
354 3871 508 3959 exempla
531 3871 618 3936 haud
642 3894 747 3958 pauca
769 3878 891 3938 extant.
939 3871 1004 3936 Sed
1026 3878 1192 3937 transeam
1214 3870 1256 3935 ad

120 3995 177 4038 eos
201 3975 304 4056 locos,
327 3975 444 4061 quibus
467 3983 585 4063 poetae
609 3977 725 4042 ionicis
749 3998 769 4041 a
791 3977 916 4042 minore
939 3975 991 4039 usi
1014 3980 1099 4039 sunt.

190 4166 212 4231 ¹)
231 4162 383 4233 Hephaest.
402 4181 429 4234 p.
447 4164 489 4218 37.

189 4253 212 4318 ²)
231 4249 382 4319 Hephaest
400 4268 428 4321 p.
446 4250 488 4305 38
