2956 4822
618 335 712 422 [nr]
1193 343 1230 402 ιι

97 531 197 595 multo
231 531 336 594 minus
370 529 514 615 perfecta
552 530 699 595 conicias.
756 530 828 604 Qua
858 551 892 593 re
926 529 1009 594 haud
1042 529 1154 594 mirum
1187 536 1236 594 est

97 634 258 699 Lebedios
288 635 459 719 petiuisse,
494 640 529 697 ut
559 635 709 719 impensis
740 635 874 720 publicis
908 655 1036 698 annona
1066 656 1123 719 per
1156 633 1234 698 illud

99 751 224 824 tompus
248 747 422 803 curaretur.
467 737 595 802 Horrea
625 739 722 822 igitur
757 745 792 801 ut
814 738 876 801 sint
898 739 930 802 in
953 739 1033 803 urbe
1055 738 1233 823 postulant:

96 846 142 907 ita
171 851 257 908 reete
288 845 516 927 interpretatus
551 852 600 907 est
624 841 781 906 Hicksius
813 841 913 906 uerba
941 841 1025 905 σίτου
1055 839 1236 924 παράθεσιν,

96 947 210 1011 collato
228 946 342 1032 Polyb.
360 946 393 1010 ΙΙ
412 946 493 1028 15,3.
523 945 576 1010 ΙΙΙ
594 949 698 1027 17,11.
733 946 891 1020 Quaeres
913 946 959 1009 ita
974 953 1042 1010 erat
1057 945 1234 1026 efficienda,

93 1060 129 1115 nt
145 1053 280 1136 pecunia
297 1050 452 1137 quaedam
469 1072 509 1115 ex
525 1051 648 1115 aerario
667 1051 805 1114 ciuitatis
822 1050 1053 1114 mercatoribus
1076 1050 1233 1135 aliquibus

94 1162 204 1218 mutua
235 1154 365 1219 daretur
397 1174 434 1217 ea
474 1153 676 1234 condicione,
716 1161 752 1217 nt
789 1152 939 1217 frumenti
977 1152 1101 1239 copiam
1139 1174 1234 1239 quam

96 1259 267 1323 maximam
298 1259 517 1343 importarent.
562 1256 723 1322 Numerus
756 1277 927 1322 aureorum
960 1277 1055 1341 quem
1088 1255 1129 1320 sd
1152 1257 1235 1322 hanc

95 1385 162 1428 rem
183 1362 316 1428 Lebedii
339 1363 601 1448 postulauerunt,
633 1361 749 1448 partim
783 1360 929 1445 deperiit.
973 1359 1235 1445 Waddingtonus

94 1486 123 1531 v.
149 1469 199 1554 73·
212 1466 425 1548 τετρακοσίους
447 1467 496 1529 καί
519 1466 684 1549 δισχιλίους
700 1466 849 1546 restituit,
871 1485 901 1533 v.
919 1468 961 1530 94
983 1471 1087 1530 autam
1108 1465 1234 1550 χιλίους.

94 1568 158 1636 Sed
187 1592 247 1636 rex
277 1592 348 1635 cum
380 1570 451 1636 Teii
485 1571 613 1634 nimium
660 1569 838 1656 postulasse
887 1569 1060 1635 uideantur
1090 1571 1137 1647 (r.
1169 1569 1234 1651 79),

95 1673 246 1740 Lebediis
269 1675 375 1759 potius
408 1675 622 1759 adstipulatur
644 1675 689 1755 (v.
715 1674 784 1757 93),
809 1697 849 1739 ne
872 1682 966 1739 tanta
988 1681 1140 1760 quantam
1164 1672 1234 1739 Teii

95 1786 308 1862 poposcerant
323 1781 459 1865 pecunia
475 1780 506 1843 in
524 1779 692 1844 discrimen
711 1781 888 1858 commissa,
910 1779 1022 1844 ciuitas
1038 1799 1113 1842 aero
1129 1777 1233 1842 alieno

88 1883 258 1948 obruatur.
296 1882 369 1958 Qua
391 1902 429 1948 re'
448 1905 478 1949 v.
497 1886 536 1947 73
560 1883 771 1965 τετρακοσίους
792 1885 841 1947 καί
862 1885 987 1967 χιλίους,
1009 1906 1040 1949 v.
1055 1886 1097 1947 94
1119 1881 1234 1965 χιλίους

93 1989 142 2050 καί
165 1989 375 2068 τετρακοσίους
397 1987 517 2075 scripsi.

195 2091 257 2156 Illa
285 2095 420 2178 pecunia
449 2095 584 2178 pignore
616 2092 787 2178 obliganda
821 2103 853 2158 et
876 2094 960 2158 intra
991 2093 1068 2158 anni
1091 2094 1231 2179 spatium

93 2195 279 2280 reponenda
314 2202 391 2261 erat.
451 2197 580 2271 Quanto
618 2204 728 2263 autem
764 2197 877 2263 fenore
912 2203 996 2263 esset
1034 2195 1230 2278 collocanda,

93 2299 243 2366 Teiorum
266 2300 397 2366 arbitrio
424 2302 620 2385 permittitur
643 2300 686 2383 (r.
713 2300 780 2385 76).
813 2300 910 2366 Anno
945 2303 1134 2367 circumacto
1163 2322 1232 2365 rem

94 2424 165 2468 esse
187 2403 394 2489 repetendam
413 2425 605 2490 quamquam
629 2426 689 2470 non
713 2407 950 2490 pronuntiatur,
973 2410 1079 2470 tamen
1103 2404 1232 2489 probari

94 2512 209 2590 potest,
232 2528 304 2571 cum
321 2514 385 2574 tres
410 2509 484 2572 anni
506 2507 547 2572 ad
569 2509 806 2594 synoecismum
822 2508 1052 2574 conficiendum
1069 2508 1233 2572 constituti

93 2611 166 2676 sint.
213 2612 353 2677 Stateres
382 2633 498 2677 aureos
528 2611 715 2698 Philippeos
745 2614 792 2693 si,
827 2612 913 2698 quod
936 2611 1126 2678 Hultschius
1148 2632 1232 2676 com-

94 2714 224 2780 mendat
258 2715 464 2800 (Metrologia
496 2716 693 2781 Graecorum
722 2724 755 2782 et
777 2712 1017 2783 Romanornm2
1039 2739 1070 2802 p.
1093 2718 1167 2780 240.
1192 2714 1231 2780 ci.

94 2840 124 2903 p.
156 2818 247 2901 248),
273 2844 311 2874 =
335 2821 376 2883 20
401 2818 443 2884 M.
467 2818 583 2902 facias,
614 2826 682 2885 tota
710 2842 835 2884 summa
865 2843 947 2906 quae
979 2821 1020 2885 ad
1049 2820 1131 2885 hanc
1164 2840 1232 2883 rem

93 2923 275 2987 decernitur
306 2931 354 2986 est
376 2922 419 2986 M.
442 2925 484 2987 28
496 2925 570 2987 000.
615 2922 666 2987 Ex
699 2924 744 2988 eis
773 2944 855 3009 quae
885 2923 1070 2989 Bocclrbius
1097 2923 1232 2988 contulit

93 3026 284 3090 testimoniis
299 3024 390 3108 (Oec.
414 3026 503 3109 publ.
520 3026 598 3091 Ath.
622 3024 654 3090 Ι2
674 3047 706 3110 p.
729 3028 785 3092 132
807 3027 899 3114 sqq),
922 3027 1058 3092 eflicitur
1080 3033 1233 3113 quattuor

94 3131 262 3195 drachmas
286 3130 410 3194 Atticas
433 3150 471 3193 eo
496 3130 535 3194 de
561 3150 624 3216 quo
648 3131 754 3215 agitur
777 3139 921 3218 tempore
955 3153 1011 3218 pro
1036 3152 1101 3196 uno
1123 3130 1231 3196 modio

93 3235 200 3300 Attico
225 3235 321 3299 tritici
350 3235 427 3299 satis
450 3255 604 3322 paruum,
635 3257 692 3321 pro
713 3230 821 3301 modio
846 3236 958 3303 hordei
980 3236 1057 3302 satis
1080 3257 1231 3321 magnum

92 3341 233 3424 pretinm
255 3338 372 3422 fuisse3
405 3359 425 3403 a
454 3339 586 3421 singulis
614 3348 722 3404 autem
752 3340 934 3420 hominibus
965 3341 1096 3423 singulis
1118 3338 1232 3404 diebus

92 3443 235 3508 consumi
265 3442 415 3508 frumenti
437 3450 561 3529 partem
592 3444 868 3529 quadragesimam
892 3452 924 3509 et
951 3451 1099 3509 octauam
1121 3442 1231 3524 modii,

91 3553 217 3612 ueteres
252 3547 439 3632 plerumque
469 3548 664 3614 aestimasse.
709 3547 796 3634 Ergo
826 3551 852 3613 si
884 3558 915 3614 et
938 3548 1050 3614 hordei
1082 3556 1113 3614 et
1135 3546 1233 3612 tritici

92 3651 201 3738 copiae
216 3651 482 3735 importabantur,
505 3653 628 3717 circiter
646 3655 860 3719 1100—1200
880 3653 1060 3717 hominibus
1082 3652 1116 3714 in
1132 3672 1230 3715 unum

91 3776 210 3819 annum
239 3756 301 3820 hac
337 3756 471 3840 pecunia
506 3755 666 3821 frumenta
710 3759 875 3842 procurari
905 3762 1071 3843 poterant,
1101 3756 1149 3820 sin
1183 3753 1231 3819 bis

92 3867 182 3924 terue
206 3881 268 3924 uno
292 3880 375 3923 anno
396 3859 507 3925 cadem
530 3860 665 3944 pecunia
688 3861 847 3926 frumenta
869 3860 930 3925 emi
946 3861 1091 3946 potuisse
1113 3879 1230 3939 sumas,

92 3962 132 4026 ad
161 3962 224 4027 duo
255 3964 307 4027 uel
336 3965 397 4027 tria
429 3963 496 4029 fere
520 3965 607 4027 milia
630 3963 793 4030 hominum
817 3966 998 4051 peruenics.
1044 3963 1107 4028 Sed
1131 3963 1229 4028 multo

91 4068 198 4152 plures
229 4066 342 4149 luisse,
375 4069 429 4153 qui
456 4067 589 4134 Lebedo
614 4068 715 4133 Teum
739 4070 992 4155 transmigraturi
1017 4076 1135 4145 essent,
1159 4089 1231 4131 cen·

44 4191 50 4204 ·
90 4191 186 4236 seam.
233 4170 414 4236 Memineris
443 4179 551 4235 autem
587 4195 651 4237 non
683 4179 748 4237 tam
783 4173 823 4237 ad
846 4171 1076 4238 conficiendam
1099 4192 1230 4255 prorsus

92 4296 158 4339 rem
182 4275 421 4340 frumentariam
447 4276 528 4340 hano
552 4278 719 4364 pecuniam
736 4276 899 4344 decretam
924 4298 1004 4359 esse,
1027 4299 1121 4367 quam
1143 4283 1180 4343 ut
1203 4278 1232 4346 ei
