2962 4800
233 250 273 313 10
763 247 831 331 [10]

233 461 302 503 men
339 440 422 522 eius,
457 442 511 524 qui
546 440 641 503 fidem
674 446 822 524 praestat.
873 439 1017 516 Menses,
1052 441 1175 523 quibus
1213 443 1396 507 venierunt

233 543 421 624 sacerdotia,
444 545 631 629 plerumque
654 544 760 607 omissi
776 550 858 608 sunt.
893 543 1026 607 Praeter
1049 541 1181 623 πράσεις
1205 554 1242 610 et
1260 548 1395 629 ἐπιπρά·

234 672 293 723 οεις
316 654 366 710 ter
389 646 595 723 διασοστάνεις
619 647 934 711 commemorantur.¹

334 751 443 835 Atque
466 762 501 813 ut
533 750 563 812 in
587 750 765 835 Erythraeo
798 749 1016 814 venditionum
1048 749 1154 814 indico
1191 764 1391 838 emptorum

231 854 412 917 nominibus
436 854 524 918 locus
555 855 615 916 fnit
644 855 852 932 necessarius,
883 853 927 916 ita
959 854 1052 916 etiam
1085 853 1308 920 decretorum
1342 858 1391 921 Ib

235 967 266 1021 et·
289 958 332 1037 ΙΙ,
356 958 470 1040 quibus
493 957 667 1021 sacerdotia
692 957 872 1041 Aesculapii
902 964 933 1019 et
964 956 1210 1022 Samotbracum
1246 961 1390 1024 deorum

232 1062 399 1125 vendenda
420 1063 672 1146 promulgantur,
696 1063 799 1126 verbis
816 1063 943 1125 nomino
959 1061 1066 1125 addita
1082 1071 1159 1125 sunt
1179 1073 1388 1148 emptorum.

232 1165 323 1238 Quae
346 1189 385 1229 no
401 1167 432 1228 in
449 1167 545 1229 titulis
562 1166 688 1250 quidem
704 1166 747 1228 Ia
763 1174 794 1229 et
812 1166 872 1245 111,
897 1187 966 1228 cum
984 1166 1084 1228 ultimi
1101 1185 1216 1231 versus
1235 1171 1387 1234 maxime

232 1270 367 1333 mutilati
390 1270 463 1353 sint,
487 1269 625 1334 defuisse
650 1269 741 1335 facile
764 1269 929 1336 concedes.

759 1532 829 1613 si.

522 1670 773 1732 QUAESTIONES
793 1669 1077 1722 EPIGRAPHICAE.

335 1795 367 1873 a)
392 1793 602 1878 Erythraeum
635 1792 771 1873 titulum,
802 1812 872 1855 oum
903 1791 934 1852 in
962 1799 1070 1875 partes
1102 1797 1260 1874 quattuor
1283 1814 1377 1859 sece-

231 1897 318 1978 dat,2
349 1918 431 1981 quae
461 1918 533 1959 eum
555 1897 623 1960 aliis
647 1897 763 1960 rebus³
792 1905 858 1958 tum
885 1897 1060 1978 scripturae
1082 1915 1203 1977 genere
1229 1899 1377 1962 maxime

234 2000 316 2062 inter
346 2022 379 2062 se
412 1999 600 2084 discrepant,
632 2022 693 2063 non
728 2021 788 2063 uuo
819 2007 929 2064 tenore
960 2000 1092 2061 incisum
1123 2019 1193 2062 esse
1224 2010 1377 2084 apparet.

233 2103 419 2182 Sacrificuli,
449 2105 560 2188 quibus
591 2104 773 2167 curantibus
805 2103 969 2166 venierunt
999 2101 1187 2182 sacerdotia,
1219 2103 1378 2189 deinceps

231 2215 519 2271 commemorantur
555 2208 600 2269 bi:
662 2205 692 2286 1)
733 2226 848 2269 nomen
890 2206 1057 2283 incertum,
1115 2207 1149 2282 2)
1193 2205 1374 2285 Φανότνμος

233 2330 261 2374 v.
288 2313 337 2391 14,
371 2310 404 2387 3)
431 2307 636 2389 Ἐρμόκλεντος
660 2331 689 2372 v,
714 2311 764 2387 23,
800 2309 832 2385 4)
859 2307 1026 2387 dterrtrqroe
1053 2330 1082 2371 v.
1109 2309 1159 2387 37,
1195 2305 1230 2390 5)
1263 2307 1376 2387 Ἑρμό-

230 2438 358 2493 οτρατος
371 2434 398 2477 v.
411 2416 461 2491 45,
481 2414 514 2492 6)
527 2434 642 2476 nomen
655 2435 716 2476 non
731 2422 891 2475 servatum
906 2419 953 2474 est
963 2431 991 2474 ν.
1003 2413 1053 2491 51,
1069 2410 1101 2490 7)
1116 2410 1268 2490 Ἐπίγονος
1278 2432 1306 2475 v.
1319 2415 1372 2490 63,

230 2515 266 2599 8)
290 2515 470 2599 Ἀγασικλῆς
483 2541 511 2580 v.
524 2520 575 2597 86,
600 2518 632 2594 9)
650 2514 810 2594 &additione
822 2522 878 2578 τοῦ
890 2513 1066 2598 Μήτρωνος
1079 2537 1108 2580 v.
1124 2517 1175 2596 91,
1203 2516 1258 2596 10)
1275 2515 1373 2578 Ἀπα-

230 2618 349 2702 τούριος
364 2641 393 2684 v.
410 2623 461 2686 94.
480 2624 531 2700 99,
558 2619 611 2701 ll)
628 2616 796 2701 Ζηνόδοτος
813 2639 840 2680 v.
857 2621 926 2697 109,
953 2615 1232 2700 12)Ἠρακλεώτης
1249 2639 1280 2683 v.
1297 2622 1373 2698 121,

232 2722 287 2803 13)
315 2722 440 2799 Πύθεος
463 2744 491 2786 v.
519 2725 588 2788 128.
633 2722 808 2786 Praeterea
835 2722 1036 2806 Pythocrito,
1068 2720 1227 2802 Metione,
1259 2721 1372 2805 Hege-

229 2847 344 2909 sagora
374 2827 558 2891 sacrificulis
588 2827 782 2890 venditiones
815 2827 913 2889 factas
946 2847 1015 2888 esse
1046 2847 1063 2887 c
1095 2847 1124 2889 v.
1154 2828 1201 2888 18.
1226 2829 1279 2891 42.
1306 2831 1370 2891 159

229 2931 393 2996 cernimus.
446 2930 557 3015 Neque
587 2931 682 3014 igitur
714 2952 822 2994 omues
858 2951 940 3014 quae
971 2929 1112 3013 Erythris
1149 2928 1255 2992 factae
1291 2938 1370 2994 sunt

230 3033 475 3098 sacerdotiorum
492 3035 689 3098 venditiones
706 3034 816 3097 titulus
834 3033 972 3096 exbibet.
998 3033 1103 3117 Atque
1118 3031 1369 3117 Hegesagoram

232 3136 358 3220 quidem
382 3159 465 3200 anno
490 3148 562 3202 ante
584 3141 775 3224 Apaturium
798 3139 943 3221 proximo
967 3135 1176 3201 sacrificulum
1201 3136 1302 3201 fuisse
1328 3161 1371 3201 ex

232 3240 330 3304 altero
357 3242 450 3305 titulo
474 3241 673 3327 Erythraeo⁴
697 3249 795 3327 patet.
840 3239 1013 3325 Lapieidae
1035 3240 1130 3323 igitur
1161 3239 1255 3323 eulpa
1289 3243 1374 3307 inter

228 3344 422 3408 sacrificulos
445 3345 652 3410 Theodorum
675 3345 720 3429 (v.
748 3345 861 3427 ulter
885 3346 1077 3428 Apaturium
1101 3343 1144 3425 (v.
1169 3344 1224 3423 99)
1249 3342 1369 3429 Ἀφρο-

230 3448 316 3530 δίτης
341 3448 565 3531 Ποθοχρήστου
589 3450 758 3513 sacerdotii
775 3448 915 3512 venditio
933 3448 1048 3512 omissa
1065 3455 1121 3510 est.
1160 3446 1202 3509 ut
1218 3450 1371 3531 profecto

229 3550 309 3614 hauc
343 3554 542 3635 omissionem
576 3556 644 3617 eius
681 3553 842 3638 lapicidae,
877 3553 930 3637 qui
964 3554 1088 3615 tertiam
1125 3549 1207 3614 tituli
1244 3565 1373 3635 partem

229 3653 375 3734 confecit,
406 3656 626 3741 neglegentiae
657 3657 707 3721 vel
739 3656 809 3719 ideo
834 3655 1035 3719 tribuendam
1060 3674 1130 3716 esse
1154 3661 1245 3736 puto,
1282 3659 1373 3742 quod

232 3794 436 3803 ψ..-

333 3867 340 3897 ¹
361 3865 395 3915 of.
415 3881 438 3915 v.
460 3863 499 3916 13.
518 3863 559 3917 36.
583 3865 639 3917 156.

333 3954 343 3988 ²
363 3952 454 4004 Prima
473 3970 536 4019 pars
556 3969 641 4021 usque
662 3953 696 4004 ad
717 3971 740 4005 v.
754 3953 797 4015 48,
817 3955 905 4005 altera
926 3950 1063 4019 usquead
1084 3950 1163 4006 aon.
1182 3953 1378 4024 tertianisque

230 4034 264 4086 ad
284 4053 308 4087 v.
329 4036 388 4098 113,
408 4043 506 4105 quarta
525 4055 609 4106 usque
630 4040 663 4089 ari
683 4038 763 4090 finem
784 4040 856 4090 tituli
876 4039 1002 4104 pertinet.

331 4123 403 4175 ⁸Sic
424 4125 449 4174 in
471 4131 548 4189 parto
569 4126 610 4176 111
628 4124 734 4178 inerter
752 4131 778 4175 et
799 4126 916 4195 ἐγγυητής
935 4140 984 4189 per
996 4123 1155 4188 compendia
1176 4127 1285 4192 scripta
1301 4139 1379 4195 sunt,

230 4207 266 4258 os.
286 4207 352 4260 Rev.
372 4209 445 4260 arch.
467 4210 592 4262 XXXIII
610 4227 636 4278 p.
659 4211 713 4263 107.
736 4211 790 4263 110.
814 4209 868 4263 116.
889 4209 945 4264 119.

331 4295 393 4347 tet.
414 4296 535 4350 Dittenb.
555 4299 581 4352 S.
600 4298 621 4350 Ι.
642 4299 673 4350 d.
694 4314 718 4349 n.
740 4297 796 4351 iba
