3030 4816
237 287 278 347 40
759 282 849 367 [332]

235 477 362 539 iuuenes
385 476 551 559 desipuere
572 479 626 562 qul
649 499 680 542 se
703 478 860 541 adiuuere
878 477 1038 560 dicontur,
1062 478 1221 543 sectaires
1239 501 1387 565 quorum

238 596 364 663 operam
386 587 414 644 et
436 583 470 644 ia
492 581 568 646 dello
591 590 618 647 et
640 585 676 646 in
698 585 759 647 olio
778 590 806 647 et
822 585 854 647 in
870 585 994 669 nepotio
1009 585 1146 669 populus
1160 586 1200 648 sit
1216 593 1386 668 expertus.

238 680 343 766 (Suet.
365 685 407 750 ib.
432 688 485 769 31,
510 689 576 767 10.)

339 788 440 854 Recte
462 812 538 855 sane
560 792 602 856 ab
625 792 684 857 hac
711 799 801 877 parte
825 791 956 856 Santra:
988 814 1062 857 nam
1093 791 1191 857 verba
1222 792 1280 856 illa
1314 815 1384 858 non

236 892 277 956 ad
307 895 436 960 iuvenes
468 899 625 981 pertinere
660 919 739 962 unus
773 899 903 983 quisque
935 897 1095 962 concedet.
1150 896 1254 981 Scipio
1289 899 1383 963 enim

237 997 407 1063 Africanus
430 1021 513 1064 anno
537 1023 568 1066 u.
593 1023 619 1067 c.
644 1003 706 1065 606
731 999 827 1085 (148)
851 1002 959 1065 consul
981 1008 1105 1066 creatus
1138 1002 1250 1084 viginti
1281 1003 1381 1066 annis

237 1109 307 1186 post
330 1103 464 1187 primam
487 1103 628 1168 Terentii
649 1104 793 1169 fabulam
815 1112 919 1168 actam
943 1110 1017 1169 ante
1041 1105 1217 1189 legitimam
1232 1111 1380 1170 aetatem

238 1209 458 1291 magistratum
480 1210 558 1274 iniit.
603 1211 710 1295 Atque
738 1218 774 1274 ut
804 1210 1014 1274 concedamus
1039 1209 1221 1295 Scipionum
1243 1217 1381 1293 gentem

237 1319 368 1396 propter
392 1333 523 1396 magnas
546 1315 579 1377 in
601 1313 685 1378 bello
708 1336 758 1378 res
774 1322 879 1397 gestas
895 1334 1018 1377 summa
1035 1321 1102 1376 tum
1119 1313 1203 1397 apud
1219 1314 1380 1397 populum

237 1415 341 1497 gratia
370 1422 402 1479 et
433 1416 620 1480 auctoritate
653 1417 793 1481 floruisse
820 1417 914 1501 idque
947 1416 998 1480 vel
1028 1416 1068 1479 ad
1099 1416 1380 1482 adulescentulum

237 1521 424 1605 pertinuisse
453 1519 606 1585 Romanis
634 1522 872 1605 gratissimum,¹
907 1521 1093 1604 praesertim
1125 1521 1178 1604 qui
1209 1520 1380 1604 inpugna

237 1626 322 1708 apud
345 1626 492 1711 Pydnam
515 1627 639 1691 fortiter
661 1648 728 1691 sese
751 1626 909 1711 gesserit,2
940 1632 1047 1689 tamen
1075 1625 1280 1689 haecomnia
1304 1644 1379 1709 pro-

238 1729 320 1794 fecto
343 1731 397 1793 vix
421 1733 495 1794 satis
517 1731 641 1811 valent,
673 1737 708 1793 ut
736 1730 776 1793 ad
801 1730 980 1813 Scipionem
1003 1730 1090 1794 illum
1115 1730 1270 1793 minorem
1293 1729 1380 1794 refe·

237 1839 348 1896 rantur
376 1833 475 1897 verba
501 1834 556 1896 illa
578 1833 681 1896 laudis
705 1832 866 1897 cumulum
889 1833 1084 1896 continentia
1115 1831 1253 1917 ‘quorum
1277 1853 1380 1916 opera

238 1935 271 1997 in
294 1935 377 2000 bello
399 1937 431 1999 in
454 1937 517 2001 otio
540 1938 571 2000 in
588 1938 715 2020 negotio
732 1958 789 2000 suo
807 1938 938 2021 quisque
954 1945 1098 2020 tempore
1113 1957 1187 1999 usus
1203 1935 1268 2017 est,
1292 1957 1378 2020 quae

238 2060 314 2104 sane
329 2041 370 2104 ad
393 2047 567 2126 spectatam
587 2043 830 2124 magistratuum
846 2048 878 2104 et
894 2041 1010 2104 ducum
1025 2042 1174 2104 virtutem
1191 2040 1380 2124 respiciunt.

239 2144 439 2229 Quamquam
463 2167 544 2230 quae
567 2146 698 2209 nomina
721 2145 837 2209 Santra
852 2146 982 2230 profert,
1005 2167 1044 2210 ne
1060 2146 1129 2230 ipsa
1144 2144 1272 2230 quidem
1288 2152 1379 2209 certa

238 2249 391 2311 memoria
414 2250 557 2313 nituntur
580 2250 635 2312 sed
657 2249 721 2313 levi
744 2251 867 2334 prolata
890 2256 963 2313 suut
986 2250 1180 2314 coniectura:
1207 2250 1316 2332 itaque
1339 2257 1378 2314 ut

238 2358 324 2416 certa
346 2344 473 2417 nomina
496 2376 537 2417 ex
560 2355 622 2418 illis
645 2354 843 2418 Terentianis
873 2355 1015 2418 versibus
1046 2355 1223 2436 eliciantur,
1255 2355 1377 2420 nullius

237 2456 419 2542 interpretis
442 2459 503 2522 arti
526 2458 682 2523 succedet.

340 2561 433 2635 Quod
463 2583 539 2626 vero
570 2563 685 2626 Santra
716 2563 811 2647 plane
841 2562 972 2645 negavit
999 2583 1091 2626 usum
1121 2561 1270 2627 Terentio
1301 2585 1377 2629 cum

238 2664 437 2750 Scipionibus
460 2666 566 2747 fuisse,
590 2667 721 2730 nimium
745 2665 886 2730 effecisse
910 2688 951 2730 ex
973 2666 1035 2729 illis
1057 2664 1200 2731 versibus
1224 2667 1301 2730 mihi
1330 2669 1377 2732 vi-

237 2767 339 2833 detur.
384 2768 602 2834 Discernenda
624 2771 709 2833 enim
733 2777 781 2834 est
802 2791 949 2834 versuum
968 2770 1093 2833 illorum
1111 2769 1376 2835 Terentianorum

238 2874 406 2959 explicatio
430 2876 471 2940 ab
489 2876 558 2960 ipsa
574 2877 768 2961 quaestione,
793 2876 921 2960 quinam
937 2875 1080 2939 homines
1095 2873 1216 2939 nobiles
1232 2874 1376 2940 Terentii

237 2977 378 3043 fautores
415 2987 500 3043 certe
537 2979 578 3043 ab
616 2979 805 3043 adversariis
842 2980 1083 3064 intellegantur:
1121 2980 1160 3044 de
1197 2980 1298 3043 altera
1341 3002 1378 3045 re

237 3092 322 3147 recte
345 3085 455 3148 statuit
478 3083 603 3165 Santra,
628 3083 666 3147 de
690 3083 792 3148 altera
815 3085 941 3148 erravit.
990 3084 1190 3148 Consuetudo
1214 3085 1299 3148 enim
1316 3084 1380 3149 Te·

237 3188 331 3251 rentii
354 3209 426 3251 cum
448 3186 606 3251 nobilibus
617 3182 666 3251 'ac
689 3188 828 3251 maxime
853 3187 1063 3272 Scipionibus,
1087 3210 1168 3273 quae
1191 3187 1379 3252 confirmata

237 3312 256 3353 a
279 3291 405 3355 comicis
428 3297 460 3354 et
482 3291 630 3356 litteratis
654 3297 798 3356 veterum
821 3292 1030 3376 posteriorum
1053 3293 1225 3355 memoriae
1249 3291 1377 3377 prodite

237 3399 293 3472 est,
316 3400 363 3458 tot
385 3401 512 3479 tamque
535 3394 686 3476 gravibus
709 3396 896 3459 testimoniis
928 3396 1047 3471 nititur,
1077 3403 1112 3459 ut
1143 3396 1183 3459 de
1214 3416 1252 3458 ea
1285 3395 1376 3459 nullo

237 3496 330 3561 modo
353 3497 492 3560 dubitari
514 3497 618 3561 liceat.
663 3497 824 3561 Firmatur
840 3505 947 3561 autem
963 3497 1162 3561 familiaritas
1178 3499 1246 3582 ipsa
1267 3503 1376 3562 aetate

237 3602 389 3665 iuvenum
411 3602 614 3686 maximeque
638 3603 748 3666 studiis
771 3602 842 3679 illis,
867 3624 947 3686 quae
972 3608 1039 3665 tum
1057 3609 1089 3665 et
1108 3601 1193 3686 apud
1210 3601 1376 3686 Scipiones

236 3705 351 3788 insigni
375 3705 479 3787 gratia
501 3703 743 3773 efflorescebant
766 3712 799 3769 et
814 3727 833 3769 a
849 3711 943 3789 poeta
959 3702 1064 3789 ‘purae
1080 3701 1237 3769 orationis'
1255 3704 1376 3770 studio·

235 3808 358 3873 sissimo
382 3809 575 3891 colebantur,
600 3809 777 3893 exquibus
801 3811 937 3894 primum
961 3806 1120 3873 ‘sermonis
1142 3808 1262 3873 urbani'
1284 3810 1376 3873 notio

236 3919 332 3995 atque
355 3913 403 3977 vis
426 3920 521 3977 enata
544 3919 601 3978 est.
1056 3932 1059 3936 ’

339 4087 404 4138 ¹cf.
423 4088 496 4138 Plut.
516 4087 562 4138 rit.
582 4087 657 4138 dem.
678 4086 768 4138 Paulli
789 4085 830 4146 m,
850 4087 897 4137 ubi
922 4086 956 4137 de
981 4087 1108 4151 Scipione
1134 4086 1216 4137 dicit:
1242 4087 1303 4138 πᾶσι
1331 4084 1380 4156 yde

235 4171 343 4242 ιῖγαστὸς
363 4172 389 4237 ἦν
407 4170 483 4232 stols
501 4174 525 4234 ἓξ
544 4171 619 4242 ἆρχῆς
638 4170 701 4240 πρός
718 4168 848 4242 ἡγεμονίαν
866 4178 906 4225 καὶ
927 4172 1056 4226 πολιτείαν
1072 4169 1106 4231 cr‘c
1126 4176 1196 4230 ἄλλος
1221 4170 1303 4232 οὐδεὶς
1328 4174 1380 4228 τῶν

237 4262 360 4330 συγγενῶν
377 4275 417 4328 sq.

340 4347 403 4399 ²cf.
423 4347 481 4400 Liv.
503 4348 591 4402 XLIV
613 4349 654 4401 ll.
