2956 4822
648 326 739 412 [ru]
1220 329 1261 392 rs

230 518 322 592 Quae
345 539 417 582 cum
439 519 484 582 ita
507 521 579 601 sint,
603 520 636 583 in
652 519 736 585 hunc
752 519 880 585 modum
896 541 1002 586 rernm
1018 519 1160 604 ordipem
1178 540 1262 584 com-

123 623 311 709 ponendum
335 643 405 689 esse
427 645 561 689 censeo:

227 728 380 793 Seleucus
404 750 475 793 cum
499 737 590 813 patre
612 736 740 794 mortno
761 750 894 814 regnum
911 731 1097 814 susciperet,
1120 730 1261 815 undique

123 833 267 896 aduersis
282 833 378 897 rebus
396 833 647 917 opprimebatur.
687 833 767 900 Nam
786 856 857 898 cum
872 835 986 899 Parthi
1007 835 1070 899 iarn
1087 834 1124 899 1..
1141 834 1261 899 Manlio

123 937 269 1002 Vulsone
300 937 336 1003 O.
368 938 466 1002 Atilio
499 939 624 1023 Regulo
657 940 840 1004 oonsulibus
864 968 906 993 =
930 960 958 1004 a.
990 939 1062 1005 oar.
1088 942 1150 1005 250
1182 938 1263 1003 sedi·

121 1041 240 1105 tionem
264 1042 437 1106 mouissent
446 1044 467 1123 ¹,
499 1049 575 1108 tunc
598 1043 807 1109 Ptolemaeus
832 1044 957 1130 Syriam
987 1064 1089 1130 usque
1111 1042 1152 1107 ad
1174 1042 1260 1106 Tau·

122 1167 191 1211 rum
218 1153 360 1210 montem
387 1154 419 1210 et
447 1146 597 1230 deinceps
623 1153 723 1210 terras
747 1148 926 1231 superiores
951 1154 1039 1211 trans
1062 1146 1261 1230 Euphratem

124 1249 308 1334 occupauit,
341 1249 450 1313 classis
482 1250 644 1333 Aegyptia
677 1249 893 1315 Chremonide
926 1249 1027 1314 duee2
1058 1249 1198 1314 Ciliciam
1230 1256 1263 1312 et

123 1354 218 1418 urbes
242 1354 275 1417 in
298 1354 397 1418 Asiae
420 1354 548 1419 minoris
573 1360 605 1419 et
622 1352 778 1418 Thraciae
801 1374 857 1417 ora
880 1354 1039 1418 maritima
1054 1353 1131 1419 sites
1147 1353 1263 1440 partim

123 1460 172 1538 ui,
200 1460 315 1544 partim
345 1458 528 1523 ciuitatibus
558 1458 731 1523 aSeleuco
760 1458 981 1524 deficientibus
1013 1459 1106 1543 cepit.
1153 1458 1261 1543 Atque

123 1585 160 1630 eo
182 1574 327 1648 tempore
348 1565 441 1629 etiam
459 1562 658 1646 Magnesiam
676 1562 863 1648 Sipylenam
879 1562 1051 1628 desciuisse
1074 1562 1261 1627 uerisimile

124 1675 182 1734 est.
227 1668 373 1753 Denique
397 1669 576 1733 Antiochus
599 1668 726 1732 Seleuci
749 1665 858 1747 frater,
882 1688 1075 1754 quamquam
1103 1688 1167 1733 non
1190 1666 1262 1751 plus

124 1796 217 1860 quam
240 1772 324 1838 XIV
347 1795 448 1838 annos
472 1773 600 1852 natns⁸,
631 1773 805 1837 adiuuante
832 1792 904 1836 eum
934 1772 1061 1838 matre⁴
1091 1779 1123 1836 et
1153 1771 1262 1835 matris

121 1879 220 1943 fratre
244 1877 440 1956 Alexandro,
456 1877 579 1962 Lydiae
602 1877 799 1963 praefectol,
823 1877 912 1963 regni
935 1885 1060 1962 partem
1084 1876 1145 1940 sibi
1161 1874 1263 1940 uindi-

122 1984 218 2064 cauit,
240 1983 331 2066 regio
355 1982 482 2046 nomine
506 1991 681 2067 assumpto,
706 1989 737 2046 et
753 1982 847 2045 armis
871 2002 942 2045 curn
965 1982 1065 2045 fratre
1084 1980 1258 2046 dimicauit.

123 2088 229 2173 Atque
262 2086 417 2152 Seleucus
451 2087 587 2171 primum
621 2087 749 2172 quidem
779 2086 971 2168 Hieracem,
1006 2086 1058 2170 qui
1094 2084 1261 2150 Gallorum

122 2192 415 2256 mercennariorum
432 2211 598 2255 nnmerum
614 2193 689 2255 satis
705 2212 856 2276 magnum
874 2190 1082 2268 conduxerat,
1105 2190 1137 2254 in
1158 2188 1262 2275 Lydia

122 2296 287 2378 superauit
310 2292 405 2378 (246)
414 2294 437 2377 ⁰,
460 2295 517 2359 sed
540 2317 644 2380 neque
668 2294 794 2377 Sardes,
827 2316 906 2379 quas
929 2293 1126 2374 Alexander,
1156 2314 1261 2378 neque

121 2399 297 2485 Ephesum,
321 2421 417 2484 quarn
433 2400 587 2485 Aegyptii
609 2400 774 2482 tenebant,
798 2400 984 2466 obsessione
1006 2419 1123 2482 capere
1144 2398 1259 2481 potuit.

122 2502 248 2567 Deinde
271 2503 498 2580 Mithridatem,
528 2524 633 2588 aquo
656 2504 837 2570 Antiochus
867 2504 1021 2569 auxilium
1052 2503 1175 2568 interea
1204 2503 1260 2565 im·

121 2613 318 2691 petrauerat,
341 2608 373 2671 in
398 2605 603 2694 Cappadocia
626 2629 819 2692 congressus
842 2606 959 2672 deuicit
983 2607 1090 2689 (245).

224 2710 352 2776 Interea
374 2711 582 2777 Ptolemaeus
606 2713 699 2797 Syria
723 2721 755 2778 et
776 2714 1013 2799 Mesopotamia
1039 2711 1139 2798 captis
1163 2707 1259 2792 (246)

121 2814 302 2899 superiores
336 2814 434 2879 Asiae
467 2822 575 2900 partes
608 2817 788 2898 inuaserat,
821 2815 1050 2902 Babyloniam,
1084 2813 1260 2892 Susianam‚

122 2917 276 2999 Mediam,
307 2917 451 2983 Persiam
482 2919 676 3003 peragrabat
705 2919 854 3004 (245l4),
886 2920 1028 3006 undique
1057 2938 1149 2984 sacra
1178 2937 1260 3003 quae

226 3182 234 3215 ¹
254 3178 350 3231 lustin.
362 3181 405 3242 tl,
417 3181 443 3243 4,
455 3180 481 3234 3.
502 3182 536 3233 of.
557 3181 684 3246 Droysen
698 3180 741 3233 Ill
757 3182 778 3240 l,
792 3179 886 3249 totsq.
919 3180 1070 3247 Appianus,
1083 3180 1131 3248 qui
1146 3179 1205 3247 Syr.
1224 3177 1259 3232 do

121 3265 147 3316 ei
160 3266 277 3331 tempori
296 3266 349 3317 hoo
368 3265 465 3318 tribuit
484 3282 537 3333 quo
556 3267 729 3319 Ptolemaeus
748 3282 860 3333 regnum
880 3266 988 3319 Seleuci
1006 3266 1159 3330 inuaderet,
1178 3267 1259 3331 regni

122 3351 317 3404 Arsacidarum
335 3351 443 3404 initium
463 3354 556 3418 potius
576 3369 656 3420 qnam
676 3354 789 3419 primam
804 3352 985 3405 desectionem
998 3359 1127 3420 spectare
1142 3351 1258 3406 uidetur.

224 3438 236 3474 ²
254 3437 373 3490 Menum.
393 3438 495 3491 Adulit.
515 3457 541 3491 v.
559 3439 584 3493 9.
620 3439 746 3494 Niebuhr
763 3441 820 3494 Scr.
840 3441 902 3493 min.
921 3442 935 3493 Ι
953 3458 979 3507 p.
997 3440 1050 3495 453
1068 3458 1127 3510 sqq.

224 3523 294 3576 ¹Ao
313 3524 366 3575 hoe
386 3531 492 3592 tempus
511 3542 570 3577 curn
590 3525 716 3594 Koeppio
736 3528 773 3595 (p.
786 3525 848 3593 224)
867 3528 965 3581 Iustini
984 3528 1070 3580 uerba
1082 3526 1125 3593 27,
1143 3526 1195 3590 27
1214 3545 1258 3582 re·

120 3609 236 3662 terenda
255 3625 316 3661 esee
334 3625 443 3663 censeo.

222 3696 235 3732 ⁴
251 3695 394 3748 Plutarch.
408 3695 442 3748 de
455 3698 518 3750 frat.
533 3713 627 3750 amore
640 3716 666 3766 p.
679 3697 730 3752 489
740 3703 770 3751 A.
798 3700 923 3766 Droyeen
938 3701 955 3752 l.
970 3716 993 3752 c.
1007 3717 1032 3767 p.
1047 3698 1105 3754 389.
1134 3701 1258 3754 Ceterum

120 3782 339 3847 animaduertes,
364 3786 435 3850 quod
465 3784 650 3852 Hieronymus
675 3787 691 3837 l.
711 3803 734 3838 c.
760 3785 826 3838 dicit
852 3783 987 3839 ‘Callinici
1012 3789 1058 3855 qui
1085 3803 1143 3840 cum
1170 3791 1259 3840 matre

121 3868 241 3921 Laodice
260 3868 396 3936 regnabat
415 3872 441 3922 in
461 3868 558 3938 Syria'

223 3955 361 4008 ⁶Auoher
380 3956 415 4007 ad
435 3957 535 4010 Mnaeb.
553 3959 571 4010 l.
584 3975 606 4010 o.
627 3956 651 4023 (1
670 3974 695 4025 p.
708 3958 779 4023 346).
810 3961 844 4011 cf.
858 3959 984 4013 Schoens
1003 3960 1016 4011 1
1035 3977 1061 4027 p.
1079 3959 1129 4014 251
1149 3960 1213 4013 adn.
1231 3961 1257 4016 3.

120 4040 244 4094 Niebuhr
256 4043 273 4094 l.
293 4059 316 4096 c.
330 4060 355 4110 p.
372 4041 424 4097 280
441 4060 480 4111 sq.
520 4043 711 4112 Waddington
730 4045 766 4097 ad
787 4047 896 4099 titulum
916 4047 1124 4114 Bargylieuaem
1143 4047 1181 4098 Le
1195 4049 1257 4114 Bas,

121 4129 186 4179 Asia
205 4128 268 4179 min.
287 4126 320 4180 87
340 4144 364 4180 r.
383 4128 425 4180 47.
461 4129 558 4197 Koepp
580 4132 598 4183 l.
617 4146 640 4182 o.
658 4148 684 4198 p.
704 4130 762 4185 224.

224 4213 235 4247 ⁶
262 4215 402 4267 Annorum
430 4218 550 4268 numeris
578 4233 646 4285 qnos
673 4235 764 4272 rerum
794 4224 936 4287 gestarum
963 4221 1116 4274 narrationi
1139 4223 1269 4274 inserere

123 4303 237 4351 conatus
272 4317 344 4366 enm,
382 4304 526 4373 plerisque
561 4321 616 4358 uon
653 4305 783 4359 maiorem
819 4323 899 4375 quem
929 4308 1150 4362 coniecturarum
1179 4308 1260 4363 fidem

122 4386 235 4440 tribuae.
