2956 4822
657 291 753 377 [rac]
1233 296 1274 358 aa

138 486 275 551 suntab
300 487 344 550 eis
367 486 496 550 urbibus
520 507 599 570 quas
620 509 682 552 non
708 486 811 551 solum
838 494 874 550 ut
899 508 998 569 regna
1021 508 1079 550 sua
1102 486 1274 564 firmarent,

139 591 193 655 sed
225 590 469 674 adaugendam
495 592 648 654 Graecam
673 590 886 654 urbanitatem
910 597 941 654 et
968 597 1053 655 artes
1084 591 1170 674 pacis
1199 613 1272 674 pro·

139 695 313 759 monendas
336 715 430 777 reges
452 695 551 758 Asiae
574 693 796 759 condiderunt.
949 760 950 765 γ

193 882 196 887 Α
238 799 411 862 Praeterea
445 798 629 861 mirabimur
665 799 778 882 opinor
811 797 948 883 quodam
981 797 1075 861 modo
1115 798 1147 879 1)
1177 819 1273 881 agros

134 905 205 968 illos
239 905 279 967 ab
309 902 470 967 Antiocho
506 904 687 985 assignatos
721 909 797 965 ante
832 923 887 966 eos
920 902 1158 967 commemorari
1193 923 1273 986 quos

135 1007 308 1072 secundum
320 1007 527 1091 Droysenum
540 1006 728 1069 Alexander
740 1005 878 1090 Magnus
892 1007 1011 1071 colonis
1023 1005 1273 1087 condonauerat,

134 1113 229 1176 immo
269 1110 413 1174 ordinem
446 1111 610 1173 inuersum
646 1109 924 1194 exspectabamus:
970 1109 1006 1189 2)
1039 1109 1152 1172 deinde
1188 1110 1272 1172 uiam

132 1222 250 1281 rectam
274 1216 495 1281 demonstrant
517 1215 586 1299 ipsa
610 1214 689 1278 haec
713 1214 813 1277 uerba
835 1216 903 1293 περὶ
933 1203 968 1278 οὗ
992 1213 1197 1295 Ἀλέξανδρος
1227 1240 1273 1296 ye-

134 1320 302 1405 ypdpqarv,
336 1321 452 1404 quippo
485 1341 568 1404 quaa
591 1318 677 1383 aliud
707 1319 783 1403 quid
814 1318 994 1402 significent
1029 1328 1124 1403 atque
1159 1340 1272 1403 „quem

133 1427 310 1491 Antiochus
335 1427 379 1490 eis
396 1426 551 1490 concessit
570 1423 827 1506 (ἕοεχιόρηυεν).“
864 1424 944 1506 Agri
960 1425 1043 1488 enim
1060 1426 1128 1488 eius
1144 1425 1272 1490 nomine

133 1531 289 1617 appellari
311 1530 462 1594 uidentur
485 1530 575 1594 cuius
593 1552 712 1594 nomen
736 1530 900 1614 diplomati
917 1550 979 1612 quo
996 1530 1148 1613 assignati
1172 1537 1272 1608 crant,

132 1636 362 1720 praescriptum
386 1643 464 1700 crat.
510 1634 554 1698 Hi
586 1635 683 1718 igitur
712 1656 730 1697 a
760 1655 833 1719 rege
866 1637 934 1718 ipso
966 1634 1087 1699 colonis
1119 1619 1271 1697 adtributi

133 1746 232 1818 orant,
252 1741 324 1804 illos
341 1741 424 1824 regis
440 1740 528 1804 iussu
545 1739 695 1823 (fortasse
712 1739 864 1805 Antiochi
880 1740 928 1821 II)
943 1739 1133 1806 Alexander
1149 1738 1271 1824 Lydiae

132 1844 312 1929 praelectus
336 1843 382 1925 (v.
405 1845 533 1908 titulum
550 1844 792 1930 Bargyliensem
808 1866 906 1929 supra
927 1866 959 1930 p.
983 1847 1024 1908 88
1042 1841 1189 1928 citatum)
1212 1845 1279 1908 mi·v

133 1950 241 2013 litibus
264 1950 493 2033 assignauerat.

236 2052 389 2117 Ceterum
413 2053 634 2137 interpretatio
648 2054 747 2117 totius
763 2052 824 2117 loci
840 2073 869 2118 v.
895 2055 1065 2118 roo-102
1081 2053 1158 2118 satis
1175 2052 1273 2117 dubia

134 2163 191 2221 est.
242 2156 380 2222 Tantum
413 2158 563 2221 affirmari
593 2164 715 2241 potest,
749 2157 847 2222 fuisse
877 2159 908 2220 in
938 2158 1072 2223 castello
1106 2156 1272 2220 Palacma·

133 2261 262 2344 gnosiae
284 2267 410 2347 praeter
434 2263 566 2327 colonos
592 2263 688 2327 etiarn
712 2263 828 2328 milites
852 2263 905 2346 qui
929 2262 1088 2347 stipendia
1106 2263 1272 2325 etiamtum

133 2366 285 2446 lacerent,
310 2387 347 2430 eo
371 2372 478 2430 autom
502 2372 646 2449 tempore
669 2387 688 2430 a
711 2366 839 2448 legione
856 2367 1016 2449 segregati
1040 2374 1072 2430 et
1095 2365 1135 2429 ad
1152 2367 1272 2450 praesi-

134 2469 220 2532 dium
244 2469 322 2533 illud
348 2471 433 2533 missi
458 2477 574 2535 essent.
611 2470 704 2535 Haeo
727 2471 809 2534 enim
834 2478 881 2534 est
896 2470 1038 2535 Timonis
1061 2471 1175 2536 cohors
1191 2492 1272 2555 quae

133 2574 247 2639 dicitur
271 2573 298 2638 oi
326 2573 560 2656 ἅποταχθὲυτες
601 2571 664 2637 a‘nd
694 2581 749 2657 τῆς
781 2572 934 2658 φάλαγγος
965 2577 1016 2638 ἐπὶ
1043 2572 1101 2658 τήν
1134 2570 1273 2658 φυλακὴν

132 2684 187 2741 τοῦ
215 2680 352 2761 χωρίου·
393 2677 570 2761 eademque
606 2678 792 2742 condicione
824 2677 944 2742 Persae
979 2679 1038 2743 sub
1072 2679 1195 2744 Omana
1229 2679 1272 2742 ibi

132 2783 279 2846 collocati
303 2803 374 2846 esse
398 2782 556 2846 uidentur.
604 2782 646 2845 Hi
670 2784 766 2866 igitur
790 2803 895 2868 neque
925 2783 1028 2849 coloni
1052 2790 1142 2847 erant
1164 2805 1271 2868 neque

134 2887 292 2951 ueterani:
322 2892 488 2972 praeterea
518 2894 625 2950 autem
656 2887 841 2951 colonorum
865 2889 1007 2972 ipsorum
1029 2885 1156 2972 quidam
1179 2885 1271 2971 ἀκλη-

131 2987 274 3073 ρούχητοι
298 3010 367 3054 esse
390 2989 546 3068 dicuntur,
571 2990 686 3074 quibus
702 2991 868 3074 Smyrnaei
891 3012 986 3076 agros
1010 2991 1134 3057 castelli
1157 2991 1271 3056 tinibus

132 3094 254 3157 uicinos
279 3115 312 3158 se
336 3095 555 3178 assignaturos
579 3116 649 3158 esse
673 3096 880 3178 promittunt:
905 3097 958 3180 qui
981 3095 1117 3162 fortasse
1140 3097 1270 3178 ἐπίγονοι

131 3197 268 3261 minores
298 3207 377 3261 natu
409 3198 461 3261 uel
484 3206 610 3281 patrum
635 3199 841 3283 superstitum
865 3200 918 3262 uel
951 3200 1055 3264 coloni
1077 3200 1183 3265 nescio
1207 3222 1269 3285 quo

132 3301 227 3366 modo
258 3300 343 3385 agris
373 3303 490 3387 priuati
513 3310 613 3368 arant.

234 3403 429 3470 Colonorum
450 3407 549 3489 igitur
571 3427 645 3490 pars
670 3405 709 3469 ab
734 3405 896 3472 Antiocho
920 3408 948 3490 Ι,
971 3429 1045 3493 pars
1068 3407 1109 3472 ab
1129 3407 1271 3471 Alexan·

130 3508 187 3572 dro
203 3509 327 3595 Lydiae
343 3510 504 3592 praelecto
522 3509 652 3575 heredia
667 3520 836 3595 acceperat
851 3547 886 3554 —
902 3513 946 3575 ita
961 3512 1055 3593 enim,
1071 3533 1176 3596 neque
1191 3532 1268 3577 uero

132 3612 172 3677 de
189 3612 270 3676 binis
287 3612 423 3676 herediis
440 3613 571 3697 singulis
589 3612 770 3679 hominibus
786 3615 965 3698 assignatis,
983 3615 1053 3680 illos
1070 3615 1125 3680 δύο
1140 3613 1270 3703 κλήρους

130 3717 324 3800 intellegam.
371 3716 452 3781 Tum
477 3718 516 3782 de
540 3719 635 3807 tertio
669 3738 747 3801 agro
779 3719 879 3782 uerba
907 3719 1003 3800 fiunt,
1035 3741 1130 3804 quem
1159 3726 1269 3785 tenere

130 3819 276 3884 dicuntur
299 3820 325 3883 oi
349 3819 494 3903 πρότερον
517 3819 601 3898 ὄντες
624 3824 662 3902 ἐμ
679 3823 858 3906 Μαγνησίαι
881 3819 1019 3886 κὰιόοκοι.
1056 3822 1145 3896 Quos
1168 3824 1267 3889 κατοί-

128 3947 195 4000 κους
218 3945 290 3988 cum
313 3924 496 3990 Boeckhius
520 3926 670 4011 pristinos
686 3927 808 3990 incolas
824 3927 903 3991 urba
919 3929 987 4011 ipsa
1005 3927 1156 4011 expulsos
1171 3935 1268 4013 atque

129 4028 245 4091 alicubi
269 4029 301 4091 in
326 4031 411 4114 egris
435 4030 612 4095 habitantes
636 4030 733 4095 fuisse
758 4032 927 4112 censuerit,
954 4032 999 4093 ita
1021 4033 1089 4096 sine
1112 4031 1210 4096 dubio
1233 4041 1269 4097 ut

128 4131 320 4217 Smymaeos
342 4133 463 4198 faceret
486 4135 724 4220 promittentes,
758 4158 792 4200 se
815 4136 934 4202 incolas
958 4136 1030 4201 illos
1053 4137 1138 4218 agris
1161 4137 1267 4221 priua·

29 4277 31 4279 >
129 4241 217 4300 turos
241 4244 272 4301 et
292 4237 597 4323 Palaemagnetibus
622 4239 752 4304 eosdem
776 4239 1011 4305 condonaturos
1032 4261 1113 4321 esse,
1136 4262 1267 4307 monen-

130 4338 284 4407 domest:
313 4341 343 4426 l)
370 4343 525 4421 κατοίκους
549 4343 679 4409 colonos
694 4344 847 4411 militares
862 4365 940 4425 esse,
963 4366 1027 4410 non
1044 4346 1201 4433 quoslibet
1223 4348 1269 4413 in·
