2954 4816
246 1337 367 1402 uorum
397 1337 512 1425 quibus
536 1336 631 1403 hodie
655 1338 702 1403 uti
725 1338 800 1404 licet
833 1337 1046 1404 subsidiorum
1077 1337 1116 1402 ad
1140 1337 1281 1404 Terentii

144 1442 269 1509 fabulas
295 1441 511 1508 emendandas
545 1447 670 1507 constat
693 1463 756 1507 non
780 1463 884 1527 pauca
914 1441 1018 1507 redire
1053 1440 1094 1505 ad
1117 1443 1279 1508 saeculum

144 1569 174 1631 p.
189 1546 262 1611 Chr.
288 1568 319 1613 n.
345 1553 505 1632 quartum.
550 1544 634 1610 Nam
658 1552 693 1610 ut
717 1554 841 1610 taceam
865 1545 1004 1613 codicem
1021 1545 1162 1611 Terentii
1185 1545 1280 1610 Bem-

144 1652 252 1716 binum
276 1648 337 1734 (A)
363 1651 504 1716 omnium
528 1654 687 1735 quotquot
709 1649 919 1714 innotuerunt
941 1650 1203 1735 antiquissimum,
1228 1649 1281 1734 qui

145 1761 259 1842 quarto
284 1754 438 1840 quintoue
461 1754 590 1818 saeculo
615 1759 766 1818 exaratus
788 1752 916 1817 uidetur
940 1775 1026 1818 esse:
1054 1758 1086 1818 et
1108 1752 1189 1819 Aelii
1214 1751 1282 1818 Do·

144 1859 211 1922 nati
227 1864 442 1922 commentum
459 1857 555 1922 uariis
571 1857 645 1922 satia
669 1857 879 1944 deprauatum
904 1866 936 1921 et
954 1857 1113 1922 uberrima
1129 1877 1281 1921 uersuum

144 1961 411 2026 Terentianorum
435 1961 587 2025 memoria
620 1961 705 2045 apud
736 1959 873 2026 Nonium
902 1961 1089 2025 Marcellum
1101 1962 1121 2043 ¹,
1145 1960 1281 2025 Marium

143 2064 356 2147 Victorinum,
374 2063 562 2141 charisium,
580 2064 781 2147 Diomedem,
808 2064 1001 2130 Anneianum
1017 2064 1179 2146 Messium,
1201 2064 1281 2130 alios

144 2177 272 2234 seruata
296 2167 336 2233 ad
360 2167 440 2233 illud
461 2168 626 2233 saeculum
651 2169 801 2254 pertinet.

247 2271 299 2337 Ex
322 2271 437 2356 quibus
460 2291 543 2357 quae
566 2269 652 2356 apud
667 2270 808 2336 Nonium·
836 2271 867 2333 in
890 2268 979 2334 libris
1001 2269 1039 2334 dc
1062 2271 1281 2356 compendiosa

146 2377 295 2441 doctrina
315 2397 373 2460 par
395 2377 519 2440 litterae
542 2376 586 2440 ad
598 2376 706 2460 fitium
733 2375 918 2459 conscriptis
941 2380 1079 2455 exstant,
1102 2375 1281 2439 accuratius

143 2480 188 2544 ita
210 2479 423 2564 perlustrabo,
447 2485 483 2543 ut
505 2480 611 2563 priore
637 2479 741 2564 capite
764 2499 856 2563 agam
875 2477 914 2542 de
937 2476 1123 2544 condicione
1144 2486 1175 2544 et
1197 2478 1280 2561 satia,

145 2583 322 2669 posteriore
352 2581 393 2647 de
425 2584 617 2648 auctoritate
649 2581 822 2647 memoriae
853 2580 1065 2647 Terentianae
1094 2582 1180 2668 apud
1215 2580 1280 2648 No·

145 2689 233 2753 nium
256 2694 414 2752 seruatae.

248 2790 406 2856 Guilelmo
451 2798 559 2855 autem
608 2787 829 2855 Studemundo
873 2790 1073 2876 praeceptori
1119 2789 1281 2856 carissimo

145 2895 352 2981 quantumin
388 2895 447 2959 hoo
481 2895 638 2979 opusculo
663 2893 859 2959 conficiendo
895 2895 1048 2977 debeam,
1078 2895 1154 2979 quin
1188 2900 1280 2979 grato

146 2999 250 3065 animo
274 2981 378 3086 palam
402 2999 563 3084 profitear,
586 2997 840 3084 praetermittere
863 3017 927 3062 non
949 3018 1090 3083 possum.

637 3292 742 3356 carun
768 3308 789 3355 1.

679 3480 750 3563 §a

251 3636 346 3712 Quod
385 3660 457 3702 cum
491 3638 626 3703 aliorum
660 3637 836 3722 priscorum
870 3643 1037 3721 poetamm
1074 3644 1141 3701 tum
1174 3637 1282 3701 Plauti

147 3764 259 3809 uersus
282 3745 383 3809 multo
408 3745 516 3829 plures
539 3765 558 3806 a
581 3741 684 3809 Nonio
708 3741 867 3806 rarissima
903 3763 1050 3827 quaeque
1075 3746 1107 3806 et
1132 3740 1283 3806 inusitata

146 3847 305 3914 uocabula
335 3853 486 3933 captante
517 3845 638 3911 laudati
669 3852 744 3911 sunt
758 3837 759 3840 ¹
774 3866 869 3931 quam
897 3843 1049 3927 Terentii,
1083 3844 1139 3908 uia
1168 3845 1282 3910 mirum

250 4056 397 4110 ¹Nonium
416 4053 536 4108 eiusdem
556 4068 616 4106 asae
640 4054 745 4107 saeculi
769 4056 797 4106 et
825 4051 928 4104 dudum
945 4050 1120 4105 ‘credebatur
1145 4056 1172 4105 et
1195 4069 1283 4121 nuper

147 4143 330 4197 Mommsenua
353 4141 392 4207 (G.
418 4142 440 4194 1.
466 4141 495 4192 L.
516 4141 585 4194 VIII
609 4138 681 4194 4878
701 4159 735 4184 =
760 4141 879 4193 Hermae
912 4139 982 4192 XIII
1007 4137 1071 4203 559)
1101 4138 1178 4192 nisae
1203 4141 1282 4193 titulo

146 4229 310 4283 Thubursici
334 4229 511 4283 Numidarum
530 4230 655 4294 reperto,
673 4227 721 4295 qui
744 4243 761 4278 a
784 4226 874 4280 Nonio
896 4225 1027 4281 Marcello
1046 4226 1184 4281 Herculeo
1209 4242 1282 4283 anno

146 4315 197 4371 323
217 4315 359 4371 dedicatus
377 4319 427 4382 cat,
446 4315 629 4384 probabiliter
647 4314 773 4370 coniecit.
