2962 4800
298 1347 524 1421 Quaestionem
556 1346 595 1409 de
626 1347 796 1409 enuntiatis
829 1346 1099 1410 condicionalibus
1128 1346 1233 1409 latinis
1257 1368 1327 1410 enm

196 1452 286 1514 multi
305 1451 448 1534 aggressi
471 1450 532 1512 sint
556 1449 699 1512 homines
715 1449 809 1530 docti,
833 1450 966 1513 multum
985 1449 1085 1530 abest,
1110 1457 1144 1511 ut
1161 1450 1326 1533 quisquan}

195 1554 234 1616 ad
259 1554 353 1617 finem
369 1552 563 1636 perduxerit.
602 1551 684 1614 Nam
701 1573 804 1636 neque
821 1552 982 1634 enallages
998 1552 1152 1631 doctrina,
1175 1573 1237 1634 qua
1253 1553 1328 1614 olim

194 1656 234 1719 ad
259 1656 413 1739 quasdam
436 1661 608 1738 syntaxeos
632 1654 750 1718 formas
781 1654 985 1736 explicandas
1012 1656 1209 1737 grammatici
1240 1655 1328 1717 abuti

195 1759 360 1838 solebant,
394 1765 502 1820 nostra
537 1765 643 1820 aetate
680 1758 819 1821 omnium
855 1779 1011 1821 consensu
1044 1759 1189 1839 reicitur,
1224 1779 1328 1842 neque

195 1861 357 1924 dubitatur·
388 1861 514 1944 linguae
546 1861 662 1923 latinae
691 1862 899 1944 proprietates
931 1882 970 1924 ex
1004 1882 1118 1942 graeca
1150 1862 1326 1944 explicare3

194 1985 385 2048 quamquam
407 1965 439 2025 in
462 1964 530 2027 dies
546 1973 682 2046 augetur
699 1985 809 2027 eorum
827 1985 984 2045 numerus,
1008 1965 1122 2048 quibus
1140 1986 1328 2048 persuasum

195 2075 244 2131 est
266 2069 390 2149 linguas
414 2088 560 2149 graecam
584 2078 617 2129 et
640 2067 768 2130 latinam
792 2067 864 2130 inde
895 2068 935 2130 ab
959 2068 1183 2152 antiquissimis
1207 2074 1326 2150 tempo-

197 2173 284 2235 ribus
308 2171 450 2254 eoepisse
474 2171 603 2232 alteram
628 2170 669 2232 ab
693 2171 794 2232 altera
817 2171 898 2236 adeo
916 2171 1076 2251 secedere,
1101 2178 1136 2233 ut
1154 2177 1327 2255 syntaxeos

194 2271 404 2337 diversissima
433 2274 514 2335 ratio
547 2273 708 2336 evaderet.
757 2275 862 2358 Atque
881 2276 1024 2363 xmnltnrrr
1056 2275 1206 2354 contulit,
1238 2280 1272 2334 ut
1296 2275 1327 2336 in

193 2398 300 2440 errore
323 2384 526 2442 versarentur
542 2376 749 2458 grammatici,
773 2399 883 2440 eorum
899 2377 1052 2454 doctrina,
1075 2379 1129 2460 qui
1147 2376 1324 2440 Godolredi

193 2479 357 2542 Hermann
389 2479 506 2541 umeris
537 2479 635 2541 innixi
664 2480 854 2561 scriptorum
885 2500 1063 2542 sermenem
1089 2480 1211 2560 logicae
1242 2500 1325 2561 quae

193 2582 307 2644 dieitur
330 2581 494 2644 doetrinae
517 2581 639 2663 legibus
663 2582 858 2644 metiendum
882 2603 952 2644 esse
975 2582 1215 2644 contenderunt.

295 2682 389 2745 Adde
421 2683 524 2766 quod,
557 2705 627 2745 eum
662 2682 794 2746 eandem
825 2683 969 2746 omnibus
1000 2685 1196 2765 temporibus
1227 2682 1325 2746 fuisse

192 2785 365 2849 formarum
403 2786 540 2849 indolem
578 2807 680 2868 neque
716 2787 882 2869 quiequam
921 2794 1076 2849 mutatum
1114 2807 1181 2848 esse
1218 2787 1326 2869 epina-

192 2895 309 2967 rentnr·,
333 2888 376 2951 sie
399 2888 466 2951 iere
489 2890 632 2972 plerique
656 2890 729 2950 elim
753 2890 986 2975 inquisiverunt
1010 2891 1039 2950 in
1059 2889 1144 2970 leges
1167 2910 1324 2971 gramma·

192 2993 281 3065 ticos,
304 2998 340 3053 ut
362 2991 481 3053 nnllam
503 2998 559 3054 aut
574 2992 691 3054 aetatis
715 3013 777 3075 qua
793 2994 967 3076 scripsisset
990 3000 1102 3054 auctor
1118 2998 1174 3053 ant
1198 2994 1324 3074 generis

193 3094 343 3158 orationis
367 3093 453 3179 quod
477 3101 613 3158 amasset
636 3098 793 3158 rationem
818 3095 978 3157 haberent.

294 3197 415 3260 Verum
455 3204 624 3281 postquam
659 3199 822 3279 cognitum
856 3210 919 3277 est,
960 3206 1113 3281 quantum
1149 3198 1325 3261 intercedat

192 3300 375 3363 discriminis
392 3300 473 3362 iuter
489 3302 638 3383 syntaxin
654 3301 833 3363 Plautinam
852 3308 883 3364 et
899 3300 1149 3376 Ciceronianam,
1173 3301 1212 3362 de
1228 3301 1322 3364 unius

192 3403 299 3465 Plauti
316 3403 485 3465 enuntiatis
503 3403 769 3466 eorrdieienalibus
785 3404 904 3485 primus
921 3403 1068 3466 disseruit
1091 3402 1322 3465 Rotlrlreimerl

191 3515 401 3587 accurateque
424 3507 622 3587 singulorum
645 3527 797 3588 generum
819 3507 967 3587 exempla
987 3506 1154 3587 congessit.
1200 3504 1321 3568 Tamen

190 3630 230 3672 ne
243 3609 461 3692 quaestionem
474 3608 662 3689 absolveret,
675 3609 900 3691 impedimento
912 3608 980 3686 fuit,
996 3610 1079 3692 quod
1094 3608 1323 3670 Ciceronianae

191 3712 377 3775 elocutionis
409 3711 519 3775 sedulo
549 3713 783 3795 comparandae
814 3712 970 3774 rationem
1005 3732 1067 3774 non
1100 3711 1220 3774 habuit.
1275 3709 1324 3771 Ac

189 3836 228 3877 ne
252 3817 277 3877 is
302 3814 440 3899 quidem,
464 3815 609 3896 quicum
634 3815 719 3877 hunc
735 3821 799 3876 tum
818 3813 1001 3895 Ussingium
1019 3815 1211 3897 vituperans,
1236 3812 1320 3896 quod

190 3924 362 4000 congestae
391 3919 496 4000 potius
529 3940 622 4002 qnam
647 3916 790 4000 digestae
812 3918 920 3979 variae
944 3916 1178 3979 enuntiatorum
1202 3917 1323 3979 formae

190 4082 395 4090 ..κ-...μ--α

296 4179 304 4211 ¹
323 4176 513 4239 Rothheimer‚
532 4175 566 4226 de
585 4178 731 4227 enuntiatis
752 4175 987 4227 condicionalibns
1007 4173 1150 4225 Plautinis.
1171 4174 1242 4224 Dies.
1256 4175 1322 4226 Got-

189 4264 256 4330 ting.
278 4263 351 4314 1874.

1188 4343 1222 4396 tgr
