2970 4814
536 333 578 344 -
624 290 712 382 [aaa]
733 250 735 255 ¹
760 331 799 343 -
1194 295 1234 359 sa

97 493 131 552 ct
145 509 177 572 q.
194 508 281 572 seq.;
305 487 419 555 eadem
442 488 512 553 iare
536 494 668 553 exstant
691 487 793 552 verba
815 487 848 550 in
863 484 916 552 Et.
930 484 975 550 M.
994 488 1065 566 711,
1078 489 1132 549 54:
1151 533 1158 548 .
1176 535 1184 550 .
1201 535 1208 550 .
1226 535 1233 550 .

96 585 119 678 ἢ
144 585 238 677 παρὰ
267 584 306 657 τό
333 593 437 677 σιγᾶν,
471 581 539 679 αἷς,
559 588 628 656 έστι
656 590 751 677 σιμόν
779 587 835 655 καί
869 585 971 675 λέγειν
999 580 1233 675 ἀνοιγομέναις.

97 694 304 759 Gaisfordius
321 696 432 761 sensui
451 716 614 781 perverso,
639 716 736 781 quem
753 692 864 774 rerba,
887 693 997 779 qualia
1013 692 1133 757 tradita
1149 700 1234 772 suut,

96 799 265 884 praebent,
289 800 335 864 ita
357 798 519 864 medelam
542 798 660 864 afferre
684 803 818 863 conatus
839 803 899 877 est,
922 802 959 860 ut
973 796 1234 883 interpunctione

96 903 181 967 iuter
195 903 289 988 σιγᾶν
304 909 338 968 ε1
352 900 407 967 καί
421 909 578 968 uteretur.
610 902 715 977 Quem
733 894 896 983 mendum,
913 901 999 988 quod
1012 902 1103 980 latet,
1119 920 1233 986 parum

96 1028 231 1072 sanasse
256 1006 353 1071 docet
375 1006 546 1080 Meletius.
575 1007 629 1093 qui
654 1009 704 1088 74,
724 1011 778 1070 11:
806 1007 903 1072 τοῦτο
926 999 964 1071 τό
986 1002 1093 1091 μέρος,
1118 1005 1233 1090 inquit,

95 1107 152 1176 καὶ
176 1104 324 1195 σιαγόνες
345 1108 508 1195 λέγονται,
541 1105 592 1177 ότι
622 1106 767 1177 σείονται
797 1104 1032 1196 περιαγόμεναι
1058 1107 1113 1174 καὶ
1136 1103 1234 1174 σονοί-

94 1237 205 1299 γονται
235 1211 268 1278 έν
296 1215 343 1301 τῷ
372 1210 499 1282 ἐσθίειν
525 1207 613 1303 ἡμᾶς
635 1208 658 1303 ἢ
684 1214 824 1298 ὁμιλεῖν·
858 1207 880 1301 ἢ
903 1206 952 1279 ὅτι
977 1213 1117 1298 σιγῶμεν
1138 1204 1235 1300 ἡμεῖς

95 1308 202 1381 αὐτῶν
228 1314 460 1401 κεκλεισμένων
485 1311 595 1384 όντων.
639 1318 702 1383 His
732 1316 840 1383 verbis
870 1316 1023 1382 docemur
1051 1317 1082 1380 in
1113 1316 1233 1381 Orione

96 1428 129 1486 et
157 1419 384 1507 Etymologico
411 1421 531 1508 Magno
560 1423 645 1488 inter
667 1423 762 1508 σιγᾶν
785 1429 818 1487 ο1
846 1417 905 1486 καί
931 1422 964 1485 in
993 1427 1120 1486 textum
1150 1421 1232 1484 reoi-

93 1522 248 1608 piendum
271 1544 346 1588 csse
369 1524 562 1588 vocabulum
586 1522 841 1607 κεκλασμέναις,
871 1525 918 1587 ita
940 1529 976 1588 ut
1003 1522 1148 1608 legatur:
1178 1514 1233 1603 αἶς

94 1621 164 1691 ἐστι
194 1632 290 1712 σιγᾶν
311 1624 552 1710 κεκλασμέναις
573 1626 629 1693 καὶ
653 1625 755 1714 λέγειν
777 1620 1012 1712 όινοιγομέναις.

182 1736 213 1800 6.
243 1732 296 1798 Ex
313 1734 444 1815 ceteris,
464 1754 549 1818 quae
565 1733 770 1818 investigavi,
786 1732 935 1796 frustulis
951 1733 983 1795 in
996 1730 1232 1817 Etymologicis

99 1837 272 1923 corruptis,
296 1836 412 1921 quibus
437 1858 455 1902 s
479 1837 549 1902 solo
566 1837 698 1902 Molotio
722 1837 852 1902 medela
875 1836 983 1900 afferri
998 1840 1118 1921 potest,
1142 1832 1233 1897 suifi-

98 1942 163 2006 ciet
186 1941 342 2005 nonnulla
365 1941 425 2006 hoo
448 1941 520 2006 loco
543 1942 650 2007 obiter
679 1942 839 2005 excitare:
871 1939 927 2005 Or.
954 1942 1061 2017 129,4
1090 1933 1234 2020 περίτ-

92 2069 222 2128 τωμα,
253 2044 306 2109 Et.
337 2044 382 2111 M.
406 2048 541 2125 665,15
571 2044 711 2111 ο1.ΜεΙ.
736 2047 787 2126 38,
812 2048 850 2108 12
877 2045 888 2125 ΙΙ
913 2043 968 2109 Or.
998 2046 1067 2123 129,
1081 2045 1121 2105 25
1149 2066 1233 2106 πα-

92 2142 255 2236 λαιστή,
292 2148 511 2233 fragmentum
550 2149 848 2235 corruptissimum,
887 2146 940 2212 Et.
965 2145 1009 2209 M.
1033 2147 1107 2224 641,
1125 2147 1165 2208 23
1194 2146 1233 2210 cl.

94 2250 170 2316 Mel.
191 2254 261 2332 122,
278 2258 296 2315 4
314 2253 326 2334 11
343 2251 398 2317 Or.
420 2255 489 2331 142,
506 2255 546 2316 22
562 2250 746 2338 σπέρμα,
769 2251 823 2317 Et.
839 2250 883 2318 M.
902 2252 973 2327 723,
993 2253 1030 2312 14
1054 2246 1232 2332 Σπέρμαε

93 2350 185 2441 παρὰ
208 2350 246 2421 τὸ
269 2353 532 2442 σονεσπαρμένην
554 2350 637 2437 ἔχειν
659 2353 692 2421 έν
715 2352 821 2442 ἑαυτῷ
850 2349 909 2442 τὴν
937 2348 1073 2436 όόναμιν
1099 2353 1159 2441 τῆς
1179 2376 1230 2418 τε·

92 2454 268 2547 λειότητος,
293 2460 471 2524 ouiusnam'
485 2460 618 2525 tandem
640 2455 862 2547 τελειότητος1
901 2458 979 2525 Mol.
1005 2461 1075 2538 113,
1090 2460 1145 2520 21:
1173 2452 1233 2544 τὴν

92 2564 151 2653 της
167 2557 334 2647 δυνάμεως
352 2558 538 2651 τελειότητα
560 2565 620 2630 τοῦ
641 2561 795 2650 γενέσθαι
810 2559 938 2630 τοιόνόε
957 2557 995 2627 τό
1016 2562 1108 2643 ζῶον,
1130 2557 1166 2640 ἐξ
1188 2548 1233 2625 ὧν

92 2665 149 2733 καί
174 2660 343 2755 ἆπειρίθη
359 2670 370 2749 ΙΙ
388 2667 443 2735 Or.
463 2672 533 2751 145,
551 2671 590 2732 23
615 2670 776 2756 στῆθος,
806 2667 859 2734 Et.
883 2667 927 2733 M.
945 2669 1017 2747 727,
1034 2668 1071 2728 21
1098 2665 1137 2730 cl.
1153 2664 1231 2729 Mel.

94 2775 198 2854 89,15
222 2772 233 2858 11
257 2772 308 2837 Ε1.
330 2771 374 2838 M.
398 2775 469 2854 702,
486 2776 527 2837 43
558 2768 671 2859 ῥάχις
705 2770 806 2859 (apud
833 2771 987 2835 Orionem
1011 2767 1158 2853 evanuit)
1190 2769 1230 2834 cl.

94 2878 291 2957 Metuens
307 2875 369 2962 1111]
393 2876 447 2942 Or.
466 2881 535 2958 100,
556 2879 593 2940 16
616 2871 770 2959 μοελός,
795 2876 835 2942 cl.
858 2874 911 2940 Et.
929 2874 973 2938 M.
990 2876 1063 2955 593,
1080 2876 1131 2955 35,
1155 2895 1230 2954 non,

94 2981 179 3068 quod
208 2981 394 3047 Larohsrus
424 2981 576 3062 coniecit,
610 3001 684 3045 oum
712 2979 939 3066 Etymologico
972 2978 1092 3063 Magno
1121 2975 1230 3065 ἀσφα-

92 3083 246 3167 λίζεσθαι
279 3086 454 3171 legandum
485 3093 548 3166 est,
579 3085 673 3172 quasi
704 3090 794 3149 osset
822 3103 907 3147 nova
937 3083 1110 3167 originatio
1141 3081 1229 3144 vocis

92 3185 220 3272 μοελός,
244 3190 302 3255 sed
325 3190 560 3255 restituendum
586 3196 638 3255 est
661 3211 732 3253 oum
757 3188 833 3255 Mel.
852 3190 903 3269 52,
920 3189 975 3252 28;
1003 3182 1135 3271 μοελός,
1160 3176 1230 3251 οἷον

94 3287 241 3376 μοχελός,
265 3285 335 3360 ἀπό
359 3294 419 3361 τοῦ
441 3291 474 3358 έν
494 3294 587 3380 μυχῷ
609 3288 776 3385 είλῆσθαι,
801 3287 820 3357 ό
842 3283 1164 3371 associatorum:

183 3400 210 3462 7.
235 3396 345 3461 Unum
369 3397 507 3483 denique
530 3398 648 3471 locum,
673 3397 727 3481 qui
752 3403 862 3460 exstat
884 3395 916 3459 in
940 3394 993 3460 Et.
1018 3393 1073 3459 Or.
1094 3396 1228 3474 141,17,

96 3503 281 3567 accuratius
309 3504 540 3589 inspiciamus:
572 3502 709 3566 Στείται
734 3524 740 3564 :
765 3495 858 3587 παρὰ
880 3494 919 3565 τὸ
942 3500 1080 3587 στῆθος,
1104 3489 1175 3565 οἷον
1197 3497 1230 3563 έν

99 3612 170 3687 τοῖς
191 3602 331 3695 στήθεσι
349 3606 543 3673 διανοεῖται·
565 3603 631 3671 ἐκεῖ
654 3600 714 3690 γὰρ
736 3605 773 3669 τό
789 3597 974 3690 λογιστικὸν
995 3595 1072 3668 καθ’
1085 3597 1230 3690 ’Όμηρον

139 3711 288 3799 ,στῆθος
310 3708 346 3777 δέ
368 3705 498 3799 πλήξας
520 3705 655 3796 κραδίην
677 3701 828 3797 ἠνίπαπε
850 3702 971 3793 μόθιμ“
996 3705 1072 3792 (Od.
1088 3731 1107 3770 α
1127 3709 1190 3791 11).

98 3818 274 3903 Φιλόξενος
296 3822 333 3888 δὲ
355 3830 393 3889 et'
411 3845 440 3909 q.
466 3844 533 3908 sqq.
579 3821 740 3906 Numquis
769 3822 953 3907 suspicetur
981 3819 1041 3884 hoo
1065 3820 1229 3904 fragmen·

95 3935 174 4002 tum,
199 3948 261 4012 quo
287 3928 327 3992 de
351 3927 483 3992 στεῦται
507 3927 610 3990 forma
633 3924 723 3989 vorbi
746 3925 862 4010 agitur,
887 3923 1012 3988 Sorano
1034 3944 1108 3988 csse
1124 3922 1228 3987 vindi-

97 4031 258 4095 candum?
293 4031 394 4117 Atqui
418 4030 459 4095 ad
476 4029 636 4094 Soranum
662 4036 825 4093 auctorem
849 4026 943 4105 rodit,
966 4025 1049 4111 quod
1073 4032 1164 4111 patet
1186 4049 1244 4117 cn¹

95 4135 242 4214 Melas,
261 4136 315 4197 13:
339 4128 377 4198 τό
401 4134 528 4221 στῆθος
550 4130 675 4217 λέγεται
699 4130 754 4197 καί
780 4129 909 4215 στέρνον
931 4128 987 4195 καί
1010 4125 1128 4216 θώραξ
1144 4181 1151 4194 .
1169 4181 1176 4194 .
1194 4180 1227 4194 ..

95 4232 187 4304 όλλοι
212 4235 257 4316 δέ,
281 4232 330 4302 ότι
356 4235 389 4301 έν
411 4230 500 4323 αὐτῷ
522 4231 561 4301 τό
584 4230 776 4325 ἡγεμονικὸν
799 4233 943 4321 ἕστηκεν·
966 4231 1002 4312 έξ
1024 4220 1062 4297 ori
1083 4231 1139 4297 καί

988 4337 1019 4390 16
