3030 4816
693 299 784 386 [315]
1265 305 1306 367 23

187 471 195 488 ’
273 497 485 582 Opponuntur
518 497 615 580 igitur
649 502 762 581 poetae
798 496 844 558 illi
875 502 1041 560 veteres
1075 496 1192 559 novis
1225 497 1245 560 i.
1279 516 1305 559 e.

169 602 354 687 aequalibus
374 601 517 666 Terentii
541 623 580 665 ex
605 601 756 686 temporis
771 601 905 681 ratione,
929 622 1000 664 cum
1016 599 1157 664 Naevius
1174 600 1306 664 Plautus

170 706 291 771 Ennius
313 725 469 769 annorum
491 705 571 769 serie
594 704 739 788 quamvis
761 724 824 768 non
853 703 946 767 nimis
974 704 1072 787 longa
1101 703 1151 767 ab.
1165 703 1307 768 Terentii

170 816 276 874 aetate
305 809 432 872 distent.
478 806 572 872 Certe
602 808 642 871 de
672 809 742 872 aliis
772 807 1005 872 discriminibus
1034 808 1123 871 velut
1150 807 1306 872 scribendi

169 914 294 999 generis
317 914 368 977 vel
401 910 581 976 fabularum
611 913 790 995 argumenti
823 932 860 976 eo
893 912 997 975 minus
1028 912 1160 994 cogitari
1190 917 1307 995 potest,

170 1019 253 1104 quod
276 1020 345 1103 ipsa
367 1017 573 1082 similitudine
596 1018 629 1080 iu
658 1015 885 1100 componendis
916 1015 1032 1080 fabulis
1055 1015 1221 1080 Terentius
1249 1036 1306 1100 pro

170 1124 372 1188 excusatione
395 1123 504 1185 utitur.

271 1226 341 1290 lem
363 1226 439 1290 satis
471 1225 679 1289 memorabile
709 1230 766 1303 est,
797 1224 880 1309 quod
911 1223 996 1288 idem
1027 1223 1194 1287 discrimen
1224 1223 1307 1287 inter

169 1337 291 1394 veteres
314 1337 345 1394 et
368 1351 464 1395 novos
491 1329 637 1409 comicos,
669 1348 862 1412 quamquem
894 1329 991 1411 longe
1021 1328 1145 1392 diverso
1175 1327 1305 1390 consilio

168 1433 357 1514 institutum,
381 1433 463 1497 redit
486 1433 518 1495 in
540 1432 671 1515 prologo
696 1431 804 1514 paucis
825 1432 915 1495 annis
931 1438 1002 1515 post
1017 1431 1158 1495 Terentii
1181 1429 1306 1493 fabulas

167 1537 275 1601 doctas
296 1538 427 1621 scripto:
452 1536 618 1618 prologum
632 1534 702 1598 dico
719 1532 853 1598 Oasinae
870 1534 1047 1613 Plautinae,
1071 1534 1110 1597 de
1134 1554 1196 1618 quo
1213 1553 1303 1617 prae·

168 1643 251 1706 clere
274 1641 420 1725 exposuit
443 1639 632 1704 Ritschelius
649 1638 780 1722 Psrerg.
803 1659 835 1722 p.
853 1640 915 1702 180
930 1658 975 1721 sq.
1022 1637 1072 1701 Ibi
1095 1637 1173 1702 haec
1195 1638 1305 1721 legun·

168 1753 219 1809 tur
242 1766 271 1809 v.
296 1751 315 1811 5
339 1765 401 1828 sq.:

261 1915 278 1970 5
296 1901 358 1980 Qui
380 1906 514 1963 utuntur
536 1902 611 1964 uiuo
634 1906 745 1981 scetere,
767 1900 923 1984 sapientes
942 1905 1031 1982 puto,

295 2005 339 2068 Et
361 2006 415 2089 qui
437 2004 574 2068 lubenter
597 2011 714 2068 ueteres
736 2010 878 2088 spectant
898 2002 1041 2086 fabulas,

296 2110 438 2194 Antiqua
461 2130 556 2192 opera
579 2116 607 2173 et
630 2107 727 2172 uerbo
750 2129 841 2193 quom
864 2107 952 2172 uobis
973 2108 1108 2190 placent,

297 2214 464 2299 Aequomst
480 2214 609 2297 placere
633 2220 704 2276 aute
726 2210 842 2295 (alias)
865 2219 982 2276 ueteres
998 2210 1143 2294 fabulas.

295 2317 382 2383 Nom
404 2338 489 2381 uuus
511 2338 613 2381 nouae
635 2337 714 2401 quae
735 2317 889 2400 prodeunt
913 2315 1097 2394 comoediae,

247 2440 279 2491 10
296 2422 400 2486 Multo
422 2428 496 2484 sicut
518 2423 680 2505 nequiores
702 2442 796 2504 quam
819 2422 940 2485 aurumi
961 2422 1045 2484 uoui.

293 2523 361 2589 Nos
378 2531 547 2609 postquem
570 2525 680 2608 populi
701 2545 829 2589 rumore
852 2524 1069 2605 intelleximus,

297 2628 442 2692 Studiose
465 2635 602 2711 expetere
626 2649 682 2691 iios
705 2627 878 2691 Plautinus
898 2626 1040 2708 fabulae,

295 2734 468 2818 Antiquom
492 2735 557 2796 eius
580 2733 735 2796 edidimus
758 2732 957 2810 comoediam,

296 2837 398 2915 Qrmm
421 2856 476 2899 rios
497 2835 668 2918 probastis,
692 2837 746 2920 qui
767 2836 840 2898 estis
862 2837 896 2897 iu
918 2834 1113 2913 senioribus;

246 2957 277 3011 15
295 2939 381 3005 Num
403 2941 564 3003 iuniorum
587 2943 641 3024 qui
663 2946 747 3018 suut,
769 2960 833 3003 nou
856 2947 985 3018 uerunt,
1007 2942 1087 3004 scio:

300 3043 416 3107 Uerum
439 3050 473 3106 ut
496 3050 694 3128 coquoscaut,
717 3042 860 3106 dabimus
885 3064 1014 3126 operam
1036 3044 1153 3107 sedulo.

295 3147 387 3211 Haec
410 3168 502 3231 quom
523 3149 663 3230 primum
687 3153 800 3229 actast,
823 3148 902 3210 uicit
926 3148 1025 3210 omuis
1045 3146 1188 3226 fabulas.

294 3250 346 3314 Ec
370 3258 546 3334 tempestate
563 3251 626 3333 fios
646 3259 814 3334 poetarum
829 3251 912 3335 fuit,

295 3356 357 3434 Qui
378 3376 463 3419 nuuc
488 3355 634 3419 abierunt
657 3355 729 3419 iiiuc
751 3358 786 3419 iu
809 3376 999 3420 communem
1022 3358 1132 3420 iocum.

268 3512 365 3576 Hunc
387 3513 555 3596 prologum
577 3512 771 3577 Ritschelius
794 3513 1023 3578 demonstravit
1045 3534 1127 3576 euno
1150 3511 1216 3577 fere
1240 3513 1303 3576 600

166 3640 195 3681 u.
219 3640 245 3682 c.
270 3618 478 3701 compositum
501 3637 586 3680 esse:
616 3639 677 3701 qno
701 3624 843 3702 tempore
872 3624 1016 3682 veterum
1039 3623 1134 3701 etque
1160 3616 1303 3700 inprimis

165 3721 273 3785 Plauti
289 3721 414 3784 fabulas
430 3741 449 3783 a
464 3722 693 3805 spectatoribus
706 3723 844 3805 flagitari
860 3729 987 3806 coeptas
1003 3742 1071 3785 esse
1086 3721 1154 3804 ipsa
1169 3719 1303 3785 Oasinse

164 3826 312 3909 repetitio
334 3825 435 3888 docet.
470 3824 552 3887 Tum
568 3827 653 3889 enim
670 3826 819 3890 Terentio
844 3827 992 3890 defuncto
1014 3825 1093 3888 nulli
1108 3825 1172 3888 iam
1187 3831 1303 3908 poetae

166 3930 276 3993 comici
313 3930 543 4012 praestantiore
582 3931 708 4013 ingenio
746 3931 882 4014 praediti
920 3931 1126 4007 exstiterunt3
1165 3928 1304 4011 frigebat

164 4053 294 4097 scaena:
317 4032 401 4095 unde
424 4032 554 4108 factum,
578 4039 613 4095 ut
629 4054 785 4107 novorum
800 4035 928 4098 fabulae
944 4033 1034 4118 parvi
1050 4032 1302 4114 aestimarentur,

165 4142 309 4200 veterum
332 4144 455 4201 veteres
478 4158 549 4199 cnm
572 4159 694 4202 summo
717 4145 930 4223 spectatorum
952 4137 1056 4201 studio
1075 4142 1302 4220 repeterentur.

166 4240 257 4315 Quod
280 4241 418 4305 studium
440 4262 549 4306 recens
572 4241 679 4324 fuisse,
704 4264 776 4306 cum
799 4242 914 4306 Casina
937 4242 1120 4323 referretur,
1143 4241 1217 4325 ipsis
1233 4263 1303 4326 pro-

165 4344 229 4430 logi
245 4344 360 4428 verbis,
384 4366 464 4432 quae
484 4346 700 4432 captationem
716 4367 810 4433 quam
827 4346 960 4411 dicimus
977 4345 1216 4411 benevolentiae
1231 4367 1303 4411 con·
