2956 4822
643 297 732 385 [253]
1217 308 1254 369 15

125 516 225 580 „pons
254 495 394 558 marinus
426 499 500 557 ante
531 491 675 556 Corinthi
707 492 853 557 moenia“
886 494 1073 577 insignitur,
1102 515 1172 559 cum
1201 516 1259 580 per

122 600 278 664 Isthmum
310 620 410 683 prope
436 595 624 660 Corinthum
654 596 750 659 situm
781 603 945 682 tamquam
976 617 1034 681 per
1066 604 1195 681 pentem
1226 599 1257 664 in

122 705 200 768 mari
224 704 343 767 lactum
368 724 408 765 ex
424 700 650 785 Peloponneso
674 699 703 762 in
725 699 921 783 Megaridem
945 708 978 765 et
993 700 1133 764 Atticam
1156 709 1257 767 eatur.

655 959 724 1039 §2

228 1116 385 1191 Quoniam
409 1116 557 1179 omnibus
581 1116 628 1179 bis
653 1114 809 1199 exemplis
832 1115 910 1179 satis
931 1114 1165 1182 demonstrasse
1182 1120 1259 1184 mibi

121 1221 230 1286 videor
263 1222 293 1285 in
328 1220 405 1283 locis
438 1219 584 1305 quidem,
620 1218 673 1281 ubi
704 1218 865 1282 laudanda
895 1219 1026 1283 victoria
1056 1229 1125 1285 erat
1155 1231 1257 1306 parta,

119 1325 320 1389 nominandis
333 1323 508 1387 Pindarum
526 1323 667 1387 eiusdem
685 1321 907 1406 appellationis
922 1325 1146 1406 repetitionem
1162 1346 1258 1410 quam

123 1429 363 1513 diligentissime
396 1429 530 1511 vitasse,
560 1447 644 1491 nune
674 1427 858 1510 rideamus,
892 1449 969 1491 uum
998 1431 1141 1514 regulam
1172 1431 1257 1495 illam

123 1553 221 1617 supra
244 1541 451 1596 memoratam
475 1533 504 1597 in
529 1531 680 1616 patriis
704 1552 832 1616 quoque
856 1533 1060 1597 victorum
1083 1534 1257 1599 urbibus

122 1636 322 1722 appellandis
353 1637 539 1702 seruaverit.
584 1635 671 1710 Quas
704 1637 902 1721 potissimum
937 1658 1001 1700 una
1034 1659 1105 1700 cum
1136 1640 1257 1703 victore

121 1739 268 1805 laudibus
286 1741 390 1805 efferri
404 1741 521 1803 nemini
534 1739 646 1802 mirum
659 1738 827 1821 videbitur,
840 1741 892 1824 qui
905 1741 1101 1824 reputaverit
1113 1748 1257 1806 veterum

119 1844 284 1908 hominum
307 1845 469 1909 sententia
491 1864 600 1906 omnes
625 1843 710 1906 cives
743 1851 806 1906 tarn
831 1851 916 1924 arte,
947 1852 983 1907 ut
1012 1845 1051 1907 ab
1082 1866 1121 1908 ea
1151 1845 1255 1908 divelli

120 1956 292 2033 nequeant,
317 1970 387 2011 cum
412 1948 515 2033 patria
538 1947 723 2011 coniunctos
747 1968 827 2011 esse.

223 2051 272 2114 Ac
295 2053 469 2136 principem
493 2050 623 2134 quidem
647 2051 678 2112 in
695 2049 742 2113 bis
758 2051 865 2114 locum
881 2049 1052 2114 AEGINA
1069 2058 1167 2133 tenet,
1184 2072 1256 2116 cum

124 2178 162 2220 ex
188 2155 401 2240 quadraginta
424 2163 456 2217 et
480 2162 638 2238 quattuor,
662 2175 744 2238 quae
760 2154 851 2217 nobis
867 2160 993 2217 servata
1008 2162 1091 2233 sunt,
1114 2156 1254 2239 epiniciis

126 2269 240 2344 quarta
265 2281 339 2344 pars
363 2259 559 2343 Aeginenses
590 2257 728 2321 celebret
752 2260 897 2322 victores.
942 2257 1120 2343 Praecipue
1148 2268 1255 2323 eutem

123 2366 152 2427 in
176 2362 322 2440 Nemeis,
355 2364 472 2446 quippe
503 2383 584 2446 quae
614 2383 676 2426 non
702 2362 813 2445 procul
837 2362 878 2425 ab
901 2382 1010 2426 eorum
1034 2363 1137 2425 insula
1160 2362 1256 2428 babe-

120 2473 241 2546 rentur,
257 2467 354 2529 robur
370 2475 402 2528 et
420 2465 571 2529 virtutem
586 2486 675 2527 suam
689 2465 867 2548 Aeginetae
883 2467 1077 2549 praestitisse
1091 2467 1254 2543 videntum

122 2592 192 2634 nam
210 2568 442 2633 Nemeaeorum
466 2569 640 2632 carminum
664 2569 736 2651 plus
760 2588 856 2652 quam
880 2568 1008 2633 dimidia
1026 2590 1097 2654 pars
1114 2571 1144 2633 in
1161 2573 1254 2652 vires,

121 2676 174 2758 qui
200 2672 324 2737 oriundi
349 2680 438 2737 erant
469 2694 509 2737 ex
542 2673 794 2757 praeclarissima
824 2673 877 2737 illa
899 2673 1111 2738 Aeacidarum
1143 2676 1255 2755 insula,

122 2779 239 2863 scripta
268 2783 325 2840 est.
371 2776 461 2840 Tune
493 2777 582 2861 quasi
613 2797 742 2839 auream
773 2784 912 2840 aetatem
935 2777 1164 2862 Aeginetarum
1195 2781 1254 2843 rei·

119 2883 266 2967 publicae
296 2880 396 2945 luisse
427 2883 524 2945 ctiam
554 2902 596 2944 ex
627 2881 702 2943 artis
737 2879 877 2963 fingendi
912 2883 1139 2963 monumentis,
1173 2903 1255 2967 quae

121 2986 209 3049 initio
226 2986 318 3049 huius
334 2986 450 3050 saeculi
468 2994 594 3069 reperta
609 2993 693 3066 sunt,
710 2995 907 3068 compertum
922 2985 1084 3049 habemus.
1117 2986 1254 3071 llgregia

121 3090 204 3152 enim
237 3090 292 3152 illa
324 3089 509 3166 simulacra,
553 3108 633 3172 quae
667 3088 784 3151 stantia
818 3088 881 3151 illie
913 3089 944 3152 in
977 3089 1110 3173 fastigiis
1142 3092 1253 3175 templi

120 3192 283 3257 Minervae
299 3193 529 3277 Aeginensium
554 3192 686 3255 heroum
703 3191 786 3255 facta
801 3193 959 3257 illustrare
975 3202 1138 3276 putantur,
1162 3197 1253 3259 nobis

119 3304 304 3375 monstrant,
328 3304 526 3381 quantopere
550 3304 634 3359 artes
658 3305 726 3359 tum
748 3296 780 3359 in
804 3295 907 3359 insula
930 3296 1057 3381 Aegina
1079 3300 1252 3365 floruerint.

120 3398 215 3464 Cuius
248 3399 474 3483 magnitudinis
509 3405 541 3460 et
573 3398 767 3484 splendoris.
800 3401 854 3482 qui
885 3399 1011 3484 quidem
1043 3402 1150 3486 paullo
1182 3410 1253 3486 post

119 3524 202 3567 anno
227 3502 539 3588 quadringentesimo
560 3503 823 3588 quinquagesimo
840 3510 933 3568 sexto
949 3505 990 3568 ab
1005 3504 1253 3571 Atheniensibus

120 3608 296 3671 exstinctus
320 3618 379 3684 est,
401 3607 507 3690 imago
533 3607 572 3669 ad
596 3608 735 3671 animum
754 3616 898 3671 nestrum
915 3609 1059 3689 refertur,
1082 3610 1109 3673 si
1125 3610 1252 3674 Pindari

118 3710 252 3793 epinicia
275 3710 466 3794 perlegimus
488 3718 521 3774 et
537 3711 781 3795 appellationes,
805 3712 918 3795 quibus
935 3715 1058 3797 Aegina
1073 3713 1251 3797 insignitur,

119 3812 365 3878 consideramus.

224 3921 325 3989 Quam
349 3917 516 4001 eleganter
539 3918 684 3982 carminis
709 3918 868 4004 Olympici
892 3921 997 3984 octavi
1020 3921 1050 3984 in
1075 3941 1104 3983 v.
1122 3923 1173 4001 20,
1198 3921 1252 3986 ubi

119 4021 218 4085 victor
249 4020 468 4106 praedicatur,
507 4023 581 4105 quia
612 4022 732 4097 ἐξένεπε
762 4021 896 4103 κρατέων
924 4021 1006 4110 πάλᾳ
1039 4022 1253 4108 δολιχήρετμον

119 4123 250 4205 Αἴγιναν
261 4123 379 4204 πάτραν
398 4126 626 4211 (promulgavit
640 4128 769 4191 vincens
781 4129 865 4191 lucta
879 4127 1083 4212 longiremem
1092 4129 1252 4213 Aeginam

118 4227 285 4313 patriam),
318 4230 449 4293 navales
478 4249 555 4314 opes
584 4231 816 4313 Aeginetarum
846 4232 1040 4317 significatae
1069 4232 1165 4296 sunt?
1213 4232 1251 4297 In

120 4353 147 4396 v.
171 4334 211 4399 25
235 4339 342 4394 autern
366 4340 399 4395 et
420 4353 507 4417 seqq.
530 4335 723 4417 aequitatem
754 4335 878 4398 illerum
909 4336 940 4398 in
971 4336 1038 4399 iure
1069 4338 1250 4408 exercendo
