2954 4816
594 293 808 356 ..29-

237 484 359 551 Donati
381 486 699 568 interpretamentum
722 480 761 545 ad
785 481 886 546 Andr.
917 481 947 544 V
972 482 1051 564 2,Ι4
1093 481 1271 566 Confidam]

136 591 342 677 Confidentarn
365 590 416 653 tic
436 608 497 671 pro
522 587 749 667 constanti,
772 605 835 649 nan
857 587 944 650 ntata
966 587 1203 671 aipnificatiane-
1218 609 1274 674 pa·

135 699 198 762 soit
233 703 362 761 secutus
392 692 622 767 Terentianum
645 690 759 772 (Andr.
783 690 814 755 V
838 693 866 768 2,
884 693 934 771 14)
966 691 1085 759 ‘Nescio
1108 698 1162 781 qai
1184 717 1275 762 anna

135 803 220 866 nenit
242 800 351 865 moda:
373 801 465 864 attane
482 796 646 882 confidens,
671 796 779 877 cataa',
803 797 890 882 quod
906 797 1001 864 hodie
1024 800 1109 884 apud
1134 799 1275 866 Nonium

135 906 256 986 toute
279 904 340 968 sub
362 902 512 967 lemmate
542 901 738 986 confidentia,
771 904 938 983 temeritas,
968 903 1121 988 andacia]
1145 905 1272 989 legitur,

136 1006 409 1094 transponendum
431 1013 526 1091 atque
549 1005 690 1069 lemmati
720 1003 805 1090 quod
836 1006 1044 1092 subsequitur
1078 1009 1275 1094 confidentia,

136 1110 392 1194 constantia]
415 1109 598 1176 addendum
621 1131 691 1175 esse
715 1109 848 1174 conicio.

668 1274 738 1355 §t

238 1416 385 1500 Denique
409 1411 707 1499 quaerendumne
731 1434 806 1477 num
822 1412 962 1480 Terentii
978 1416 1160 1481 testimonia
1184 1417 1270 1502 apud

135 1520 277 1585 Nonium
299 1527 427 1583 seruata
450 1525 572 1582 certum
595 1517 834 1583 comoediarum
857 1516 1001 1585 ordinem
1024 1525 1207 1605 aequantur.

239 1624 287 1688 Ac
317 1624 454 1707 primum
485 1621 625 1706 quidem
644 1642 714 1685 curn
746 1623 777 1685 in
807 1623 928 1707 aliquot
960 1624 1116 1708 capitibus
1148 1622 1272 1690 Nonius

135 1730 285 1793 lemmata
306 1726 481 1792 secundum
503 1727 680 1790 litterarum
704 1726 846 1790 ordinem
870 1727 1046 1811 digesserit,
1070 1729 1184 1792 mirum
1210 1748 1272 1792 non

137 1838 194 1915 est,
219 1830 304 1917 quod
336 1832 368 1894 in
398 1829 445 1895 his
476 1829 633 1914 capitibus
665 1837 769 1894 certus
800 1830 981 1897 fabularum
1009 1830 1274 1897 Terentianarum

137 1935 214 2001 ordo
238 1955 301 1999 non
318 1935 517 2000 obseruator.
556 1933 601 1997 At
617 1954 657 1997 ne
680 1934 717 1996 iis
735 1933 865 2018 quidem
883 1936 1135 2001 testimoniorum
1153 1934 1273 2000 Teren·

135 2044 292 2105 tianorum
316 2038 503 2116 ordinibus,
528 2058 608 2123 quos
633 2036 941 2103 Schottmuallerus¹
966 2048 998 2103 et
1021 2039 1219 2104 Schmidtius
1243 2040 1274 2102 in

135 2144 240 2209 Nonio
264 2143 434 2224 indagasse
449 2142 507 2205 sibi
532 2141 593 2205 uisi
616 2148 698 2221 sunt,
714 2142 798 2206 idem
821 2143 938 2228 uquuo
958 2143 1139 2208 fabularum
1155 2143 1276 2208 Teren·

137 2249 293 2312 tianarum
319 2246 397 2311 ordo
420 2245 565 2332 efficitur.

238 2350 353 2436 Itaque
377 2348 472 2415 uelde
497 2350 618 2433 dubito,
643 2370 717 2413 num
742 2351 870 2414 omnino
897 2357 1017 2415 certum
1041 2351 1198 2436 quendam
1224 2371 1273 2415 or·

138 2455 243 2519 dinem
259 2462 369 2519 tenere
385 2454 522 2519 uoluerit
533 2453 657 2519 Nonius
673 2456 706 2518 in
721 2455 852 2518 citandis
866 2455 1054 2519 testimoniis
1065 2455 1275 2521 Terentianis.

238 2559 322 2623 Sane
345 2559 433 2621 casui
455 2560 561 2644 potius
593 2578 689 2643 quam
713 2559 844 2624 oonsilio
868 2557 964 2622 Nonii
994 2559 1072 2623 illud
1097 2559 1272 2641 tribuerim,

136 2662 221 2748 quod
249 2670 281 2726 et
304 2663 335 2726 in
358 2663 461 2748 capite
486 2661 537 2726 111
568 2669 600 2727 et
622 2663 787 2747 incapite
809 2661 894 2726 VIII
925 2661 1047 2726 Andria
1078 2670 1151 2726 ante
1176 2661 1274 2726 Adel·

137 2767 230 2851 phos,
253 2765 333 2832 haec
355 2775 429 2832 ante
452 2766 644 2832 Eunuchum
668 2768 799 2832 citatur:

622 2929 700 3016 Oap.
723 2929 784 2995 III.

267 3072 327 3137 litt.
352 3070 389 3137 Ο.
413 3072 538 3152 olant
560 3068 632 3136 Ter.
655 3072 690 3134 in
712 3069 879 3134 Andria
901 3068 931 3147 (I
957 3068 1057 3151 1,41).

264 3175 322 3242 litt.
345 3175 382 3240 P.
407 3177 530 3258 219‚19
554 3175 625 3241 Ter.
648 3177 683 3240 in
705 3175 871 3240 Andria
895 3173 963 3257 (ΙΙΙ
988 3173 1097 3258 3,34).

265 3279 322 3346 litt.
346 3280 384 3345 R.
408 3281 511 3364 222,9
558 3278 628 3345 Ter.
652 3282 686 3343 tn
708 3279 916 3363 Adelphis
940 3277 1008 3360 (ΙΙΙ
1032 3279 1091 3357 3,1
1116 3275 1187 3361 sq.).

264 3384 324 3448 litt.
347 3384 380 3449 S.
404 3386 529 3467 223,ss
556 3384 720 3450 Terentiae
743 3381 974 3467 (Eunocho)
1001 3377 1069 3464 (III
1093 3382 1121 3462 1,
1146 3378 1276 3461 a-11).

608 3549 686 3635 Gap.
710 3549 807 3614 VIII.

343 3690 468 3772 493,12
492 3687 610 3771 cantio]
634 3687 706 3754 Ter.
730 3690 765 3752 in
787 3689 953 3753 Andria
978 3687 1029 3770 (II
1052 3686 1160 3770 3,26).

491 3792 624 3876 atritas]
647 3793 773 3858 Actias.

376 3940 388 3967 ι
491 3896 646 3982 tarpitas]
671 3897 740 3964 Ter.
763 3900 798 3962 in
820 3896 1027 3981 Adelphis
1049 3893 1096 3979 (V
1112 3897 1142 3975 9,
1152 3891 1221 3977 28).

492 4001 677 4085 dectrabaa]
703 4001 816 4066 Diniae
838 3998 1011 4083 (Laberius
1035 3998 1153 4078 codd).

492 4106 662 4188 taratara]
685 4105 757 4171 Ter.
781 4108 815 4169 in
838 4104 1037 4170 Eanacbo
1059 4101 1110 4184 (ΙΙ
1132 4102 1240 4185 3,2o);

139 4295 343 4307 „—
607 4209 671 4276 Oic.
696 4209 787 4275 Taso.
809 4209 860 4274 ta.
885 4208 948 4274 III.

242 4346 250 4376 ¹
269 4343 360 4407 Synrb.
380 4342 473 4406 philol.
495 4343 630 4395 Bonnam.
653 4339 718 4394 1867
737 4358 762 4408 p.
781 4337 841 4393 830.
911 4320 913 4323 ¹
