2956 4822
673 306 763 393 [117]
1240 310 1278 373 ar

153 499 358 563 munioandis.
415 499 498 563 Item
522 501 629 564 omnia
652 499 801 564 Teiorum
826 500 945 585 templa
966 500 1094 584 publiea
1116 501 1282 567 uniuersae

153 624 255 666 nouae
271 604 409 666 oiuitetis
423 604 516 667 ‘saeta
538 625 606 668 esse
622 606 764 676 eonioias,
788 605 842 668 sed
860 603 985 668 dubites
1008 614 1113 667 utrum
1137 605 1220 668 idem
1243 605 1283 670 de

153 707 363 772 Lebediorum
386 709 518 773 aedibus
539 711 635 773 saeris
650 712 855 774 constitutum
878 712 927 787 sit,
950 731 990 772 an
1013 710 1073 773 hae
1096 709 1148 771 uel
1173 729 1283 773 omnes

153 811 203 874 uel
220 834 328 876 earum
345 834 418 896 pars
434 815 465 876 in
482 813 695 878 Lebediorum
719 817 906 881 auctoritate
929 815 1169 898 permanserint.
1204 813 1284 879 Suos

153 916 236 978 enim
259 917 361 979 cultus
384 919 480 980 etiam
504 919 579 1003 pagi
594 927 626 981 et
642 918 742 982 tribus
757 919 933 982 ciuitatium
950 919 1144 980 Graecarum
1166 917 1284 981 habere

152 1020 306 1108 solebant.
352 1022 501 1085 Omnium
532 1023 755 1087 sacrificiorum
787 1022 984 1106 publicorum
1007 1021 1165 1085 Lebedios
1187 1022 1284 1105 parti·

153 1126 237 1209 cipes
275 1125 374 1190 factos
407 1148 475 1191 esse
512 1149 568 1212 per
601 1150 633 1190 se
668 1127 878 1210 intellegitur:
916 1126 995 1190 haee
1030 1127 1114 1190 enim
1147 1133 1195 1189 est
1228 1124 1285 1188 illa

151 1229 270 1312 μετοχή
293 1229 415 1293 πάντων
442 1234 556 1294 &steros
590 1253 671 1315 quae
702 1233 731 1294 in
764 1232 864 1315 pastis
893 1231 1058 1293 ciuitatum
1088 1228 1286 1293 Cretensium

153 1335 312 1399 inuenitur
323 1337 342 1416 ¹,
357 1336 436 1399 haee
453 1335 506 1399 illa
522 1336 669 1415 μετουσία
684 1333 805 1397 πάντων
821 1335 853 1398 in
868 1334 994 1398 decreto
1010 1332 1287 1417 Bargylietarum²

153 1438 294 1521 aliisque,
318 1440 385 1503 sine
402 1460 464 1523 qua
480 1441 527 1503 ius
544 1440 680 1502 ciuitatis
696 1438 877 1502 absolutum
892 1458 956 1501 non
980 1446 1058 1500 erat.
1094 1436 1236 1500 lnuioem
1251 1443 1287 1499 ut

153 1541 392 1607 Medeoniorum
423 1565 492 1606 eum
524 1543 627 1607 stiriis
659 1543 841 1627 sympolitia
871 1542 1111 1605 coniunctorum
1134 1540 1287 1604 saorifioia

154 1645 281 1729 publiea
315 1647 396 1709 inter
427 1655 594 1730 utramque
632 1647 793 1709 ciuitatem
830 1644 1063 1706 communicata
1100 1642 1204 1724 suntss,
1243 1643 1287 1706 ita

154 1748 365 1813 Lebediorum
405 1752 556 1814 sacrificia
592 1750 725 1813 fortasse
769 1749 821 1813 uel
858 1770 969 1812 eorum
1008 1768 1081 1832 pars
1117 1748 1285 1811 uniuersae

154 1853 290 1918 ciuitatis
327 1875 428 1917 nouae
466 1855 551 1918 faeta
587 1864 669 1918 aunt.
727 1852 843 1927 Quodsi
881 1859 968 1916 certa
1006 1854 1075 1915 iura
1113 1851 1287 1915 Medeoniis

154 1966 316 2021 reseruata
338 1966 427 2035 sunt,
462 1979 502 2021 ex
526 1959 726 2042 sympolitiae
749 1956 872 2039 legibus
900 1978 961 2019 non
984 1956 1092 2019 statim
1115 1955 1154 2019 de
1177 1976 1287 2039 synoe-

154 2061 250 2124 cismo
278 2061 362 2125 idem
393 2062 475 2125 efflei
510 2083 600 2146 posse
630 2062 820 2125 memineris.
866 2060 987 2123 Tamen
1017 2059 1100 2143 quod
1130 2060 1162 2122 in
1193 2059 1288 2122 rebus

154 2165 294 2247 profanis
313 2164 432 2228 factum
455 2186 522 2229 esse
546 2165 674 2243 minime
702 2165 877 2244 oenseami,
900 2164 932 2226 in
956 2162 1050 2227 rebus
1072 2163 1169 2226 saeris
1191 2162 1287 2226 etiam

154 2267 304 2332 Lebediis
343 2279 505 2335 reseruata
539 2291 606 2334 esse
637 2271 706 2332 iura
739 2268 896 2353 quaedam
926 2267 1011 2331 haud
1043 2267 1170 2349 exigua,
1203 2273 1288 2330 oerto

155 2377 289 2455 apparet
313 2393 354 2435 ex
377 2374 421 2436 eis
445 2394 525 2457 quae
549 2374 580 2436 in
604 2373 747 2436 uersibus
764 2373 848 2434 2-4
864 2379 1055 2450 statuuntur,
1079 2389 1289 2453 eorumquae

155 2473 414 2558 Waddingtonus
449 2476 534 2539 haud
564 2477 670 2559 inepte
693 2475 856 2539 constituit
879 2473 1152 2558 paragraphorum
1175 2473 1287 2557 prima.

155 2575 335 2641 Dolendum
365 2587 471 2642 autem
501 2587 562 2656 est,
593 2578 674 2662 quod
699 2577 791 2643 huius
815 2579 877 2656 rei,
909 2597 1004 2660 quam
1027 2597 1117 2639 nosse
1139 2576 1289 2639 nimirum

156 2689 262 2744 nostra
291 2702 386 2765 quam
425 2683 562 2744 maxime
594 2683 766 2759 intererat,
796 2689 973 2764 temporum
1014 2679 1134 2744 inuidia
1165 2679 1290 2743 tantilla

158 2806 230 2869 pars
253 2785 342 2849 nobis
365 2786 475 2850 relicta
497 2792 554 2849 est.

685 2922 755 3002 tl·

259 3048 376 3130 Agitur
410 3047 450 3110 de
473 3055 562 3131 parte
586 3043 734 3107 Lebodiis
764 3044 794 3106 in
826 3043 983 3106 communi
1012 3042 1144 3106 oonsilio
1175 3041 1287 3105 Ionum

158 3152 360 3216 reseruanda.
406 3150 538 3214 Lebodii
562 3171 601 3213 ex
631 3170 687 3212 sua
710 3146 794 3211 tribu
816 3168 914 3209 unum
941 3146 1061 3229 eligant
1083 3147 1224 3229 legatum
1248 3185 1287 3194 —

158 3255 251 3320 Teios
276 3257 381 3340 plures
416 3256 572 3318 misisses
597 3273 689 3316 uersu
714 3255 733 3315 3
757 3251 933 3334 colligimus
960 3285 991 3294 —
1022 3250 1074 3334 qui
1098 3258 1203 3313 tamen
1228 3271 1289 3314 non

158 3360 373 3423 Lebediorum
397 3359 522 3421 nomine
539 3363 624 3439 agot,
648 3377 719 3419 oum
740 3356 793 3439 qui
809 3354 883 3417 inde
906 3352 946 3416 ab
971 3374 1007 3416 eo
1024 3359 1166 3436 tempore
1190 3352 1290 3416 tribus

157 3465 308 3529 Teiorum
324 3465 428 3527 losum
443 3463 615 3535 obtineant,
639 3481 695 3523 suo
714 3460 839 3522 nomine
855 3458 979 3521 concilii
996 3456 1108 3520 Ionum
1121 3457 1290 3540 partieipes

157 3591 224 3634 esse
248 3590 312 3631 non
336 3567 465 3651 possint.
513 3565 614 3627 Immo
638 3563 687 3626 hio
703 3564 829 3645 legatus
853 3583 1002 3624 unacum
1027 3561 1071 3623 eis
1094 3581 1171 3643 quos
1194 3560 1290 3623 eeteri

157 3672 225 3736 Teii
250 3671 391 3744 mittent,
423 3668 491 3731 Teii
521 3667 618 3748 legati
651 3665 804 3747 fungetur
827 3684 973 3742 munere,
997 3662 1172 3746 eademque
1195 3669 1291 3745 atque

157 3777 203 3839 illi
226 3773 356 3837 habebit
379 3773 447 3835 iura
470 3779 501 3834 et
524 3770 637 3833 officia.
683 3768 766 3830 Nam
791 3767 876 3852 quod
899 3768 931 3830 in
955 3766 1038 3830 idem
1062 3771 1187 3850 tempus
1210 3764 1292 3827 mitti

244 3913 253 3949 ¹
273 3913 333 3965 Clo
347 3911 420 3963 2554.
433 3910 501 3964 ‘2556
514 3925 554 3975 aq.
569 3908 667 3966 Nabar,
682 3907 859 3972 Mnemosyne
874 3906 893 3958 1.
910 3904 974 3959 1852
988 3922 1012 3971 p.
1023 3906 1072 3957 114
1085 3920 1143 3971 sqq.
1153 3925 1184 3946 =
1194 3902 1292 3965 Oauer,

158 4003 216 4055 ner.
247 3999 312 4052 ²118
330 3998 413 4063 (ms).

258 4086 326 4137 2120
347 4087 409 4149 Bes,
432 4084 493 4134 Asis
514 4084 636 4134 Mineure
655 4080 688 4133 87
708 4098 731 4132 v.
751 4080 792 4131 94.

261 4172 271 4207 ⁸
290 4173 330 4225 Cf.
349 4173 456 4224 titulum
476 4172 549 4222 intra
568 4167 752 4220 enarrandum
772 4170 798 4219 in
823 4175 900 4234 parto
919 4166 966 4220 IV.

261 4258 331 4311 *ct
351 4260 431 4311 etiam
451 4258 580 4322 Foroart,
598 4256 685 4310 lusor.
704 4252 775 4307 ised.
796 4251 828 4305 ds
853 4253 868 4304 1·
876 4253 912 4307 tle
938 4251 972 4304 de
990 4251 1102 4304 Rhodes
1120 4266 1144 4317 p.
1163 4247 1197 4302 64
1215 4266 1241 4300 n.
1259 4246 1294 4301 60

161 4364 185 4400 v·
204 4347 238 4399 44
264 4351 291 4398 et
309 4364 335 4416 p.
353 4345 395 4400 59.
