2954 4822
200 289 238 351 19
635 320 674 333 -
720 280 808 372 [rao]
854 319 897 332 -

198 476 335 541 Tretzes
365 482 474 540 narrat
501 475 677 561 Cleopatra
702 480 861 560 regnante
889 474 921 539 in
944 473 1052 538 Pharo
1081 473 1189 538 insula
1220 472 1336 537 turrim

199 583 289 646 illam
313 602 332 645 a
354 580 553 667 Dexiphane
577 587 796 644 constructam
820 600 909 658 esse,
944 599 986 643 cx
1010 598 1074 662 qua
1096 584 1196 641 noctu
1219 576 1259 641 ad
1284 598 1336 640 re-

198 685 321 771 gendos
359 685 490 749 navium
524 704 639 747 cursus
678 684 773 768 ignes
807 681 1005 760 emicabant,
1045 680 1163 746 deinde
1199 679 1337 745 eandem

199 791 346 875 reginam
362 788 487 853 Sorano
510 793 544 853 et
559 786 657 866 Rufo,
680 785 815 851 medicis
832 785 994 872 Ephesiis,
1018 806 1111 850 usam
1137 805 1212 850 esse
1236 783 1337 869 (Chil.

201 892 248 957 vr
273 892 469 977 asc-sor).

286 1005 422 1071 Constat
458 1011 569 1069 autem
601 1009 635 1069 et
667 1002 782 1067 turrim
813 1002 902 1066 illam
932 1002 965 1066 in
996 1001 1103 1066 Pharo
1132 1001 1239 1065 insula
1272 1020 1337 1064 non

200 1110 377 1196 Cleopatra
399 1110 455 1174 illa
479 1114 647 1193 regnante,
672 1106 732 1172 sed
747 1106 936 1171 Ptolemaeo
952 1105 1036 1191 Lagi
1058 1105 1126 1170 filio
1150 1125 1229 1191 rege
1253 1106 1339 1169 circa

199 1236 318 1279 annum
348 1235 377 1279 a.
403 1212 478 1278 Chr.
504 1234 535 1279 1.
559 1215 621 1278 100
645 1232 664 1274 9
687 1211 851 1288 89911919,
881 1209 1086 1297 Dexiphanis
1117 1207 1224 1272 Cnidii
1257 1208 1337 1286 filio,

199 1323 235 1382 ut
257 1319 330 1404 ipsa
352 1317 448 1381 turris
471 1316 637 1401 inscriptio
661 1312 858 1395 testabatur,
882 1334 955 1378 esse
979 1313 1193 1394 aedificatam,
1217 1318 1251 1377 et
1275 1311 1337 1378 So·

200 1442 314 1486 canum
337 1429 436 1506 atque
458 1420 591 1498 Rufum,
615 1418 730 1483 Sorani
753 1418 822 1482 fere
845 1416 1026 1502 aequalem,
1053 1415 1186 1481 Traiani
1209 1420 1243 1479 et
1267 1415 1338 1481 Ha·

201 1524 307 1590 driani
330 1530 439 1589 aetate
463 1524 623 1589 floruisse.

287 1636 432 1711 Quorum
457 1657 602 1702 errorum
627 1636 783 1720 originem
805 1641 842 1700 ut
864 1635 1036 1720 explicem,
1061 1635 1163 1720 primo
1185 1633 1258 1697 loco
1280 1633 1338 1697 de-

200 1749 382 1807 monstrare
399 1742 552 1822 conabor,
577 1761 717 1826 quonam
738 1740 833 1804 modo
857 1739 928 1803 fieri
952 1740 1098 1825 potuisse
1122 1739 1280 1826 suspicer,
1294 1744 1340 1826 'ut

204 1846 400 1934 Cleopatrae
424 1851 533 1910 aetate
550 1852 583 1910 91
599 1847 691 1909 iussu
707 1845 820 1909 turrim
838 1844 927 1908 illam
944 1865 964 1907 a
979 1842 1177 1929 Dexiphane
1195 1848 1339 1907 erectam

203 1973 276 2015 esee
301 1952 491 2037 opinaretur
514 1949 664 2014 Tzetzes.
710 1947 805 2022 Quod
832 1948 1021 2033 priusquam
1050 1947 1236 2011 accuratius
1264 1967 1338 2032 per-

202 2055 378 2139 quiramus,
402 2055 442 2120 de
466 2061 625 2142 tempore,
649 2076 712 2140 quo
736 2055 866 2139 singula
881 2052 1022 2118 Tnetzae
1047 2054 1168 2139 scripta
1192 2053 1340 2118 confecta

203 2165 289 2240 sunt,
312 2180 418 2246 pauca
442 2180 604 2245 exponam
628 2180 765 2224 necesse
790 2165 850 2223 est.

289 2280 491 2346 Gustavus
515 2281 617 2346 Hert
643 2282 676 2345 in
706 2280 995 2360 commentatione,
1026 2298 1109 2363 quae
1136 2278 1339 2343 inscribitur:

202 2383 254 2449 De
285 2385 478 2450 'l'zetzarum
511 2386 641 2450 nomine
671 2385 743 2448 vitis
772 2385 901 2471 scriptis
934 2382 1078 2469 (Lipsiae
1111 2383 1207 2468 1880)
1237 2406 1267 2470 p.
1299 2389 1340 2448 40

203 2509 271 2573 sqq.
296 2488 453 2552 ostendit:

294 2612 321 2675 1.
338 2608 469 2672 Ioannis
480 2608 621 2674 Tretzae
635 2608 801 2674 Chiliades
819 2609 899 2673 nihil
912 2609 1000 2674 aliud
1014 2630 1198 2694 essequam
1215 2609 1341 2674 scholia

211 2719 314 2777 metro
341 2713 467 2778 inclusa
500 2713 539 2777 ad
571 2711 736 2800 Epistolas
768 2714 840 2779 illas
870 2713 1016 2780 eiusdem
1050 2715 1215 2801 scriptoris
1248 2712 1341 2800 [quas

202 2818 323 2904 publici
350 2818 429 2883 iuris
454 2818 532 2883 19911
553 2815 767 2906 Ρ1999911119];

291 2941 319 3004 2.
345 2937 529 3003 Chiliadum
546 2961 662 3025 corpus
686 2941 719 3004 in
743 2946 808 3005 tres
827 2940 982 3006 secedere
1006 2941 1181 3027 pinaees,
1205 2962 1341 3027 quorum

204 3042 353 3128 primus
388 3064 503 3108 versus
532 3046 677 3110 continet
706 3045 780 3110 inde
813 3066 833 3109 a
862 3045 964 3109 Clril.
991 3044 1209 3124 1-1vloc,
1239 3045 1343 3109 alter

205 3147 304 3234 pinax
328 3167 443 3212 versus
467 3148 543 3212 inde
567 3169 586 3211 a
610 3147 710 3214 Chil.
733 3147 781 3212 IV
800 3151 855 3212 781
873 3147 957 3211 -V
975 3151 1054 3223 201,
1077 3150 1224 3213 tertius
1249 3149 1340 3213 deni-

204 3270 267 3335 que
290 3249 364 3315 inde
388 3272 408 3314 a
432 3250 529 3320 Chil.
547 3252 576 3315 V
592 3254 653 3315 202
677 3273 779 3337 usque
803 3251 843 3316 ad
868 3252 963 3315 finem
982 3251 1176 3317 Chiliadum.
1215 3252 1342 3317 Versus

207 3360 316 3418 autem
341 3355 394 3439 qui
418 3355 572 3439 leguntur
594 3355 680 3420 inter
694 3356 831 3442 primum
855 3361 888 3418 91
903 3356 1042 3421 alterum
1059 3357 1220 3442 pinacem,
1244 3356 1341 3422 Chil.

205 3458 450 3537 11191-199,
474 3458 555 3522 nihil
575 3480 706 3544 prorsus
731 3479 902 3523 commune
926 3459 1048 3526 habere
1066 3482 1139 3524 cum
1156 3459 1342 3525 Chiliadum

205 3583 353 3648 corpore,
377 3563 475 3626 immo
499 3563 634 3648 primam
658 3562 789 3626 efficere
814 3564 984 3648 epistolam
1001 3564 1209 3629 Tzetaianam
1226 3572 1260 3629 91
1282 3585 1341 3627 suo

205 3666 275 3729 loco
294 3687 366 3731 9999
382 3674 497 3746 motos,
514 3687 587 3729 oum
604 3671 733 3731 ceterae
750 3667 908 3752 epistolae
925 3689 1022 3753 prosa
1038 3670 1185 3733 oratione
1200 3669 1341 3754 scriptae

206 3806 247 3817 -
271 3775 346 3832 sunt
369 3776 479 3835 antem
505 3770 564 3833 100
588 3805 629 3816 -
654 3770 685 3833 11
715 3791 813 3834 unum
844 3771 994 3837 volumen
1019 3795 1038 3837 a
1061 3771 1181 3837 Taetza
1210 3780 1342 3836 coactae

206 3880 336 3948 essent;

295 3997 324 4060 3.
349 3994 486 4080 primum
505 3992 687 4059 Chiliadum
703 3994 851 4081 pinacem
876 3997 960 4061 11191
983 4019 1085 4062 91199
1111 4000 1341 4063 1144911141

206 4098 390 4163 conlectum
414 4122 505 4169 csse:

294 4223 322 4282 4.
355 4219 542 4303 Allegorias
568 4220 678 4286 iliadis
703 4223 898 4307 compositas
922 4245 996 4287 esse
1020 4245 1104 4287 anno
1132 4226 1227 4295 1147;
