2948 4808
573 302 787 364 ...51-

203 494 233 554 4.
256 486 328 553 Tei
352 490 384 554 in
407 489 520 556 Ioniae
543 491 625 556 urbe
650 492 821 556 sacrificuli
843 513 909 555 una
932 512 1005 555 eum
1029 490 1252 556 sacerdotibus

119 599 152 658 et
179 594 424 679 magistratibus
454 596 554 660 rebus
584 595 701 660 divinis
726 596 968 679 (κατευχαῖς,
1003 593 1252 682 [σπ]ονδαῖς,

117 695 299 787 θυσίαις)
323 709 498 788 operantur
520 703 554 766 in
577 702 797 767 consecrando
821 703 942 789 templo
966 702 1052 787 quod
1072 701 1203 766 Attalus
1221 701 1255 765 ΙΙ

119 825 179 868 rex
207 805 397 890 Apollonidi
427 807 524 871 matri
548 806 744 872 aedificavit:
776 807 823 872 Le
833 806 899 871 Bas
909 805 1047 870 -Wadn
1073 806 1153 870 Asie
1176 806 1253 869 min.

119 927 151 969 n.
168 909 208 971 88
225 912 306 974 vsi
331 929 399 993 sqq.
424 909 488 973 τῶν
511 907 547 972 δὲ
568 910 696 973 θοσιιῦν
718 906 961 995 ἐπιμεληθῆναι
984 902 1041 972 τὸν
1065 903 1152 992 ἱερέα
1169 899 1254 994 [Ἀτ-
1311 984 1313 989 ‚

120 1004 222 1076 σάλου
246 1003 424 1096 Εὗσεβοιᾘς
450 1009 534 1099 rofi]
562 1013 646 1090 θεᾶς
664 1004 909 1089 maromontem
932 1003 1096 1095 Εὐσεβοῦς
1117 1008 1174 1075 καὶ
1196 1006 1256 1097 τὴν

119 1108 239 1195 ἱέρειαν
261 1106 362 1202 αίπῆς
383 1112 452 1202 nost
476 1111 687 1203 βα]σιλίσσης
703 1111 920 1201 Στρατονίκης
942 1112 998 1180 καί
1023 1110 1079 1180 τὸν
1096 1108 1255 1199 πρίνιανιν

118 1215 175 1282 καὶ
197 1212 275 1296 τούς
297 1214 485 1304 ἱεροποιοὺς
507 1217 564 1284 καὶ
586 1214 647 1298 τὰς
673 1212 801 1306 [ἔιΊλλας
823 1215 1007 1304 σοναρχίας.
1031 1217 1089 1284 καὶ
1110 1213 1194 1302 μετὰ
1216 1213 1254 1283 τὸ

119 1320 372 1409 συντελεσθῆναι
390 1318 451 1401 τὰς
465 1318 623 1404 κατευχὰς
638 1320 695 1388 καὶ
710 1318 770 1402 τὰς
787 1318 961 1410 [σπ]ονδὰς
975 1321 1032 1388 καὶ
1046 1318 1106 1401 τὰς
1121 1319 1254 1401 θυσίας,

120 1413 200 1489 ἆσαι
222 1418 299 1503 τοὺς
321 1422 512 1513 ἐλευθέρους
533 1426 661 1504 παῖδας
683 1422 913 1512 παραβιιίμιον.

173 1546 176 1551 ’
205 1535 235 1596 5.
270 1530 408 1596 Prorsus
442 1532 625 1617 singulares
656 1538 731 1595 sunt
762 1526 927 1615 ίεροποιοί
955 1532 1099 1596 feminini
1123 1533 1255 1616 generis

120 1631 254 1718 Cyzici
276 1634 310 1697 in
332 1635 414 1699 urbe
431 1656 514 1720 quae
531 1635 681 1700 dicuntur
698 1631 861 1720 ἱεροποιοὶ
883 1631 917 1700 αἱ
935 1631 1255 1721 προσαγορευόμεναι

120 1731 316 1816 θαλάσσιαι,
342 1738 461 1824 quippe
486 1759 569 1825 quae
594 1739 770 1803 adiutrioes
794 1738 1001 1803 sacerdotum
1017 1739 1132 1803 Matris
1148 1738 1255 1802 Placi-

121 1861 202 1904 anae
227 1836 277 1925 (ai
301 1841 510 1906 σοντελοῦσαι
532 1836 609 1921 τοὺς
630 1837 774 1925 κόσμους
796 1836 889 1927 παρὰ
910 1843 951 1929 τῇ
972 1840 1082 1928 Miscet
1106 1843 1146 1929 τῇ
1162 1842 1256 1907 ma-

120 1943 229 2030 νιανῇ)
253 1945 429 2030 imaginem
452 1946 535 2011 deae
557 1947 589 2009 in
607 1947 687 2010 mari
704 1947 824 2011 lavent.
870 1946 922 2011 De
937 1947 1053 2031 quibus
1071 1968 1135 2010 non
1152 1945 1256 2010 habeo

120 2049 206 2133 quod
229 2048 346 2112 addam
370 2050 410 2113 iis
427 2070 511 2135 quae
528 2049 708 2136 disputavit
723 2049 913 2135 Marquardt
930 2051 961 2114 in
979 2050 1061 2114 libro
1077 2050 1118 2114 de
1136 2049 1255 2135 Cyzico

121 2153 201 2217 urbe
225 2175 257 2239 p.
277 2157 336 2217 100
362 2175 430 2239 sqq.

206 2257 259 2321 En
278 2259 413 2323 aliarum
435 2258 564 2322 urbium
587 2258 691 2321 titulis
715 2258 795 2322 certi
815 2256 992 2343 quidquam
1013 2257 1063 2321 his
1080 2256 1120 2322 de
1140 2258 1256 2322 officiis

122 2362 285 2424 enucleari
319 2362 433 2446 nequit
444 2361 483 2447 ¹):
525 2368 637 2425 tamen
673 2383 693 2424 a
720 2363 819 2425 nullis
851 2363 1019 2426 civitatum
1054 2360 1256 2426 Graecarum

121 2465 309 2528 sacrificulis
333 2465 415 2530 haee
439 2464 643 2530 sacrificandi
660 2465 768 2529 officia
783 2466 892 2530 aliena
907 2466 1019 2544 fuisso,
1043 2472 1155 2550 utpote
1172 2486 1255 2551 quae

122 2568 264 2631 muneris
281 2590 323 2632 ex
341 2569 442 2654 ipsius
455 2569 543 2632 vocis
557 2569 689 2633 notione
703 2568 835 2655 propria
848 2570 921 2647 sint,
939 2569 1034 2632 facile
1046 2569 1255 2652 intellegitur.

658 2759 724 2833 §2

204 2862 263 2926 DE
288 2861 447 2927 RERUM
471 2862 716 2927 SACRARUM
742 2861 1174 2928 ADMINISTRATIONE.

588 2991 608 3044 Ι.
639 2989 793 3045 Athenian.

205 3086 506 3151 Administrationis
539 3108 703 3152 sacrarum
736 3087 948 3172 pecuniarum
979 3108 1063 3172 quae
1090 3085 1132 3151 ad
1157 3109 1254 3172 peeu=

121 3190 216 3255 lieres
240 3191 448 3276 magistratus
472 3186 608 3276 (ταμίας
629 3191 695 3255 τῶν
710 3186 803 3276 ἱερῶν
817 3184 1002 3277 χρημάτων)
1026 3191 1170 3275 pertinet
1191 3191 1254 3276 ipsi

120 3294 234 3359 decem
258 3291 422 3381 ἱεροποιοὶ
445 3288 514 3359 κατ’
540 3289 687 3360 ἐνιαυτόν
710 3302 866 3380 expertes
891 3300 975 3360 sunt.
1022 3294 1085 3368 Qui
1102 3315 1174 3358 oum
1191 3314 1253 3359 non

121 3401 216 3463 certis
239 3398 374 3464 deorum
398 3399 528 3485 templis
552 3398 609 3463 sod
632 3399 767 3463 summis
789 3398 1005 3484 reipublicae
1023 3399 1117 3464 festis
1135 3398 1252 3461 saeris·
1314 3456 1316 3460 ,

120 3522 181 3587 que
204 3503 334 3589 publice
359 3502 562 3567 celebrandis
585 3501 740 3567 destinati
763 3504 838 3584 sint,
860 3503 972 3588 populi
995 3503 1087 3566 iussu
1110 3522 1129 3564 a
1152 3522 1252 3585 quae-

120 3607 261 3671 storibus
285 3629 393 3672 rerum
417 3627 581 3671 sacrarum
600 3605 768 3671 Minervae
792 3607 965 3693 pecuniam
989 3605 1164 3689 accipiunt,
1189 3625 1253 3690 qua

189 3818 211 3881 ¹)
234 3814 377 3870 Deliorum
400 3814 544 3884 ἱεροποιῶν
566 3814 657 3869 officia
679 3833 740 3868 curn
763 3815 857 3869 omnia
882 3813 937 3867 fers
960 3812 997 3866 ad
1015 3811 1252 3866 administrandus

120 3900 249 3970 pecunias
262 3919 353 3955 sacras
366 3902 534 3971 pertineant.
553 3901 702 3955 eorundem
721 3901 855 3956 sacrificia
869 3901 898 3954 in
912 3903 992 3954 tantu
1006 3900 1151 3954 titulorum
1171 3900 1252 3969 oopin

119 4005 260 4055 nunquan]
284 3992 487 4042 memorantur:
511 3988 564 4042 nisi
588 3989 662 4057 quod
688 4005 825 4057 expensae
847 3988 883 4040 ab
902 3987 941 4040 eis
960 3987 988 4039 in
1008 3987 1143 4041 sacrificio
1160 3987 1251 4040 factm

119 4078 306 4128 reeonsentnr:
330 4075 401 4129 Bull.
425 4076 459 4128 de
484 4093 551 4129 corr.
571 4075 635 4128 heil.
654 4075 691 4127 VI
709 4094 735 4144 p.
749 4076 783 4128 2‘2
801 4094 839 4128 vs.
854 4077 903 4127 180
921 4073 986 4128 τάδε
1005 4070 1141 4144 ἀνήλωται
1163 4113 1250 4126 .....

118 4166 156 4221 είς
173 4161 274 4214 θυσίαν
290 4157 443 4225 Ἀπόλλωνα
461 4157 602 4232 Ἀρτέμιδι,
622 4160 715 4228 Λητοῖ,
735 4161 901 4230 ΔιῒΣωτῆρι,
921 4162 1018 4229 Αθηνᾷ
1031 4161 1149 4230 Σωτείρα
1162 4197 1250 4213 .....

117 4248 184 4307 etna
203 4247 246 4302 ἐπὶ
264 4248 380 4319 βωμούς,
400 4249 512 4313 Πύθιον,
531 4247 668 4319 ίεροποΐιιν
686 4248 746 4300 sim.

1006 4317 1044 4370 4*
