2956 4822
123 371 132 386 ,
200 303 261 368 nc
718 300 807 391 [aa]

196 520 260 561 non
277 520 334 583 pro
351 497 564 562 Percensibus
580 499 738 563 sententia
753 501 958 584 pronuntiata
976 524 1054 569 esse.
1084 503 1146 570 Sed
1162 508 1225 572 alia
1239 509 1347 577 liuius·

196 604 240 666 rei
265 623 360 665 causa
391 610 449 667 est.
495 602 574 665 Cum
599 603 681 665 enim
705 602 800 665 Paria
823 624 886 666 non
912 605 986 667 urbs
1019 615 1111 688 esset,
1144 611 1199 674 sed
1232 614 1334 694 uicus,

195 727 258 769 non
282 707 314 769 in
337 707 397 770 hoc
422 704 477 769 sed
501 705 531 768 in
555 705 632 769 urbe
656 706 766 769 titulus
783 707 952 772 uidebatur
968 711 1134 792 ponendus
1158 736 1237 779 esse.
1276 717 1334 782 Sin

195 809 466 887 Melitaeensibus,
489 831 553 873 non
570 809 782 874 Percensibus
804 811 858 874 ille
882 832 957 895 ager
981 812 1125 880 addictus
1149 826 1242 901 esset,
1268 844 1334 906 qna

194 936 228 979 re
250 914 375 979 illorum
399 915 467 978 iura
490 914 533 977 ita
557 913 828 995 ‹lerninuercntur,
859 922 894 977 ut
918 916 956 978 lle
988 939 1045 980 suo
1078 941 1154 1003 agro
1185 934 1332 1006 potestas

195 1019 239 1083 cis
268 1040 332 1082 non
363 1020 612 1103 relinqueretur,
642 1039 705 1080 non
738 1020 905 1102 perspicio.
957 1020 1059 1083 Immo
1094 1025 1332 1092 animaduertes

193 1122 275 1187 hanc
298 1125 475 1187 sententiae
500 1131 623 1205 purtem
640 1129 741 1184 ratam
757 1109 873 1185 factam
889 1145 953 1187 non
971 1146 1050 1201 csse,
1075 1126 1133 1189 nisi
1150 1127 1331 1195 Percenacs

192 1228 224 1291 in
249 1227 430 1311 sympolitia
453 1232 675 1311 permanerent
700 1223 747 1307 (v.
770 1229 833 1305 ¹3l·
878 1226 959 1289 Tum
977 1229 1074 1310 igitur
1091 1230 1215 1294 locandi
1239 1234 1330 1298 illum

192 1353 303 1416 agrum
328 1330 566 1414 magistratibus
589 1329 839 1392 Melitaeensium
863 1335 1004 1412 potestas
1029 1338 1115 1397 osto:
1148 1337 1195 1398 sin
1225 1360 1330 1402 seces·

192 1435 290 1498 serint
306 1435 494 1514 Pereenses,
510 1433 540 1495 hi
558 1433 706 1495 nimirum
723 1455 795 1495 oum
812 1442 953 1497 tenento.
989 1434 1070 1498 Nam
1087 1457 1163 1520 ager
1179 1441 1329 1524 publicus

192 1539 361 1602 Pereensis
385 1539 569 1623 sympolitia
593 1538 670 1600 initu
694 1539 868 1600 communis
892 1540 967 1603 iuris
998 1539 1101 1605 factus
1133 1550 1189 1607 est.
1237 1546 1330 1609 Bona

191 1642 318 1727 publica
334 1650 519 1705 autemnon
538 1643 717 1705 l’crecnses
734 1642 900 1721 curabant,
917 1644 972 1712 scil
992 1651 1060 1707 tota
1072 1645 1329 1713 llelitaeensiuur

191 1747 304 1811 ciuitas
328 1747 432 1827 (cuius
455 1747 549 1809 Per-ia
574 1765 645 1828 pars
668 1750 753 1824 erat)
778 1746 830 1809 uel
855 1746 922 1810 eius
946 1747 1158 1831 magistratus.

293 1955 364 2035 54.
410 1954 559 2017 Ceterum
587 1953 800 2018 Percensibus
831 1956 920 2038 copia
949 1955 1032 2019 facta
1065 1963 1129 2039 est,
1164 1960 1328 2026 uellentne

190 2059 412 2122 Melitaceuses
438 2081 506 2122 esso
531 2080 638 2122 necne.
687 2058 758 2131 Qua
782 2080 815 2120 re
832 2066 864 2121 et
881 2058 954 2142 quid
978 2060 1159 2124 faciendum
1176 2063 1226 2145 sit,
1251 2066 1326 2129 siin

188 2162 369 2248 sympolitia
388 2172 602 2244 permaneam,
627 2163 785 2243 statuitur,
807 2172 837 2225 et
853 2163 939 2247 quid,
963 2165 988 2226 si
1005 2167 1202 2232 secesserint.
1241 2167 1324 2233 Nam

189 2268 365 2330 secessione
400 2267 483 2330 facta
518 2267 595 2330 finos
629 2267 690 2329 rati
725 2274 817 2330 erunt
851 2267 879 2329 ei
918 2269 971 2352 qui
1008 2270 1109 2352 prima
1144 2273 1324 2337 sententiae

188 2378 278 2455 parte
301 2370 462 2435 constituti
485 2376 568 2434 suut.
614 2369 694 2433 Tum
712 2391 789 2434 uero
806 2371 1028 2435 constituenda
1045 2380 1135 2436 erant
1151 2375 1220 2438 iura
1241 2399 1324 2460 quac

187 2475 419 2540 intercederent
436 2475 517 2537 iuter
530 2475 713 2554 Percenses,
729 2475 781 2558 qui
797 2475 858 2536 iam
876 2474 1014 2538 ciuitatis
1030 2484 1197 2560 separatae
1215 2480 1324 2544 locum

187 2580 385 2662 obtinebant,
417 2589 449 2643 et
479 2579 691 2663 sympolitiam
714 2579 914 2643 Aetolorum.
961 2581 1071 2664 Atque
1101 2582 1185 2645 hunc
1217 2586 1323 2649 locum

185 2685 363 2767 grauissimi
388 2685 538 2749 momenti
563 2706 631 2746 csse
655 2683 694 2745 ad
717 2684 976 2747 constitutionem
1001 2686 1201 2770 sympolitiae
1222 2688 1322 2753 Aeto·

184 2788 287 2851 lorum
319 2786 591 2870 cognoscendam,
624 2794 816 2850 monuerunt
849 2787 911 2850 iam
943 2786 1118 2853 Visoherus
1153 2788 1189 2871 (l.
1214 2791 1255 2872 c.)
1291 2803 1323 2855 et

185 2891 332 2956 Kuhnius
350 2892 385 2974 ll.
399 2892 450 2973 c).
485 2891 640 2954 Statuitur
656 2892 740 2954 enim
755 2897 791 2953 ut
806 2891 980 2954 Pereenscs
996 2891 1035 2953 ad
1054 2893 1220 2958 concilium
1238 2899 1323 2959 comss

184 3017 280 3060 mune
296 3018 395 3059 uuum
420 3017 528 3060 corum
544 3004 727 3059 senatorum
744 2996 871 3058 mittant
886 3016 965 3079 quos
987 3003 1080 3060 autea
1098 2998 1321 3064 liclitaeenscs

184 3101 352 3182 miserant,
384 3107 414 3163 et
439 3101 555 3164 tributa
584 3102 687 3164 ferant
717 3120 775 3183 pro
805 3107 874 3162 rata
904 3107 992 3183 parte
1025 3100 1117 3164 huius
1149 3106 1318 3170 senatoris.

184 3204 255 3278 Qua
289 3225 329 3267 ex
365 3205 436 3287 lege
469 3212 554 3268 rocta
588 3205 640 3268 uia
672 3203 849 3286 colligitur,
883 3225 941 3288 pro
974 3203 1194 3287 magnitudine
1225 3210 1319 3273 unius

183 3310 335 3393 cuiusque
364 3310 504 3373 ciuitatis
534 3317 565 3373 ct
594 3311 662 3372 iura
692 3315 724 3371 ct
754 3309 859 3372 officia
882 3308 966 3393 apud
991 3310 1124 3374 Aetolos
1150 3310 1321 3377 distributa

182 3412 295 3475 fuisse:
320 3434 429 3476 omnes
453 3414 599 3476 ciuitates
622 3419 742 3476 certum
768 3413 822 3475 scd
847 3434 905 3494 pro
928 3413 1068 3496 ipsarum
1099 3416 1318 3498 magnitudine

181 3513 339 3578 diuersum
365 3537 529 3579 numerum
554 3515 779 3597 srrffmgiorum
803 3517 833 3577 in
858 3523 972 3579 senatu
988 3516 1180 3580 Aetolorum
1196 3518 1317 3587 tulisse.

180 3628 276 3703 atque
300 3620 339 3682 acl
364 3621 447 3683 hunc
470 3621 694 3703 suffragiorum
718 3641 883 3682 nnmerum
909 3620 1186 3685 adcommodatam
1219 3623 1317 3688 fuisso

179 3731 362 3808 sumptuum
379 3724 578 3808 publicorum
594 3732 718 3807 partem
736 3744 830 3807 quam
846 3743 909 3786 una
925 3743 1068 3808 quaeque
1082 3724 1194 3789 ciuitas
1207 3726 1316 3792 ferret.

282 3931 430 3997 Ceterum
455 3932 772 3995 animaduertendum
797 3932 857 3995 hoc
886 3952 1010 4017 quoque
1040 3938 1104 4012 est,
1135 3940 1314 3999 senatorem

178 4036 266 4099 illum
300 4034 469 4117 βουλευτήν
502 4036 672 4120 appellari,
711 4057 771 4099 non
807 4034 981 4118 ἁπόκλητον
1019 4057 1124 4120 neque
1162 4037 1317 4121 arinulam,

178 4139 349 4212 Quaeritur
384 4139 495 4221 igitur,
533 4161 615 4223 quac
650 4140 732 4202 ratio
772 4139 988 4202 intercesserit
1023 4140 1104 4202 iatcr
1136 4141 1315 4222 flovlaora'g,

176 4241 352 4324 συνέδρους,
381 4241 579 4326 onustamur.
634 4243 726 4319 (luae
758 4264 821 4307 uon
851 4251 976 4306 tantum
1009 4242 1136 4308 diuersa
1169 4246 1312 4311 eiusdem

176 4347 300 4433 collegii
331 4351 459 4412 nomina
484 4373 552 4413 esso
582 4349 724 4415 suboluit
754 4349 849 4413 etiam
872 4348 1057 4413 Tittmanno
1092 4349 1316 4434 (Grieotrische
