3030 4816
672 288 763 379 [353]
1265 299 1281 366 ι

152 486 215 547 Kal
239 482 429 561 ἐκθλιψις
451 484 506 565 μὲν
528 487 591 549 καί
613 488 753 566 κρᾶσίς
774 489 866 564 ἐστιν,
889 485 929 564 αἰς
952 490 1001 552 ἐπὶ
1023 495 1079 552 τοῦ
1100 492 1148 553 καί
1167 488 1227 572 ἐγώ
1243 525 1283 536 -

149 586 247 670 κάγώ·
271 589 445 670 ἐκθλίβεται
469 587 528 673 γιίρ
551 588 589 654 τό
613 606 628 654 ι’,
648 597 703 655 τοῦ
724 593 775 655 καί
796 589 983 672 συνδέσμου,
1014 596 1063 657 καὶ
1093 601 1225 676 κιρνᾶται
1249 591 1285 658 τί

149 694 241 756 usal
264 717 277 755 ε
301 694 343 770 εἰς
364 710 385 758 ᾶ
406 691 531 776 μακρόν.
554 692 748 774 ἔκθλιιγιις
770 696 801 759 δὲ
823 699 884 759 καί
913 698 1155 778 συναίρεσις,
1185 695 1225 775 ὡς
1248 696 1284 762 τδ

149 797 220 877 ἐμοὶ
249 794 389 861 διιοδύνει
419 839 459 847 —-
490 797 704 879 ἐμοδκοδιίνει’
726 800 900 883 ἐκθλίβεται
932 798 989 882 γοῖρ
1020 799 1055 865 τὸ
1089 818 1104 867 ῖ
1132 809 1188 886 τῆς
1216 802 1286 882 ἐμοί

147 897 349 980 ιίντιονυμίας,
380 911 561 984 συναιριῖται
591 903 625 968 δέ
653 901 688 967 τό
717 915 734 963 d
765 907 813 968 καί
842 918 860 968 ῦ
891 905 932 981 είς
961 903 1018 988 τήν
1040 917 1076 968 ὀἶν
1101 907 1283 990 δίφθογγον.

148 1011 284 1085 κρᾶσις
307 1006 425 1070 δὲκαὶ
448 1010 691 1089 σοναίρεσις,
715 1007 756 1085 uli
779 1011 829 1072 ἐπὶ
849 1008 1133 1088 τοῦόαέιτόλος-
1150 1007 1283 1098 ᾠκόλος·

148 1116 281 1190 κιρνᾶται
306 1109 363 1192 γοίρ
387 1108 422 1174 ul
443 1123 460 1170 ῡ
483 1115 532 1176 καί
554 1126 576 1177 ᾶ
598 1115 639 1188 είς
663 1138 705 1190 m,
735 1115 784 1176 καί
813 1121 1000 1194 συναιρεῖται
1030 1112 1066 1178 ro*
1091 1139 1116 1177 ω
1140 1117 1189 1177 καὶ
1212 1110 1247 1177 td
1271 1128 1286 1178 ῖ

149 1213 191 1288 εἷς
207 1211 266 1299 τήν
288 1224 312 1301 ῳ
338 1215 520 1297 δίφθογγον.
544 1213 735 1294 ἔκθλιψις
757 1214 897 1300 δὲ<καί>
913 1217 1048 1298 κριῐσις
1066 1218 1134 1279 καί
1156 1217 1285 1280 συναί-

150 1341 271 1396 ρεσις,
299 1315 342 1395 ὡς
363 1320 412 1382 ἐπὶ
435 1320 492 1382 τοῦ
515 1318 543 1382 οἱ
565 1317 685 1383 αἰπόλοι
709 1358 750 1368 -
774 1318 903 1407 ᾠιιόλοι·
932 1323 1108 1402 ἐκθλίβεται
1132 1316 1189 1402 γαρ
1211 1316 1247 1383 τδ
1270 1334 1285 1383 ῖ

150 1425 205 1484 τοῦ
228 1419 255 1484 οἱ
278 1418 409 1502 ι’ίρθρυυ,
432 1424 482 1485 καί
503 1429 636 1504 κιρνᾶται
660 1419 695 1486 τὸ
717 1433 735 1482 ὁ
757 1424 807 1486 καί
834 1440 855 1488 ᾶ
884 1424 926 1500 εἰς
954 1448 991 1501 ω,
1022 1425 1072 1487 καί
1101 1429 1283 1503 συναιρεῖται

150 1520 186 1586 τὸ
210 1548 236 1587 ω
260 1528 308 1589 καί
334 1527 410 1595 {sic
432 1523 488 1610 τὴν
511 1536 535 1615 ρ]
558 1527 740 1611 δίφθογγον.
765 1564 804 1573 -

254 1626 376 1692 similia
385 1635 557 1714 praecepta
566 1629 606 1693 de
616 1651 675 1694 usu
686 1630 916 1694 uocabulorum
926 1627 1037 1713 κρᾶσις,
1046 1630 1214 1711 συναλρεσις
1223 1636 1282 1695 eto.

150 1739 279 1796 seruata
302 1733 429 1797 suntin
454 1731 593 1798 Crameri
615 1733 779 1799 anecdotis
802 1733 1038 1799 Oxoniansibus
1061 1734 1110 1798 lv
1134 1736 1208 1817 200,
1231 1737 1283 1817 26,

150 1835 182 1898 in
198 1835 312 1919 quibus
329 1857 411 1920 quac
425 1837 534 1901 insunt
550 1839 751 1922 corruptelae
769 1859 809 1902 ex
824 1838 909 1902 illius
921 1838 1032 1901 scholii
1044 1839 1283 1923 comparatione

150 1941 300 2004 facillime
325 1942 483 2006 remoueri
505 1951 657 2025 possunt:
1148 2024 1150 2039 ι

252 2044 459 2123 ἔνθλιψις·
484 2043 561 2108 κατοί
584 2046 796 2125 ἐμοῦ-κατ’
820 2048 906 2127 ἐμοῦ.
929 2052 1085 2127 κρᾶσις“
1102 2044 1282 2127 τδέμόν-

152 2147 275 2230 τούμόν.
306 2152 547 2229 συναίρεσις·
572 2147 705 2226 πάϊς-
730 2158 808 2227 τιαῖς.
839 2151 1028 2226 ἐκθλιψις
1059 2153 1120 2215 καί
1148 2148 1284 2232 κριίσις

151 2252 230 2337 (leg.
260 2251 395 2336 κρᾶσις)·
428 2248 493 2316 οἷον
519 2250 582 2334 ἐγιδ
612 2252 690 2339 (leg.
722 2257 770 2317 καὶ
799 2253 875 2337 ἐγώ)
909 2290 949 2300 -
981 2252 1079 2336 κάγώ·
1110 2255 1283 2336 ἐκθλίβεται

150 2354 206 2439 γαρ
230 2355 265 2419 τί
289 2372 304 2420 ῑ
326 2363 382 2420 τοῦ
402 2357 453 2420 καί
467 2354 645 2435 συνδέσμου,
668 2360 716 2421 καί
732 2362 864 2439 κιρνᾶται
881 2356 918 2421 td
933 2373 954 2422 ᾶ
969 2360 1017 2422 καί
1032 2366 1047 2421 ἐ
1063 2359 1105 2434 εἰς
1120 2373 1141 2422 οῖ
1156 2354 1282 2438 μακρόν.

151 2460 339 2538 ἔκθλιψις
361 2462 423 2522 καὶ
446 2461 689 2541 συναίρεσις’
713 2456 776 2525 οἷον
791 2463 861 2542 ἐμοί
876 2458 1007 2542 ὑβρίζεις
1023 2499 1063 2509 -
1079 2459 1282 2543 ἐμούβρίζιις·

151 2565 325 2645 ἐκθλίβεται
355 2561 412 2647 γοῖρ
442 2562 475 2628 τὸ
500 2580 523 2641 ῖ,
553 2567 601 2629 καί
631 2565 732 2647 κράσει
762 2564 840 2649 (leg.
869 2563 1068 2649 συναιρεῖται)
1098 2563 1133 2628 td
1155 2573 1172 2623 ὃ
1194 2568 1284 2627 καίῡ

151 2667 193 2743 εἷς
216 2664 272 2749 τήν
294 2692 329 2730 ου
352 2669 532 2752 δίφθογγον.
555 2671 688 2750 κρᾶσις
714 2671 779 2733 καὶ
806 2669 1050 2750 συναίρεσις·
1075 2663 1137 2732 οἷον
1159 2665 1176 2732 o'
1198 2664 1283 2730 uiuo'·

150 2775 199 2846 λος
229 2808 270 2818 -
300 2769 429 2849 α’)’τιόλος
452 2773 530 2856 (leg.
553 2771 702 2859 ᾠκόλοςγ·
727 2776 862 2854 κιρνᾶται
885 2769 921 2835 τὸ
943 2784 960 2834 ὁ
982 2799 1029 2836 και
1052 2788 1072 2837 οῖ
1094 2771 1136 2847 εἰς
1161 2796 1198 2847 ω,
1222 2768 1283 2852 [καὶ

150 2883 331 2955 συναιριῖται
353 2874 388 2938 zo*
409 2886 427 2934 ο
449 2881 499 2939 καὶ
522 2891 537 2940 ῑ
557 2877 598 2952 εἰς
621 2901 646 2939 σι
669 2874 774 2958 μέγα]
797 2879 847 2939 καί
863 2882 1042 2957 συναιρεῖται
1063 2873 1097 2938 zo*
1118 2873 1223 2956 o(leg.
1243 2872 1284 2956 ω)

151 2980 200 3041 καί
223 2992 238 3039 ῑ
260 2979 301 3054 εἰς
324 2976 381 3061 τήν
404 3003 428 3041 τι
456 2980 533 3063 (leg.
558 2978 599 3066 ῳ)
630 2980 807 3064 δίφθογγον
833 2978 940 3062 <deest
960 2978 1095 3062 septima
1118 2973 1282 3062 species>.¹

253 3082 291 3146 In
314 3083 362 3146 his
385 3084 563 3167 praeceptis
586 3084 768 3167 diligentius
790 3084 872 3150 inter
891 3084 978 3147 varia
993 3079 1204 3167 synaloephen
1227 3101 1283 3164 gc·

83 3260 89 3271 „
152 3206 238 3261 uera,
272 3206 309 3248 ac
342 3186 514 3271 praecipue
548 3187 630 3252 inter
667 3194 773 3270 κρᾶσιν
810 3194 843 3252 et
879 3186 1049 3267 συναίρεσιν
1086 3184 1283 3248 discernitur·

152 3288 338 3373 synaeresis
360 3289 457 3372 igitur
478 3290 652 3355 secuudum
683 3291 876 3354 scholiastae
906 3289 1050 3373 regulum
1079 3288 1284 3352 commissura
1367 3275 1374 3291 ”

153 3392 273 3456 uocalis
295 3402 343 3457 est
367 3414 439 3457 cum
462 3395 606 3478 sequenti
631 3408 644 3458 ῖ
667 3395 720 3458 uel
742 3406 760 3457 ῦ
782 3393 826 3456 ita
854 3393 955 3469 lactu,
985 3397 1020 3454 ut
1049 3397 1161 3454 neuter
1190 3410 1285 3453 sonus

151 3497 184 3558 in
208 3498 414 3560 commissura
433 3506 586 3578 mutetur,
615 3498 670 3562 sed
695 3512 710 3561 ῑ
732 3498 784 3562 uel
806 3510 824 3560 o
847 3517 918 3561 cum
947 3492 1157 3578 praecedente
1180 3493 1283 3556 uocali

150 3602 351 3666 coniunctum
374 3600 492 3665 efficiat
515 3600 763 3688 diphthongum,
787 3602 876 3665 uelut
898 3597 968 3675 πάϊς
991 3599 1026 3662 lit
1049 3604 1136 3675 παῖς,
1159 3596 1226 3661 ἀίω
1248 3597 1283 3660 fit

149 3703 227 3784 αὔοι,
249 3702 452 3789 Δημοσθένεΐ
468 3705 505 3770 fit
526 3703 733 3790 Δημοσθένει.

250 3809 349 3894 Atqui
372 3810 441 3874 illos
464 3811 592 3894 regulas
613 3809 889 3894 grammaticorum
911 3830 988 3874 usus
1010 3807 1139 3873 minime
1168 3807 1282 3872 confir·

150 3921 231 3979 mat:
263 3916 318 3999 qui
347 3914 443 3979 modu
474 3916 569 3980 orasis
600 3935 714 3980 noman
746 3935 804 3998 pro
836 3916 998 4000 synaeresi
1032 3919 1156 3998 ponunt
1186 3911 1282 3975 modo

151 4019 221 4082 uice
245 4039 346 4083 uersa.
393 4016 547 4084 Consonus
569 4020 676 4083 locum
700 4018 876 4084 Herodiani
907 4018 971 4100 (ed.
997 4016 1096 4082 Lentz
1119 4016 1136 4080 I
1162 4013 1282 4096 11,2):

255 4269 264 4302 ¹
282 4267 360 4320 (loni.
379 4269 460 4321 ctiam
479 4266 596 4321 ‘Scholia
614 4267 835 4335 Hephaestiouaa
852 4265 885 4319 A'
906 4263 950 4317 ed.
967 4262 1136 4316 Studcmund
1154 4262 1181 4313 in
1194 4261 1282 4313 Aneo-

152 4354 223 4408 dotis
240 4355 334 4408 Variis
353 4356 366 4408 Ι
384 4372 447 4423 pag.
467 4354 525 4410 126.

1149 4432 1192 4487 ‘m
