2970 4814
220 283 260 353 aa
390 349 394 356 ,
655 319 698 328 -
744 278 831 370 [210]
878 319 920 330 -

563 468 696 546 σνεῦταί
717 497 768 552 τις
789 468 940 562 trudignei
962 494 1008 553 σε,

219 573 289 649 οἷον
319 582 352 651 ἐν
373 586 445 662 τοῖς
466 579 607 672 στήθεσι
630 580 812 653 διανοεῖταί
840 609 892 663 τις
918 575 1075 672 ἀδικῆσαι
1104 577 1127 671 ἢ
1148 577 1279 670 βλάψαι
1304 603 1357 649 os·

220 682 264 767 ὡς
285 688 342 754 καὶ
364 682 442 776 παρ)
463 681 598 779 Ὁμήρῳ

261 801 411 891 ,στῆθος
434 799 471 866 δὲ
492 796 623 890 πλήξας
644 795 779 888 κραδίην
801 793 952 889 ἠνίπαπε
973 795 1095 887 μύθῳιι
1119 799 1196 886 (Od.
1214 825 1231 866 ο
1251 800 1314 885 11).

306 922 409 988 Vides
440 923 556 1008 igitur,
587 895 696 1008 quam·
713 922 928 1007 neglegenter
958 921 1059 987 Orion
1092 921 1210 986 Sorani
1240 920 1358 985 librum

221 1027 436 1112 excerpserit,
475 1046 547 1090 cum
584 1027 757 1091 occasione
792 1025 869 1090 data
903 1027 1039 1112 primam
1073 1046 1234 1111 quamque
1269 1025 1360 1090 verbi

220 1132 356 1195 alicuius
387 1131 524 1194 formam
554 1151 596 1194 ex
625 1136 780 1195 contextu
812 1130 886 1194 libri
915 1129 1052 1194 Soranei
1075 1129 1276 1210 desumeret,
1301 1129 1359 1194 de-

221 1240 384 1321 sumptam
406 1254 512 1318 naque
536 1239 688 1298 accurate
716 1254 821 1319 neque
849 1253 908 1298 suo
936 1235 1008 1298 loco
1037 1235 1069 1297 in
1093 1232 1358 1319 Iltymologicum

221 1359 316 1402 suurn
338 1337 573 1403 transcriberet
595 1338 690 1422 eique
714 1338 811 1402 aliam
829 1337 1004 1401 Philoxeni
1027 1338 1276 1422 originationem
1301 1336 1359 1401 ad-

221 1443 383 1527 iungeret.
420 1441 460 1505 ld
483 1462 612 1527 quoque
629 1442 814 1520 frustulum,
839 1440 926 1527 quod
949 1442 1035 1527 apud
1052 1441 1207 1506 Orionem
1234 1442 1359 1521 141,13

222 1545 391 1632 praecedit
406 1544 496 1625 illud,
520 1544 561 1609 de
584 1566 647 1631 quo
663 1547 800 1630 agimus,
824 1539 925 1610 σκαιύ
942 1544 1090 1609 vocabuli
1110 1544 1360 1631 originationem

223 1648 311 1730 dico,
343 1648 468 1715 Sorano
498 1649 637 1714 debetur
665 1655 698 1714 et
726 1671 784 1713 suo
815 1650 886 1714 loco
909 1656 1031 1713 motum
1057 1655 1108 1714 est
1130 1669 1235 1734 aequo
1259 1657 1359 1734 atque

223 1754 408 1838 insequenti
439 1753 560 1839 pagina
587 1751 657 1838 (Or.
685 1754 754 1833 142,
771 1752 825 1837 22)
855 1749 988 1838 σπέρμα
1018 1750 1222 1817 vocabulum.
1267 1752 1360 1817 Idem

223 1877 358 1942 prorsus
390 1855 430 1919 de
460 1876 538 1919 voce
566 1849 802 1942 κοτυλήρρντον
824 1853 895 1940 (Or.
919 1857 969 1934 80,
990 1855 1042 1940 19)
1074 1854 1270 1919 monendum
1301 1861 1362 1920 est.

224 1960 357 2025 Etenim
388 1959 532 2024 Soranus
560 1959 732 2043 (ο11.ΜοΙ.
758 1958 900 2043 122,12)
929 1960 963 2022 in
993 1959 1197 2045 explicandis
1225 1959 1361 2044 singulis

224 2085 339 2129 manus
370 2064 518 2150 partibus
553 2063 593 2127 de
624 2058 742 2150 κοτύλη
773 2062 933 2127 vocabulo
966 2062 1048 2126 haec
1080 2063 1181 2127 verba
1214 2064 1361 2128 lecerat:

224 2166 450 2255 κοιλαινομένρ
473 2165 510 2232 δὲ
531 2161 615 2233 κατὰ
637 2161 747 2251 βάθος
769 2160 789 2255 ἡ
814 2161 984 2255 natatem}
1007 2162 1124 2254 κοτύλη
1152 2162 1362 2252 ὠνόμασται·

225 2268 305 2338 ὅθεν
328 2268 384 2336 καὶ
408 2266 446 2336 τὸ

480 2351 736 2445 ,κοταλήρρντον
759 2345 866 2440 αἷμαιι
891 2356 944 2441 (ll.
974 2360 1007 2421 Ψ
1027 2358 1084 2444 34)
1094 2358 1119 2443 ¹)

228 2472 284 2542 διὰ
312 2472 351 2543 τὸ
382 2475 416 2542 ἒν
439 2479 487 2568 τῷ
514 2474 614 2564 κοίλῳ
640 2479 699 2566 τῆς
729 2471 835 2564 χειρὸς
862 2470 1035 2563 ἀρύεσθαι.
1086 2476 1158 2550 Qua
1186 2500 1228 2543 ex
1259 2478 1363 2564 expli·

226 2583 355 2647 catione
389 2581 489 2647 Orion
520 2583 666 2647 ultimam
700 2588 826 2646 tantum
857 2588 983 2668 partem
1014 2602 1149 2666 eamque
1182 2583 1363 2646 mutilatam

225 2686 366 2771 ideoque
399 2686 514 2751 idoneo
542 2707 641 2751 sensu
674 2693 839 2753 carentem
864 2685 1091 2772 Etymologioo
1120 2707 1178 2750 suo
1203 2688 1363 2751 inseruit:

229 2791 284 2855 01.
309 2793 360 2871 81),
380 2794 419 2854 19
445 2786 688 2879 κοταλήρροτον,
721 2786 759 2856 τὸ
783 2784 948 2855 δύνασθαι
975 2790 1023 2876 τῷ
1045 2785 1146 2876 κοίλῳ
1174 2791 1233 2877 τῆς
1260 2785 1366 2876 χειρὸς

228 2887 401 2981 ἀρύεσθαι.
1273 2908 1276 2913 ’

712 3172 818 3238 Oanos
840 3174 881 3239 V.

232 3304 290 3370 De
314 3305 445 3390 poetis
469 3310 508 3368 et
531 3303 799 3388 grammaticis
822 3303 1013 3367 aSorano
1038 3305 1083 3368 ad
1107 3304 1247 3368 librum
1272 3301 1364 3390 περὶ

310 3402 466 3494 φύσεως
488 3398 703 3492 ἀνθρώπου
727 3407 1059 3472 conscribendum
1083 3409 1286 3474 adhibitis.

319 3541 345 3601 1.
386 3536 501 3601 Sorani
525 3536 608 3600 liber
638 3537 747 3599 multis
771 3537 919 3602 versibus
943 3558 1017 3602 cum
1040 3559 1083 3601 ex
1106 3539 1243 3603 aliorum
1266 3559 1366 3624 poe-

230 3650 358 3706 tarum
392 3641 589 3705 carminibus
620 3647 689 3705 tum
721 3663 764 3705 cx
797 3639 943 3707 Homero
976 3643 1156 3729 desumptis
1188 3649 1367 3707 exornatus

230 3753 312 3826 erat,
337 3766 474 3829 quorum
497 3743 644 3809 nonnulli
668 3744 701 3807 in
718 3743 964 3830 Etymologicis,
986 3747 1137 3831 permulti
1153 3745 1239 3831 apud
1262 3745 1366 3810 Mele-

230 3850 310 3913 tium
339 3849 500 3913 asservati
531 3855 616 3914 sunt.
667 3848 713 3912 At
742 3849 893 3934 quoniam
922 3851 1079 3936 suspicari
1108 3850 1213 3935 possis
1243 3871 1368 3927 versus,

232 3974 313 4038 quos
337 3953 472 4018 exhibet
494 3952 664 4031 Melenos,
691 3973 756 4016 non
781 3953 812 4016 in
837 3952 953 4018 Sorani
977 3953 1060 4018 libro
1084 3954 1237 4030 infuisse,
1267 3954 1368 4019 seda

234 4057 368 4121 Meletio
391 4059 463 4142 ipso
488 4079 560 4122 esse
584 4058 728 4122 adiectos
751 4095 792 4104 -
816 4057 925 4122 insunt
947 4059 1032 4122 enim
1053 4059 1145 4121 multi
1169 4059 1201 4122 in
1224 4058 1367 4137 Meletia

305 4232 323 4295 ¹)
344 4229 425 4298 Apud
443 4229 595 4283 Homerum
612 4228 717 4297 legitur
734 4229 915 4299 κοτυλήρυτον
932 4228 1026 4298 ἔρρεεν
1044 4223 1123 4300 αἷμα.
