2970 4814
549 304 590 315 -
638 267 725 356 [ιω]
772 306 813 316 -

204 459 225 526 7
250 453 427 524 άκανθαε
458 482 486 524 v.
509 455 675 546 τράχηλος.

203 574 226 642 8
250 566 452 660 ἔτ’κνηστιςε
485 595 514 637 v.
538 568 704 659 τράχηλος.

205 688 364 782 96νήρ.·
399 689 492 777 παρά
520 688 558 760 τὸ
586 686 662 773 άνω,
692 689 712 760 ὅ
741 693 830 760 ἐστιν
852 687 954 759 ἆνύω·
985 690 1168 778 πρακτικὸς
1194 690 1259 780 γὰρ·

100 796 174 885 ,καὶ
192 790 363 874 άνυστικός
385 794 474 861 ε’στιν
496 797 514 862 δ
536 788 617 885 ἀνὴρ
638 790 684 875 ὡς
706 791 791 880 πρὸς
813 792 872 884 τὴν
887 801 1033 882 γυναῖκα.
1063 799 1119 864 Or.
1138 799 1254 877 16,18;

117 900 171 964 Et.
188 900 231 966 M.
252 903 322 981 107,
336 903 386 965 28.
408 937 450 947 —
474 899 522 964 Of.
548 921 646 986 supra
669 923 700 986 p.
722 905 769 966 16.

185 1022 230 1090 10
253 1014 469 1107 ὐνθερεών;
501 1044 531 1088 v.
554 1016 671 1105 στόμα.

186 1144 228 1211 11
256 1136 490 1230 άνθρωπος;
523 1139 608 1210 κατὰ
639 1141 802 1210 Πλάτωνα
840 1145 975 1231 (Oratyl.
1004 1146 1130 1232 3990)
1161 1143 1254 1230 παρὰ

115 1243 154 1313 τὸ
184 1240 301 1331 άθρεῖν
330 1246 388 1313 καὶ
404 1252 510 1329 νοεῖν,
541 1237 625 1336 ὃδὴ
660 1241 780 1314 ὐπωπε
802 1246 858 1313 καὶ
882 1240 958 1329 εἶδε,
988 1248 1137 1315 τουτέστι
1160 1245 1254 1333 παρὰ

116 1348 155 1417 τὸ
180 1349 315 1435 βλέπειν
337 1347 422 1417 κατὰ
450 1353 523 1419 νοῦν
549 1350 605 1418 καὶ
629 1350 822 1439 λογίζεσθαι
845 1348 887 1419 τὰ
911 1354 1034 1433 δέοντα,
1063 1356 1128 1420 τῶν
1149 1348 1255 1419 άλλων

119 1452 210 1537 ζώων
231 1451 278 1545 μὴ
302 1455 550 1540 προνοουμένων
571 1451 594 1546 ἢ
615 1452 661 1545 μὴ
684 1454 914 1543 λογιζομένων·
944 1451 982 1523 οὐ
1011 1452 1072 1544 γὰρ
1096 1453 1136 1523 ἂν
1158 1453 1255 1541 ἰχθὺς

118 1557 167 1638 εἰς
188 1554 305 1645 κύριον
335 1557 490 1648 εἰσῆλθεν
518 1561 601 1644 δρῶν
623 1554 721 1625 ὐλλον
742 1555 969 1645 κρατούμενον,
1000 1554 1076 1627 οὐδὲ
1099 1555 1186 1648 ὅρνις
1207 1557 1255 1639 εἰς

116 1661 210 1730 λίνα·
234 1662 266 1731 οὶ
290 1663 327 1730 δέ
348 1661 441 1750 παρὰ
460 1660 499 1732 τὸ
521 1659 710 1731 άνακλῶντα
732 1661 791 1754 τὴν
813 1659 894 1752 ὅιμιν
917 1660 983 1731 άνω
1006 1659 1139 1751 ἀθρεῖν·
1163 1663 1195 1732 οἳ
1219 1664 1255 1731 δὲ

117 1762 211 1854 παρὰ
234 1762 272 1833 τὸ
296 1763 456 1854 ἔναρθρον
477 1765 561 1851 ἔχειν
584 1762 671 1849 ὐπα,
699 1767 847 1835 τουτέστι
868 1765 979 1858 φωνήν
989 1771 1026 1857 1),
1062 1771 1127 1834 τῶν
1149 1763 1255 1834 άλλων

118 1866 210 1952 ζώων
233 1866 389 1938 ἁπάντων
411 1867 586 1958 ἀνάρθρως
608 1873 664 1939 καὶ
681 1867 876 1961 άσημάντως
891 1869 1099 1962 φωνούντων·
1123 1868 1254 1962 ἢπαρὰ

116 1970 154 2040 τὸ
186 1974 253 2059 δρῶ
284 1970 323 2042 τὸ
353 1974 482 2061 βλέπω,
515 1971 688 2064 άνδρωπος
715 1976 771 2043 καὶ
803 1972 999 2065 άνθρωπος·
1041 1972 1063 2064 ἢ
1092 1973 1184 2061 παρὰ
1215 1973 1253 2043 τὸ
1338 1972 1344 1984 .

116 2072 183 2144 άνω
212 2077 332 2167 ῥέπειν,
375 2073 548 2167 άνώροπός
576 2107 628 2160 τις
655 2074 707 2147 ι’δν.
767 2082 843 2147 Μελ.
872 2085 950 2164 7,2;
982 2082 1035 2149 Et.
1059 2082 1102 2146 M.
1127 2084 1253 2162 10616

109 2182 184 2266 (Et.
212 2182 296 2250 (rud.
314 2187 398 2265 σεο
422 2187 632 2272 et611,46).
680 2187 712 2272 1)
737 2186 925 2266 or.16‚10.

206 2295 249 2363 12
273 2287 472 2374 ἇντιάδεςε
501 2318 529 2361 v.
554 2291 671 2381 στόμα.

206 2407 250 2475 13
273 2400 467 2495 ἀντέχειρε
492 2430 522 2475 v.
545 2404 709 2476 δάκτυλοι.

205 2520 250 2588 14
272 2514 435 2605 άρθρονε
467 2544 495 2588 v.
520 2519 642 2600 σκέλος.

206 2634 249 2702 15
274 2625 480 2719 ὐριστεράτ
496 2631 622 2719 λέγεται
634 2630 693 2721 [δέ]
708 2635 786 2720 ημῖν
799 2628 911 2712 δεξιὰ
921 2628 1000 2717 χείρ,
1015 2635 1035 2720 η
1051 2631 1087 2699 δὲ
1097 2633 1251 2717 ἀριστερὰ

116 2733 138 2826 ἢ
160 2731 323 2823 εὐώνυμος
352 2733 484 2826 ἢλαιά.
528 2733 621 2803 λαιὰ
643 2735 712 2821 μέν,
742 2731 811 2804 άπὸ
834 2741 895 2803 τοῦ
916 2732 1109 2818 λελιάσθαι,
1140 2733 1251 2803 ὅέστι

115 2838 319 2928 κεχωρίσθαι
348 2843 413 2906 τῶν
443 2836 602 2928 πράξεων,
637 2836 693 2906 διὰ
719 2836 758 2906 τὸ
782 2833 976 2906 άδίδαιτον·
1000 2833 1187 2927 ἀριστερὰ
1215 2840 1251 2906 δέ

115 2943 171 3011 καὶ
195 2938 392 3030 εὐώνυμος
416 2940 459 3035 [ἢ]
479 2939 556 3011 κατ’
575 2939 782 3033 εὐφημισμὸν
803 2937 913 3033 ἢκατ’
933 2937 1129 3031 ἆντίφρασιν
1139 2945 1184 3030 1)·
1215 2943 1251 3010 ἐκ

114 3051 173 3115 τοῦ
201 3042 334 3136 άριστσς
360 3046 420 3136 γὰρ
441 3039 570 3136 ’γίνεται
594 3043 748 3136 ἀριστερά
756 3049 794 3134 ²),
823 3046 879 3113 καὶ
910 3046 947 3113 ἐκ
975 3054 1035 3113 τοῦ
1062 3043 1251 3131 καλιύνυμος

114 3147 291 3237 εὐώνυμος·
334 3148 356 3243 ἢ
392 3147 564 3241 ἀριστερὰν
600 3153 761 3238 καλοῦμεν
794 3147 853 3239 τὴν
882 3145 941 3217 οὐκ
974 3141 1075 3217 οὖσαν
1104 3148 1249 3239 α’ρίστην,

115 3251 198 3324 ἀλλὰ
232 3263 273 3346 τῇ
303 3254 395 3346 ἑτέρη
424 3252 663 3345 ὑπηρετοῦσαν·
705 3255 831 3343 λέγεται
857 3253 913 3321 καὶ
937 3250 1066 3336 σκαιά,
1096 3250 1189 3339 παρὰ
1210 3250 1249 3322 τὸ

115 3357 247 3444 στάζειν
258 3360 335 3446 περὶ
348 3358 409 3441 τὰς
418 3358 571 3446 πράξεις·
589 3355 633 3450 [ἢ]
646 3355 697 3427 ὅτι
713 3354 932 3442 ἀσθενεστέρα
947 3360 1007 3447 τῆς
1022 3358 1132 3438 δεξιᾶς
1146 3356 1248 3424 ἐστιν·

114 3465 191 3533 δδέ
214 3463 359 3555 ἀσθενὴς
382 3461 510 3547 στάζει·
534 3462 614 3532 ὅθεν
635 3462 692 3531 καὶ
716 3459 831 3543 σκαιὸς
847 3456 1036 3551 άνθρωπος,
1062 3457 1079 3529 ὁ
1101 3458 1250 3548 σκαμβδς
1276 3538 1277 3542 ¹
1345 3516 1347 3520 .

114 3566 198 3636 κατὰ
220 3565 347 3657 γνώμην
378 3568 435 3636 καὶ
466 3563 525 3635 οὐκ
548 3563 695 3655 ὐρθόςῧ).
750 3563 867 3648 δεξιὰ
894 3567 931 3633 δὲ
957 3566 1083 3653 λέγεται
1113 3562 1248 3654 ηέτέρα

52 3693 54 3698 ·
113 3667 183 3740 άπὸ
213 3673 272 3740 τοῦ
298 3672 456 3760 δέχεσθαι
484 3667 533 3739 δι)
559 3667 662 3762 αὐτῆς
683 3668 724 3738 τὰ
752 3667 907 3756 διδόμενα
937 3666 981 3751 ὡς
1010 3669 1069 3736 ἐπὶ
1091 3665 1129 3738 τδ
1153 3672 1248 3737 πλεῖ-

113 3797 205 3844 στον·
250 3773 272 3867 ἢ
306 3769 377 3844 οἶον
405 3773 497 3859 δεξιά
526 3772 646 3869 (διεξιά
674 3777 757 3844 coni.
787 3775 1057 3861 studemundus),
1088 3767 1157 3841 άπὸ
1188 3777 1248 3842 τοῦ

113 3882 157 3948 δι’
184 3875 288 3970 αὐτῆς
316 3877 377 3961 τὰς
404 3879 562 3960 πλείονος
591 3880 745 3962 διεξιέναι
767 3877 950 3967 πράξεις4).
1005 3879 1083 3945 Mel.
1110 3883 1179 3960 123,
1197 3883 1247 3945 26.

116 3985 148 4072 1)
165 3987 220 4051 Or.
239 3989 291 4067 92,
306 3989 356 4051 22.
392 3985 427 4073 2)
444 3986 500 4053 Or.
518 3989 569 4068 58,
585 3990 633 4052 18.
673 3988 705 4069 3)
723 3985 778 4051 Or.
800 3987 940 4066 141,13;
964 3985 1020 4049 cfr.
1039 4005 1137 4070 supra
1152 4006 1182 4070 p.
1195 3987 1245 4049 34.

113 4090 146 4175 4)
170 4089 225 4156 Or.
243 4093 335 4169 46,.4.

202 4201 246 4269 16
269 4196 461 4286 ἁρμαλιάε
488 4224 517 4267 v.
542 4195 648 4287 ὐρτος.
