2954 4822
86 1117 162 1182 Non
184 1119 347 1205 integrum
371 1120 526 1185 traditum
550 1124 601 1183 est
625 1118 686 1182 hoo
710 1139 857 1194 carmem
882 1142 960 1207 ergo
983 1120 1169 1187 addendum
1193 1119 1226 1185 in

88 1222 153 1287 fine
178 1224 218 1288 ad
237 1283 253 1291 -
271 1231 323 1289 est
339 1239 366 1312 (.
380 1267 401 1291 o
414 1239 442 1311 ,)
476 1231 514 1288 ut
540 1223 680 1288 dimeter
701 1223 860 1287 iambicus
884 1225 1048 1312 prioribus
1072 1226 1228 1306 dimetria,

88 1327 144 1410 qui
160 1328 436 1414 praecedentibus
452 1327 652 1393 tetrametris
670 1326 767 1412 epodi
783 1326 880 1391 modo
897 1327 1015 1392 adiecti
1028 1335 1113 1408 sunt,
1130 1329 1230 1394 adae-

89 1440 216 1515 quetur.
262 1431 396 1497 Initium
420 1431 572 1497 carminis
596 1430 652 1494 rix
675 1436 764 1496 recte
788 1430 943 1496 traditum
966 1439 1034 1515 est,
1059 1434 1122 1497 nisi
1145 1433 1228 1497 forto

88 1534 231 1600 nominis
260 1537 384 1622 proprii
407 1528 610 1621 (Εὐρυπύλῃ)
640 1533 772 1598 licentia
802 1542 1001 1622 anapaestus
1036 1542 1227 1610 excusatum

89 1638 295 1705 desideratur
317 1639 465 1704 clausula
487 1639 670 1704 tetrametri
692 1638 824 1704 iambici
846 1639 942 1705 buius
965 1641 1090 1706 formae
1107 1682 1128 1707 ο
1141 1682 1190 1708 ,ο
1203 1689 1230 1719 -,

87 1803 103 1812 .
118 1786 212 1825 .ο.,
235 1751 292 1809 aut
314 1785 576 1823 .........
583 1792 591 1824 ,
609 1747 666 1806 ant
685 1784 809 1824 ..ο-,
824 1785 953 1825 ο.ο.,
979 1745 1094 1830 quales
1114 1746 1229 1830 legun-

89 1855 141 1911 tur
170 1849 204 1911 in
233 1869 262 1913 v.
286 1849 316 1912 3.
343 1850 372 1913 6.
397 1850 427 1911 9.
454 1849 502 1910 12.
541 1844 742 1932 Westphalii
770 1849 947 1930 sententia,
981 1869 1077 1934 quam
1108 1847 1231 1933 profert

88 1951 147 2015 11⁶2
172 1974 202 2037 p.
221 1954 299 2016 733:
324 1950 384 2031 ξαν
403 1951 407 2034 Ι
427 1952 476 2038 θῇ
502 1949 538 2014 δέ
559 1942 589 2034 γ’
616 1942 789 2038 Εὐρυπύλῃ
812 1949 902 2035 μέλκι
931 1951 1132 2038 respondere
1158 1952 1228 2016 colo

90 2046 236 2137 ἀσπίδος
255 2045 479 2139 ἀρτοπώλισιν
499 2075 529 2122 u.
546 2056 565 2116 6
585 2113 601 2121 -
614 2096 635 2121 υ
648 2112 664 2122 .
678 2097 699 2121 c
710 2097 730 2120 ο
743 2113 759 2121 -
772 2097 792 2122 υ
806 2114 822 2122 -
836 2088 860 2109 =
874 2098 1108 2124 ........
1131 2061 1230 2141 atque

90 2158 305 2225 mutationem
329 2157 424 2244 primi
449 2165 483 2222 et
506 2158 640 2222 secundi
663 2159 827 2244 glyconei,
852 2160 906 2244 qui
924 2159 1086 2239 dicuntur,
1109 2159 1230 2245 hyper-

90 2264 178 2328 thesi
206 2263 359 2328 effectam
383 2264 492 2327 inesse
516 2262 549 2325 in
579 2262 631 2327 his
654 2263 774 2341 verbis,
808 2263 939 2349 probari
962 2283 1026 2327 non
1056 2269 1167 2349 potest
1189 2262 1230 2327 ab

90 2368 146 2447 iis,
176 2367 231 2452 qni
260 2386 333 2429 oum
365 2365 533 2444 iambicis,
561 2387 625 2430 non
653 2388 726 2431 cnm
754 2365 953 2452 logaoediois
976 2368 1126 2432 versibus
1153 2368 1230 2432 cho-

90 2470 232 2535 riambon
257 2471 454 2554 coniungere
486 2470 624 2535 soleant.
670 2470 835 2555 Bergkius
858 2470 940 2534 duos
963 2473 1085 2556 primos
1116 2492 1231 2536 versus

89 2574 131 2639 ad
155 2572 245 2638 aliud
268 2594 399 2637 carmen
422 2573 609 2638 referendos
633 2594 708 2639 osse
732 2581 835 2660 putot.
881 2575 920 2638 In
944 2596 973 2640 v.
993 2578 1031 2638 12
1055 2576 1086 2639 in
1109 2569 1230 2660 χρύσεα
1267 2646 1268 2651 1

90 2680 178 2744 etin
202 2676 330 2765 φορέων
353 2677 511 2764 synizesis
540 2677 685 2744 admissa
708 2686 768 2744 est.

175 2887 305 2962 Eadem
321 2895 465 2976 licentia,
481 2916 546 2981 qua
560 2893 801 2980 Aristophanes
818 2893 909 2980 (nub.
926 2898 1021 2971 10263
1044 2918 1134 2983 vesp.
1152 2900 1228 2970 530;

90 3001 236 3066 Acharn.
256 3003 337 3064 1158
356 3032 397 3055 =
418 2999 526 3085 1170),
549 2998 635 3064 idem
658 2998 833 3063 Anacreon
856 3020 936 3063 usus
960 3007 1010 3063 est
1032 2999 1069 3063 ir.
1085 3003 1126 3063 32
1139 3000 1165 3085 ¹)

348 3115 507 3204 Ὠινοχόει
531 3117 565 3185 d‘
588 3112 784 3207 ἀμφίπολος
804 3114 956 3206 μελιχρὸν

354 3217 450 3306 οἶνον,
474 3219 656 3310 τρικύαθον
677 3221 809 3311 κελέβην
831 3218 960 3305 ἔχουσα.

174 3504 267 3570 Idem
292 3505 330 3570 fr.
356 3504 508 3584 auhsne,
531 3523 613 3589 quaa
637 3503 670 3567 in
692 3499 939 3589 Aristophanis,
962 3499 1143 3588 Euripidis,
1168 3500 1228 3567 So-

89 3609 217 3696 phoclis
245 3608 387 3694 strophis
412 3608 566 3688 occurrit,
595 3604 723 3671 dimetri
746 3605 877 3671 iambici
901 3605 1037 3671 formam
1061 3610 1230 3693 usurpavit

250 3829 333 3899 Οὐδ’
349 3820 392 3898 αὖ
413 3830 449 3917 μ’
465 3827 573 3911 ἐάσεις
594 3825 747 3918 μεθύοντ’
766 3827 878 3899 οἴκαδ’
894 3826 1071 3914 ‹inofficia-
1130 3882 1133 3887 .

89 4045 142 4110 ubi
170 4045 205 4109 in
237 4042 299 4109 fine
329 4041 536 4109 desideratur
561 4058 665 4132 (oc.)
691 4042 732 4107 ad
764 4041 963 4129 explendum
994 4039 1227 4105 choriambum.

160 4255 181 4320 ¹)
202 4249 358 4319 Westphal,
376 4249 425 4302 ΙΙι
443 4267 470 4318 p.
489 4250 549 4304 765.

986 4335 1021 4386 9*
