2954 4808
280 1058 477 1144 Scriptorum
500 1058 540 1124 de
564 1080 598 1124 re
621 1059 752 1125 metrica
768 1059 966 1126 Graecorum
989 1061 1130 1127 studium
1146 1084 1217 1128 oum
1242 1074 1315 1151 post

176 1171 304 1230 renatas
327 1164 359 1227 in
381 1162 475 1227 Italia
498 1163 620 1228 litteras
642 1163 683 1228 ab
707 1163 885 1230 bominibus
907 1164 1011 1231 doctis
1033 1166 1115 1232 adeo
1130 1167 1312 1252 neglectum

54 1343 57 1352 ¹
174 1269 302 1349 iaceret,
318 1274 354 1331 ut
371 1267 523 1352 perpauci
543 1268 669 1332 illorum
687 1268 838 1333 librorum
854 1269 997 1332 notitiam
1014 1275 1172 1349 tenerent,
1192 1271 1313 1354 primus

176 1370 401 1456 Rudolphus
432 1369 634 1454 Westphal
669 1372 702 1434 in
734 1370 816 1436 libro
851 1370 893 1437 de
924 1392 958 1436 re
989 1371 1120 1437 metrica
1150 1373 1314 1457 ingeniose

176 1475 357 1560 conscripto
380 1473 456 1554 (vol.
473 1472 505 1537 Ι2
527 1493 599 1558 pag.
618 1476 678 1538 196
702 1473 786 1558 sqq.)
811 1472 981 1559 diligenter
1001 1474 1174 1560 inquisivit,
1199 1477 1314 1562 singuli

175 1578 346 1660 scriptores
376 1576 498 1641 metrici
529 1596 592 1662 quo
623 1577 747 1642 vinculo
778 1577 861 1641 inter
892 1599 926 1642 se
959 1576 1167 1643 cohaererent
1179 1579 1198 1643 ¹.
1250 1580 1314 1656 Qui

176 1700 368 1767 quamquam
390 1686 514 1765 partem
538 1685 663 1744 tantum
685 1680 754 1744 veri
783 1679 931 1765 dispexit,
963 1689 999 1746 ut
1028 1703 1086 1766 par
1116 1689 1165 1747 est
1193 1683 1223 1747 in
1250 1684 1313 1750 dis·

177 1785 291 1871 ciplina
325 1803 409 1847 nova
439 1783 622 1862 tractanda,
651 1782 683 1846 id
709 1790 816 1849 tamen
852 1784 973 1867 effecit,
1004 1791 1040 1849 ut
1076 1785 1141 1850 duo
1179 1787 1239 1852 viri
1272 1788 1312 1853 de

176 1886 319 1953 doctrina
335 1885 466 1951 metrica
478 1886 597 1969 optime
612 1887 718 1951 meriti
734 1886 905 1972 scriptores
921 1887 962 1953 de
976 1910 1011 1953 re
1028 1889 1159 1955 metrica
1171 1890 1313 1957 Graecos

175 1992 207 2056 in
231 1990 432 2056 bibliothecis
454 1989 590 2054 latentes
621 1989 733 2054 sedulo
756 1989 989 2075 investigarent
1020 1999 1052 2057 et
1083 1991 1311 2061 describerent.

175 2095 258 2160 Nam
282 2094 493 2159 Guilelmus
517 2092 769 2177 Studemund‚
793 2100 984 2180 praeceptor
1007 2117 1107 2179 meus,
1130 2097 1312 2183 perquisitis

174 2198 374 2264 bibliothecis
395 2197 518 2263 Italicis
543 2196 576 2260 in
605 2198 711 2262 annali
734 2197 900 2284 philologo
922 2201 1051 2264 91861
1073 2221 1146 2285 pag.
1165 2203 1227 2267 609
1244 2221 1312 2286 sqq.

176 2309 210 2370 et
233 2325 260 2368 a.
286 2303 369 2367 1885
400 2322 470 2387 pag.
495 2302 557 2365 748
580 2322 647 2386 sqq.
671 2322 794 2366 necnon
826 2301 858 2365 in
886 2300 1059 2369 Anecdotis
1088 2302 1245 2369 Ohisianis
1277 2310 1313 2380 (a

177 2405 336 2470 Guilelmo
374 2403 598 2487 Mangelsdorf
630 2402 845 2469 Oarolsruhae
882 2425 910 2469 a.
950 2408 1031 2471 1816
1066 2405 1173 2491 editis)
1211 2416 1244 2474 et
1280 2408 1313 2472 in

176 2506 416 2575 Anecdotorum
438 2507 609 2571 Variorum
631 2506 834 2573 volumineI
864 2506 908 2591 (a.
944 2509 1041 2590 1886)
1073 2510 1181 2595 largos
1213 2517 1312 2596 atque

174 2611 411 2697 inexspectatos
443 2609 556 2674 effudit
589 2610 756 2675 thesauros
788 2610 829 2675 ad
859 2610 947 2673 illam
977 2614 1145 2676 materiam
1173 2613 1312 2699 locuple·

175 2711 304 2778 landam
326 2714 580 2798 scriptorumque
604 2711 644 2777 de
667 2732 702 2777 rc
725 2714 857 2778 metrica
879 2712 1042 2778 historiam
1060 2717 1311 2800 contexendam3

175 2823 208 2883 91
224 2817 438 2882 Guilelmus
460 2816 788 2883 Hoersohelmann
809 2816 840 2879 in
858 2816 972 2884 Museo
990 2817 1146 2884 Rhenano
1162 2819 1314 2886 XXXVI

173 2919 218 3005 (a.
237 2921 335 3004 1881)
355 2942 429 3007 pag.
445 2923 509 2986 260
531 2942 599 3006 sqq.
615 2927 648 2985 et
663 2921 696 2984 in
712 2930 949 3007 programmate
972 2922 1166 3009 Dorpatensi
1182 2945 1210 2989 a.
1230 2927 1312 2989 1882

174 3026 416 3092 commentarios
438 3026 470 3089 in
493 3024 744 3112 Hephaestionis
767 3024 975 3091 Euchiridion
1005 3028 1202 3113 conscriptos
1228 3049 1312 3094 nova

172 3129 243 3195 luco
265 3129 445 3195 illustravit

277 3231 436 3314 Interea,
461 3236 545 3317 quae
568 3228 802 3296 Studemund
826 3231 858 3296 in
881 3230 985 3297 lucem
1002 3235 1171 3318 protraxit,
1196 3237 1313 3322 scripta

173 3335 304 3400 metrica
325 3334 455 3417 inedita,
480 3333 556 3398 dum
578 3333 744 3399 historiam
767 3335 960 3422 scriptorum
982 3334 1021 3401 de
1044 3357 1079 3401 re
1094 3339 1228 3404 metrica
1243 3360 1312 3426 per·

173 3439 281 3519 lustro,
304 3459 383 3522 prae
405 3437 519 3503 ceteris
535 3458 586 3502 me
602 3436 723 3502 allicuit
740 3438 905 3522 congeries
920 3437 976 3502 illa
991 3439 1115 3504 metrici
1134 3443 1314 3525 argumenti

173 3541 232 3609 sub
244 3540 495 3626 Hephaestionis
511 3540 638 3606 nomine
653 3560 719 3605 non
734 3541 845 3626 paucis
857 3540 1017 3607 codicibus
1030 3541 1159 3626 tradita,
1176 3565 1313 3631 quorum

172 3645 278 3710 nullus
299 3644 428 3710 saeculo
451 3642 516 3708 XV
538 3643 698 3730 antiquior
722 3664 791 3710 esse
814 3643 958 3728 videtur3
982 3645 1065 3711 conl.
1088 3666 1170 3731 quae
1193 3648 1234 3714 de
1253 3649 1315 3714 hac

171 3770 207 3815 re
233 3747 433 3814 Studemund
457 3747 595 3813 breviter
623 3747 747 3813 rettulit
776 3747 808 3810 in
838 3747 946 3812 annali
978 3748 1142 3834 philologo
1175 3772 1203 3817 a.
1230 3752 1312 3816 1867

170 3873 246 3938 pag.
277 3853 466 3918 611-614.
512 3851 665 3917 Precibus
698 3851 796 3936 igitur
825 3872 845 3915 9
877 3849 1097 3918 Studsmundo
1129 3855 1246 3939 petivi,
1277 3848 1316 3919 ut

172 3956 250 4021 mihi
272 3954 343 4020 libri
358 3955 759 4043 Pseudo-Hephaestionei
782 3955 971 4022 aestimandi
994 3955 1180 4023 facultatem
1203 3956 1313 4042 daret3

275 4200 284 4234 ¹
305 4195 385 4250 Ocni.
405 4197 487 4251 etiam
506 4200 707 4265 Augustum
726 4199 912 4253 Rossbach
933 4199 961 4252 ln
975 4200 1186 4268 programmatis
1205 4199 1316 4254 univer·

174 4283 263 4338 citatis
282 4282 508 4340 Vratislariensia
527 4301 551 4340 a.
572 4283 639 4346 1867
658 4290 685 4341 91
704 4284 779 4343 1858.
