3030 4816
656 328 746 414 [333]
1230 327 1270 391 33

17 602 20 608 ⁴
136 519 202 610 α’ρῳ
224 530 422 588 contractum
448 545 517 588 esse
540 525 702 588 statuisset
726 545 766 587 ex
790 526 822 588 ἐν
844 531 886 613 τᾷ
908 523 1034 613 ἑπιάρῳ,
1065 524 1150 609 quod
1174 523 1271 586 attice

137 626 261 692 dicatur
282 630 314 693 ἐν
337 631 377 716 τῇ
402 630 508 717 ἐπαρᾷ,
538 636 648 712 postca
677 625 766 711 (dial.
789 627 856 693 dor.
878 650 931 713 pg.
955 626 1034 712 550)
1064 629 1105 692 ab
1126 626 1179 691 illa
1202 626 1268 710 opi·

137 731 231 794 nione
245 753 410 815 regressus
427 732 592 797 Bceclchio
609 731 765 796 concessit
781 752 892 798 uocem
907 735 1048 797 neutrius
1064 730 1189 817 generis
1205 730 1269 793 ἐπί-

137 859 208 915 αρον
227 835 343 900 -litteris
365 837 481 902 inesse.
527 836 710 900 Boeekhius
733 834 783 916 (O.
806 836 832 901 I.
858 836 895 901 G.
923 835 988 918 11),
1012 857 1083 900 cum
1105 837 1199 898 ENT
1217 832 1268 897 lit·

136 943 219 1003 teras
241 938 281 1002 ad
303 940 531 1023 praecedentes
559 939 691 1003 referret
721 940 870 1023 uoculas,
899 940 1044 1025 scripsitt‘
1072 937 1138 1003 αἵτε
1171 935 1269 1017 δᾶμός

135 1041 207 1118 ἐπ’,
230 1041 344 1131 ἕπιάρῳ
366 1043 393 1104 κ’
415 1041 548 1125 ἕνέχοιτο
571 1049 642 1125 etc,
665 1044 727 1106 ἐντὶ
751 1043 883 1108 formam
898 1043 1058 1109 Aeolicam
1084 1064 1141 1128 pro
1158 1042 1266 1106 Attica

135 1146 203 1209 ἐστί
222 1148 417 1210 existimans.
462 1146 585 1211 Deinde
608 1147 700 1212 dicit:
733 1146 837 1232 „Nam
861 1148 943 1232 quod
975 1148 1125 1212 statuitur
1154 1149 1267 1210 ἐντετυ-

135 1247 200 1337 cipp
223 1271 279 1334 pro
303 1253 336 1315 ἐν
358 1256 406 1340 τῷ
427 1251 551 1338 ἐπιάρῳ,
575 1253 644 1336 quis
667 1251 776 1315 tulerit
793 1251 913 1317 Graece
930 1251 1068 1316 doctus?
1100 1250 1137 1315 In
1154 1255 1269 1335 quarta

138 1354 221 1419 enim
244 1355 350 1419 littera
365 1357 393 1417 E
412 1377 476 1419 non
491 1362 598 1439 potest
613 1357 715 1421 inesse
732 1382 756 1444 ῳ
771 1377 828 1441 per
844 1357 945 1421 crasin
961 1354 1141 1435 admistum,
1161 1375 1268 1438 neque

136 1484 159 1546 ῳ
182 1458 374 1544 apostrophe
399 1459 558 1524 abiectum
582 1481 661 1526 3333.
698 1459 766 1524 Ν33
783 1482 863 1546 opus
879 1459 1112 1545 praepositione
1136 1460 1183 1522 s'v:
1207 1456 1269 1521 ἐνέ-

133 1562 252 1644 pendat
272 1588 329 1625 τινι
352 1585 455 1649 aeque
485 1565 634 1629 usitatum
665 1571 713 1630 est
744 1572 842 1650 atque
875 1565 1039 1648 ἐνέχεσθαι
1072 1562 1104 1627 ἕν
1135 1589 1200 1639 τινι,
1232 1567 1270 1625 ut

134 1664 248 1730 dicitur
259 1663 361 1750 ἔνοχος
372 1664 451 1731 εἷναί
462 1695 527 1746 τινι,
540 1690 601 1735 non
614 1668 645 1732 ἔν
657 1695 711 1733 τινι
714 1719 822 1736 ......
835 1670 949 1754 Itaque
962 1666 1021 1732 ἐντ’
1033 1676 1081 1733 est
1093 1669 1167 1743 ἐστι’,
1181 1663 1266 1749 quod

135 1775 173 1833 ut
194 1768 334 1834 Doribus
364 1770 511 1836 tribuitur
535 1770 647 1856 (Greg.
670 1793 700 1858 p.
724 1770 814 1855 280),
846 1773 890 1836 ita
913 1771 1012 1835 multo
1037 1771 1138 1854 magis
1161 1768 1267 1833 Aeoli·

136 1893 206 1936 cum
229 1873 298 1937 luit.
333 1873 396 1937 Pro
413 1873 493 1956 ἱερός
510 1876 628 1940 Aeoles
648 1876 714 1957 ἵρος
730 1875 848 1941 dixisse
864 1881 1013 1941 notantur
1029 1872 1140 1956 (Greg.
1156 1894 1187 1957 p.
1204 1874 1266 1937 589

138 1983 170 2040 33
192 1976 279 2060 intt.)
321 1984 334 2040 t
355 1986 459 2043 recte:
482 1979 536 2044 sed
561 1981 614 2044 ille
637 1980 818 2044 Aeolismus
841 1979 978 2044 Asianus
1001 1985 1032 2041 et
1049 1978 1183 2042 Lesbius
1208 1983 1266 2041 est.

137 2080 241 2144 Dores
256 2080 407 2145 dixerunt
422 2081 518 2163 ἱαρός,
535 2084 618 2168 quod
632 2083 907 2169 Peloponnesiaco
922 2083 1084 2148 Aeolismo
1100 2081 1159 2145 fuit
1175 2080 1267 2161 ἴαρος.

136 2183 221 2249 Ηί33
245 2188 365 2267 ἐπιάρος
387 2208 444 2271 pro
468 2189 586 2272 s'pt'apog
607 2196 644 2253 ut
664 2189 696 2250 in
714 2187 852 2253 Cumaeo
876 2209 1030 2252 marmore
1046 2186 1192 2266 καταρῶν
1209 2204 1267 2268 pro

136 2290 298 2370 καθιεροῦν
320 2298 352 2354 33
375 2291 562 2373 κατείρωσιςε
586 2293 617 2355 in
641 2293 756 2377 quibus
779 2317 804 2356 ει
828 2292 905 2356 nihil
927 2293 987 2356 nisi
1005 2307 1025 2356 ῖ.
1072 2290 1203 2373 Ἑφιέρος
1218 2295 1268 2351 est

137 2392 326 2457 adiectiuum
349 2394 389 2459 de
418 2395 515 2459 rebus
545 2397 664 2459 numini
698 2396 828 2479 oblatis3
862 2397 936 2461 hinc
967 2396 1116 2481 placenta
1147 2393 1267 2478 ἕῳίερος

135 2495 217 2561 dicta
248 2518 299 2581 ap.
322 2497 446 2564 Polluc.
469 2498 519 2563 Vl
544 2502 601 2580 76,
634 2500 688 2564 ubi
719 2501 806 2563 uaria
836 2501 930 2564 lectio
961 2501 1072 2583 ἕφιέρις
1100 2497 1153 2562 uel
1176 2497 1266 2580 praui

136 2605 284 2665 accentus
316 2621 411 2667 causa
442 2602 619 2693 spernenda
648 2611 705 2668 est.
752 2601 798 2667 Τό
821 2605 945 2688 ἕφίερον
968 2611 1072 2666 autem
1097 2626 1121 2666 s.
1146 2602 1268 2680 ἕπίαρον

136 2725 220 2768 3333
242 2712 291 2768 333
314 2706 414 2770 multa
438 2705 498 2770 deo
522 2697 693 2771 soluenda:
725 2706 811 2770 aliud
838 2709 921 2772 enim
945 2706 1018 2770 alibi
1042 2726 1099 2790 pro
1129 2726 1162 2769 re
1192 2709 1266 2767 nata

135 2808 166 2870 in
191 2807 247 2871 illc
271 2808 437 2888 adiectiuo,
470 2810 522 2872 ubi
555 2811 745 2874 substautiui
778 2809 849 2875 loco
879 2819 1061 2894 usurpatur,
1092 2808 1267 2890 intelligen-

137 2910 211 2974 dum
236 2913 314 2976 est.“

238 3015 474 3081 Boackhianam
507 3018 603 3102 igitur
634 3020 803 3083 lectionem
836 3018 1015 3083 Ahrensius
1047 3017 1178 3100 recepit,
1211 3014 1266 3079 sed

135 3118 195 3183 ἐντ’
203 3120 361 3204 pluralem
372 3142 539 3185 numerum
551 3143 621 3187 esse
634 3123 753 3186 iudicat
764 3123 796 3204 (l.
807 3124 845 3201 c.)
857 3122 905 3187 his
918 3144 993 3186 3333
1006 3121 1122 3185 uerbis:
1143 3118 1267 3201 ,Minus

136 3230 219 3288 recte
237 3224 429 3306 singularem
445 3228 510 3289 ἐντί
520 3227 656 3290 Philolai
673 3229 863 3292 auctoritate
876 3226 1019 3291 defendit
1034 3225 1092 3308 (sc.
1104 3224 1267 3304 Francius,

135 3328 237 3393 Elem.
262 3327 369 3411 Epigr.
385 3329 440 3393 Gr.
463 3350 515 3414 pg.
533 3329 625 3412 380).
657 3329 798 3396 Facilius
823 3330 925 3395 eidem
948 3330 1147 3407 assentimur,
1171 3347 1268 3412 quum

135 3433 195 3496 ἐντ’
223 3434 377 3516 pluralem
409 3433 581 3498 existimari
615 3456 710 3517 posse
743 3441 859 3514 monet,
891 3454 1073 3520 quanquam
1103 3430 1267 3496 collocatio

135 3537 216 3600 inter
245 3538 432 3621 singulares,
465 3537 643 3602 nadals'oeac
668 3546 700 3604 et
735 3538 877 3621 ἕνέχοιτο,
910 3536 1090 3601 duriuscule
1121 3541 1180 3599 est.
1225 3531 1269 3597 Et

135 3639 372 3704 Boeckhianam
395 3637 519 3723 quidem
542 3642 631 3704 uocis
659 3643 771 3721 ἕπιαροι
795 3641 1088 3725 interpretationem
1120 3642 1155 3699 ut
1185 3657 1268 3700 nunc

136 3745 236 3829 magis
267 3745 456 3828 probemus,
487 3745 525 3807 iis
557 3764 800 3826 permonemur,
836 3766 918 3829 quae
949 3745 981 3806 in
1014 3741 1138 3806 duobus
1169 3741 1268 3803 titulis

137 3848 284 3912 Phocicis
307 3847 412 3911 Rossii
435 3847 601 3932 leguntur3
632 3871 678 3914 nr.
705 3850 755 3929 74,
778 3870 794 3910 a
818 3849 840 3914 l.
865 3851 884 3912 6
913 3843 1172 3930 [ποταποτισὰτω]
1196 3841 1270 3907 ποθ’

134 3951 216 4034 ἱερόν
245 3957 291 4040 τῷ
321 3951 499 4040 Ἀσκλαπιῷ
530 3951 691 4035 ‹ipy[vpt‘ou
723 3958 802 4032 μνᾶς
836 3961 896 4016 333.
920 3957 952 4015 et
982 3972 1027 4013 nr.
1054 3952 1104 4027 74,
1135 3949 1199 4013 bl.
1230 3948 1270 4011 16

135 4058 183 4118 καὶ
206 4052 241 4119 τὸ
263 4055 319 4135 μὲν
344 4054 452 4137 ἣμισον
474 4055 552 4119 ἔστω
582 4054 655 4138 [τοῦ
684 4055 888 4137 προστάντος,
919 4052 954 4118 td
976 4056 1010 4117 ds*
1041 4050 1166 4135 ἧμισο]ν
1195 4047 1272 4113 ποθ’

135 4159 215 4242 ἱερὸν
246 4167 302 4224 τοῦ
324 4159 525 4226 Ἀσκλαπιοῦ.
571 4162 705 4227 Rossius
737 4162 921 4225 adnotauit:
952 4157 1033 4222 ‘nott'
1065 4154 1156 4239 lapda,
1186 4152 1269 4239 quod

137 4265 245 4328 nescio
268 4284 308 4327 an
332 4285 485 4349 nusquam
509 4265 583 4329 alibi
608 4265 742 4349 legatur,
767 4265 815 4328 his
838 4265 869 4327 in
887 4264 963 4327 locis
980 4281 1103 4325 sacram
1120 4259 1271 4322 mulctam

136 4365 195 4434 deo
217 4367 403 4435 soluendam
419 4367 595 4453 significare
618 4368 822 4436 manifestum
846 4368 913 4433 est.'
957 4364 1031 4430 Non
1054 4361 1279 4447 intelligimus,
