2954 4822
537 305 576 316 -
623 266 709 355 [ιοτ]
756 307 798 319 -
1199 272 1236 334 31

101 458 181 524 illud
204 457 352 544 quadrat,
384 457 472 545 quod
495 479 526 527 ν.
544 462 605 524 320
629 478 735 543 aeque
759 480 797 523 ae
819 460 942 546 primus
967 460 1100 526 schema
1122 517 1138 526 .
1152 501 1202 526 „o
1216 515 1240 536 .,

99 622 115 631 .
129 605 212 631 aa-
233 564 267 628 in
290 564 383 627 initio
405 564 553 650 praebet.
597 563 764 650 Deinceps
789 565 888 630 etiarn
914 566 1063 631 versibus
1087 564 1240 651 strophae

100 671 180 732 aet
210 672 241 731 ll
277 675 310 731 et
344 669 566 755 antistropbae
599 691 627 735 v.
662 673 682 732 9
719 710 972 748 ..υ-,-υο-
1011 690 1068 756 pro
1102 667 1240 733 dimetro

99 777 199 857 poeta
228 772 385 837 adhibuit.
432 773 594 838 Convenit
623 773 775 859 strophae
804 778 872 839 tam
903 774 1005 839 libere
1038 773 1239 860 compositae

100 876 234 940 aebema
248 934 265 943 -
277 895 318 943 ω
329 918 351 944 ο
363 936 379 945 .
395 879 426 942 in
446 878 570 947 duobus
592 879 672 942 eolis
694 876 828 943 diiambi
845 879 952 944 locum
969 899 1149 963 oeeupans:
1174 899 1204 943 r.
1221 881 1239 939 5

100 988 133 1045 et
155 983 175 1046 8
199 982 421 1068 antistropbae
449 976 605 1049 δεινότατ’
636 975 716 1050 dart
741 983 746 1069 Ι
772 1000 902 1051 Aoo.
926 990 960 1048 et
982 977 1065 1048 ἀλλὰ
1088 978 1237 1064 πολέμου

99 1103 244 1165 .ωυ-,
283 1087 334 1150 cui
368 1094 507 1172 utroque
544 1089 616 1153 loeo
651 1089 684 1152 in
723 1087 857 1173 stropha
887 1086 1065 1174 respondet
1094 1104 1238 1153 oceo-.

100 1190 172 1264 Quo
197 1192 316 1256 collato
340 1198 373 1256 et
395 1192 501 1257 minus
527 1194 676 1257 soloeeus
707 1190 871 1258 videbitur
900 1213 974 1256 esse
1005 1191 1154 1276 dactylus
1178 1213 1238 1276 pro

99 1296 207 1360 iambo
235 1295 413 1375 admissus,
446 1303 479 1360 et
508 1297 629 1382 optime
660 1296 816 1382 probatur
846 1296 981 1360 formam
1009 1314 1145 1362 aaa-
1174 1317 1239 1359 non

99 1399 276 1464 choriambi
305 1400 363 1465 sed
393 1400 526 1465 diiambi
559 1423 633 1466 esse
665 1401 875 1475 solutionem;
900 1417 1032 1468 „Oed-
1056 1400 1156 1478 enim,
1187 1400 1239 1464 eui

99 1502 178 1567 illud
196 1504 382 1589 respondet,
406 1519 470 1569 non
487 1506 629 1570 solutum
647 1525 721 1569 esse
745 1525 787 1569 ex
803 1563 818 1572 .
833 1546 883 1570 ου
896 1562 911 1573 .
934 1510 1081 1590 apparet.
1128 1504 1234 1589 Spon-

100 1603 180 1670 deus
209 1627 238 1669 v.
264 1608 325 1670 324
350 1639 389 1661 =
415 1609 477 1671 338
509 1607 666 1693 producta
696 1613 835 1692 utraque
865 1606 993 1692 syllaba
1022 1609 1121 1693 longa
1148 1655 1182 1671 r.
1204 1658 1239 1673 ,-

99 1710 231 1775 diiambi
261 1712 333 1775 loeo
367 1718 462 1777 extra
497 1712 644 1776 ordinem
681 1711 903 1796 adglutinatus
939 1713 971 1776 in
1001 1712 1063 1775 hoe
1095 1713 1239 1776 carmine

99 1815 233 1879 liberius
256 1815 436 1899 composito
460 1815 567 1878 minus
591 1814 726 1878 offendit
739 1815 775 1899 ¹).

361 2049 436 2114 nub.
461 2052 632 2114 ere-esa
656 2079 695 2103 =
725 2047 972 2132 roae-10332)

121 2182 193 2246 XO.
217 2180 271 2244 riv
294 2175 437 2260 δείξετον
458 2174 505 2245 τα)
528 2174 656 2244 πισίνω
678 2182 750 2257 τοῖς
772 2175 988 2265 περιδεξίοισι
1189 2211 1236 2251 ιιι

212 2278 339 2370 λόγοισι
362 2283 419 2350 καί
443 2280 594 2372 φροντίσι
617 2282 674 2349 καί
697 2278 927 2370 γνωμοτύποις
948 2279 1130 2369 μερίμναις,

213 2380 373 2475 ὃττόταρος
395 2381 510 2454 αίιτοῖν
532 2385 632 2473 λέγων
654 2379 796 2472 ἀμείνων
818 2382 1011 2475 φανήσεται.

215 2495 270 2556 νῦν
293 2486 354 2578 γὰρ
378 2486 470 2570 ίίντας
492 2486 614 2557 ἐνθάδε
635 2487 782 2568 κίνδυνος
803 2483 929 2556 ἀνεῖται
954 2486 1086 2578 σοφίας,
1189 2522 1235 2562 ιιι

213 2583 253 2684 ἧς
277 2593 352 2680 πέρι
376 2599 448 2674 τοῖς
469 2592 563 2679 ἐμοῖς
585 2591 696 2683 φίλοις
719 2592 808 2660 ἐστίν
829 2587 916 2680 ἇγών
937 2593 1100 2680 μέγιστος.

188 3099 226 3164 Ια
249 3100 311 3165 hae
337 3100 471 3187 stropha
495 3122 568 3165 eum
584 3101 701 3166 tertius
725 3119 850 3176 versus,
874 3098 939 3182 qui,
963 3099 1025 3162 nisi
1048 3107 1145 3165 tonen
1170 3107 1236 3165 sta-

100 3206 211 3286 tueris,
236 3204 384 3269 iambiois
401 3206 580 3290 exaequari
596 3226 661 3269 non
678 3209 798 3290 potest,
821 3202 1047 3267 difficultatem
1069 3206 1237 3289 praebeat,

100 3308 266 3393 Bergkius

350 3430 452 3518 λέγειν
474 3423 615 3514 ἀμείνων
637 3423 776 3513 πότερος
798 3421 980 3516 φανήσεται

99 3658 277 3745 legendum
306 3679 380 3723 esse
415 3663 542 3730 censet;
575 3656 633 3721 sed
662 3655 778 3741 quibus
810 3653 918 3718 verbis
946 3675 1025 3718 usus
1056 3653 1099 3717 sit
1128 3660 1237 3740 poeta,

98 3766 155 3828 vix
184 3770 275 3829 eerto
303 3764 424 3849 poterit
454 3762 635 3840 enucleari,
664 3781 738 3825 eum
766 3758 990 3845 antistrophae
1022 3778 1134 3821 versus
1164 3777 1236 3822 eor-

99 3876 206 3934 reetor
237 3867 393 3931 metricus
426 3866 473 3928 sie
504 3864 769 3950 interpolaverit,
801 3868 838 3925 ut
868 3866 1132 3946 exsequerentur
1162 3883 1235 3926 ver-

170 4077 191 4141 ¹)
209 4073 266 4128 vid.
287 4072 353 4129 Oed.
370 4091 417 4128 rex
434 4074 486 4127 493
500 4097 531 4119 =
547 4072 598 4128 503
617 4075 647 4127 et
664 4087 784 4140 eaquae
803 4087 886 4140 supra
904 4069 961 4123 dixi
982 4068 1016 4122 de
1035 4068 1226 4140 Thesmophor

99 4161 231 4216 oarrninis
249 4160 332 4215 initio
351 4179 376 4215 v.
394 4162 445 4215 953
464 4179 491 4230 p.
510 4161 551 4214 22.

170 4251 192 4315 ²)
210 4248 368 4318 Westphai,
386 4248 434 4300 Ι]ἱ
453 4266 480 4316 p.
500 4247 557 4302 736.
575 4247 634 4300 842.
