2954 4822
237 280 276 341 rc
668 317 709 326 -
756 274 844 366 [aar]
892 318 931 328 -

321 472 395 550 πῶς
418 462 475 537 οὖν
498 462 559 536 οὐκ
581 463 621 535 r'r'v
644 495 695 549 τις
717 470 839 553 ὁμιλῶν
859 466 969 555 χαίροι
992 472 1106 558 τοιᾷδε
1128 465 1236 550 radias,

320 568 358 640 ἵν’
384 571 509 656 ἔξεστιν
531 570 619 642 ποίου
641 576 755 663 λεπτῷ
777 577 868 663 κακῷ
889 599 925 641 το
946 571 1006 665 τὴν
1030 572 1120 642 ἰδέαν
1143 626 1253 643 .....

234 1173 361 1238 Horum
388 1195 543 1239 versuum
570 1175 650 1239 dnos
677 1175 798 1261 primos
826 1174 942 1239 ionicis
971 1173 1120 1238 attribuit
1143 1174 1373 1260 Hephaestion

233 1277 284 1342 his
308 1276 416 1342 verbis
439 1299 470 1364 p.
495 1281 550 1343 58;
587 1284 680 1359 Ταχα
709 1276 746 1343 δὲ
772 1276 829 1343 καὶ
857 1273 895 1344 τὸ
925 1272 1078 1361 κωμικὸν,
1106 1272 1145 1343 τὸ
1174 1274 1373 1364 καλούμενον

233 1375 418 1461 ἒπιωνικὸυ,
442 1377 751 1469 πολυοχημοίτιοτον
773 1378 962 1447 συνέθεσαν.
1008 1376 1168 1447 Μάλιστα
1184 1373 1213 1446 δ’
1233 1379 1266 1446 ἒν
1282 1374 1373 1471 αὐτῷ

234 1477 355 1564 ἀταξία
378 1480 501 1573 πολλὴ,
524 1478 545 1573 ἡ
569 1482 646 1563 τοὺς
668 1481 864 1563 σπονδείους
886 1477 938 1549 ἐπ’
964 1476 1097 1569 ἀρτίους
1117 1480 1225 1571 χώρας
1252 1481 1372 1568 ἔχουσα

234 1591 300 1656 τῶν
323 1586 486 1674 laudrado
507 1591 674 1677 ουζυγιῶυ,
705 1581 775 1656 οἷον
797 1583 875 1677 παρ’
901 1582 1063 1657 Εὐπόλιδι
1086 1589 1120 1658 ἐν
1134 1593 1256 1681 Χρυσῷ
1273 1591 1372 1673 Γένει,

234 1685 349 1762 elaad.

233 1802 404 1868 Diiambus
431 1803 530 1868 tertio
558 1804 632 1867 loco
662 1804 787 1888 positus
817 1801 939 1867 indicat
968 1821 1080 1867 versus
1108 1822 1150 1865 ex
1178 1801 1263 1866 binis
1295 1823 1371 1866 oon·

234 1913 320 1971 stare
344 1908 423 1971 colis
445 1948 702 1987 ,,,,,,,,,
726 1912 759 1971 et
781 1948 1037 1985 υυυυυυυυυ
1061 1926 1198 1991 quornm
1221 1907 1254 1970 in
1280 1913 1371 1971 utro-

233 2032 296 2097 que
320 2011 425 2097 priore
449 2011 521 2076 loco
544 2011 730 2075 inveniatur
752 2009 923 2091 diiambus,
946 2016 1101 2095 sequatur
1116 2011 1254 2076 ionicus.
1292 2011 1371 2077 For·

113 2146 116 2150 ·
234 2122 323 2179 tasse
358 2116 456 2180 etiam
492 2114 581 2200 Cycl.
619 2137 649 2181 v.
679 2117 1046 2197 495,4=503,4=
1070 2117 1142 2192 511,
1167 2118 1186 2178 4
1213 2135 1245 2200 p.
1271 2115 1310 2179 73
1340 2122 1374 2180 et

232 2218 356 2285 Bacch.
381 2221 431 2297 72,
452 2224 479 2285 l.
496 2221 516 2282 2
535 2251 574 2272 =
592 2221 643 2300 88,
664 2224 689 2284 1.
707 2221 726 2281 2
750 2240 780 2303 p.
798 2220 839 2283 88
867 2217 906 2282 de
929 2217 1085 2303 epionieis
1107 2217 1258 2282 admissis
1282 2219 1371 2304 cogi·

233 2324 295 2387 tari
318 2328 439 2410 potest.

320 2490 482 2564 Quoniam
506 2489 635 2573 singula
658 2488 811 2574 exempla
834 2494 1028 2575 persecutns
1056 2509 1144 2570 sum,
1172 2509 1259 2554 nunc
1288 2489 1371 2555 haec

233 2594 432 2680 generaliter
455 2593 617 2657 monenda
641 2599 718 2657 sunt
741 2591 783 2656 de
807 2591 987 2656 ionicorum
1009 2613 1084 2658 usu:

325 2701 351 2762 l.
375 2697 486 2761 Ionico
511 2719 530 2762 a
552 2697 677 2761 minore
701 2696 839 2761 Alcman
862 2697 984 2782 primus
1008 2716 1087 2760 usus
1112 2702 1172 2775 est,
1197 2696 1372 2762 echoricis

235 2803 342 2887 poetis
366 2804 441 2881 (nec
465 2808 575 2866 tamen
599 2801 631 2864 in
656 2800 854 2865 carminibus
879 2799 1026 2879 ohoricis,
1050 2805 1087 2863 ut
1109 2798 1251 2883 videtur)
1274 2822 1371 2887 prae-

234 2912 327 2970 terea
349 2905 581 2990 BacchylideS,
610 2904 820 2983 Timocreon,
849 2904 1011 2984 Praxilla,
1036 2925 1054 2969 e
1077 2904 1203 2969 melicis
1229 2903 1372 2993 Sappho,

234 3007 393 3089 Alcaeus,
421 3008 704 3095 Lycophronides,
732 3008 878 3095 inprimis
906 3007 1090 3073 Anacreon.
1135 3007 1188 3071 Ex
1212 3010 1371 3074 scaenicis

235 3113 341 3198 poetis
370 3113 562 3199 saepissime
586 3114 770 3198 Aeschylus
792 3113 906 3178 ionicis
930 3133 1007 3177 usus
1031 3119 1092 3193 est,
1120 3113 1285 3178 rarissime
1311 3114 1370 3178 So·

234 3216 380 3304 phocles.
1260 3204 1264 3213 ¹

322 3323 351 3384 2.
375 3321 520 3408 Longius
543 3343 639 3408 quarn
664 3320 888 3385 choriambum
911 3343 931 3384 a
954 3319 1097 3385 diiambo
1121 3321 1241 3388 distare
1265 3324 1371 3388 visum

236 3445 309 3490 esse
332 3425 471 3489 ionicum
487 3448 507 3490 a
521 3426 647 3491 minore
670 3424 751 3488 illud
772 3430 823 3489 est
839 3431 1043 3509 argumento,
1065 3426 1099 3509 a)
1115 3425 1200 3510 quod
1216 3428 1371 3493 vetustis-

236 3530 308 3594 simi
333 3529 464 3614 quidom
487 3538 617 3616 poetae,
642 3531 695 3617 qui
718 3531 814 3616 primi
837 3530 944 3595 ionico
960 3531 1011 3595 usi
1026 3537 1102 3595 sunt
1118 3530 1161 3594 ad
1177 3532 1369 3598 variandum

235 3632 422 3715 diiambum,
447 3634 595 3714 Alcman,
622 3633 766 3719 Sappho,
782 3634 966 3713 Anacreon,
990 3635 1104 3699 ionicis
1120 3635 1277 3701 diiambos
1296 3659 1370 3702 sae-

234 3737 308 3822 pius
331 3735 585 3817 admiscuerunt,
607 3739 749 3802 scaenici
763 3758 839 3803 vero
856 3738 888 3803 in
904 3738 1046 3824 strophis
1060 3740 1176 3805 ionicis
1192 3739 1371 3810 diiambum

235 3841 338 3904 rarius
360 3849 554 3925 posuerunt;
566 3843 591 3925 ¹)
615 3841 650 3927 b)
671 3842 757 3928 quod
775 3843 808 3906 in
825 3843 945 3907 vicinia
961 3844 1152 3926 ionicorum,
1175 3844 1231 3910 ubi
1247 3846 1369 3912 hicum

306 4016 326 4081 ¹)
346 4013 386 4069 Cf.
405 4014 529 4069 Alcman.
547 4015 580 4068 fr.
598 4014 640 4068 83.
653 4014 695 4069 84.
708 4015 749 4079 87,
768 4016 785 4069 2
802 4033 887 4086 supra
904 4035 931 4086 p.
950 4017 995 4080 52;
1014 4016 1118 4086 Sapph.
1137 4016 1169 4071 fr.
1182 4020 1223 4073 58.
1239 4019 1273 4073 59
1285 4036 1369 4089 supra

234 4118 259 4168 p.
279 4100 325 4162 653
343 4100 442 4155 Anaer.
460 4101 493 4155 fr.
510 4100 552 4155 47.
565 4100 654 4154 4849
671 4118 755 4170 supra
774 4120 799 4171 p.
813 4104 858 4165 543
878 4102 1081 4173 Lycophronid.
1100 4102 1161 4157 fal
1180 4120 1264 4172 snpra
1282 4122 1308 4174 p.
1320 4104 1368 4164 57ς

234 4188 361 4255 Aeschyl.
381 4190 454 4243 Pers.
475 4189 705 4254 102,3ε108,3
723 4208 808 4261 supra
826 4210 852 4261 p.
871 4194 919 4255 58;
937 4190 1033 4260 Eurip.
1046 4189 1130 4243 Rhea.
1143 4190 1203 4253 360,
1213 4189 1230 4243 3
1240 4215 1272 4237 =
1283 4192 1370 4255 3703

234 4275 906 4352 ἱοίτορ.79;ΕοροΙ.ίτ.290.291.2828ιιρυαρ75,
916 4278 956 4334 76.
971 4276 1106 4334 Cl.etiam
1116 4274 1368 4347 infranr.4(p.77).
