3030 4816
685 331 773 423 [aar]
853 425 856 430 p
1257 337 1294 407 15

164 538 280 604 Festeu
293 561 324 602 u.
334 537 413 621 dgl.,
429 536 566 601 dariiber
581 535 651 599 siud
668 536 725 599 wir
743 535 825 600 ohne
841 533 1064 599 Nachrichten.
1075 584 1082 599 .
1092 585 1116 600 ..
1140 534 1214 600 Viel
1228 557 1297 600 aus·

164 643 339 727 gedehnter
362 642 439 706 aber
461 661 535 724 mag
558 640 615 703 der
631 638 765 703 Gewinn
783 659 929 721 geweseu
945 639 1022 718 sein,
1045 637 1101 702 der
1117 639 1174 702 mit
1190 639 1298 703 diesen

164 747 302 811 Stricken
318 746 489 810 ausserh
499 745 565 808 alb
584 743 710 825 Roms,
726 744 758 807 in
778 742 839 807 den
853 742 987 807 Stadten
1002 742 1133 807 Italicus
1149 743 1296 826 gemacht

165 846 291 915 wurde.'
335 850 480 924 Quanam
504 848 567 912 alia
590 849 711 911 ratione
726 848 910 911 Ambivium
933 848 1039 930 gregis
1062 847 1223 911 domiuum
1241 868 1299 932 pu·

168 954 304 1017 tabimus
316 952 445 1017 Caecilii
469 951 592 1015 fabulas
616 960 746 1015 exactas
762 951 874 1033 egisse,
892 950 966 1015 dum
982 958 1102 1015 starent
1114 951 1167 1033 (of.
1180 950 1297 1036 Hecyr.
1404 1013 1409 1020 ,

165 1059 245 1143 prol.
264 1057 298 1121 II
313 1079 343 1120 v.
362 1061 397 1120 4:
421 1075 522 1119 nouas
546 1056 599 1139 qui
621 1062 747 1118 exactos
765 1055 833 1136 feci
855 1062 890 1118 ut
911 1056 1298 1135 inueterascerent,v.10:

166 1163 289 1225 eosdem
312 1182 406 1244 apere
430 1161 525 1243 coepi,
547 1165 583 1222 ut
604 1158 763 1222 abeodem
779 1159 861 1221 olias
877 1159 1036 1238 discerem,
1053 1180 1083 1224 v.
1098 1161 1153 1222 13:
1174 1165 1298 1242 poetam

119 1336 125 1351 ,
164 1267 346 1330 restituito
369 1264 494 1345 locum),
517 1264 576 1327 uisi
599 1270 789 1347 potestatem
812 1263 841 1326 ei
864 1261 960 1326 fuisse
984 1263 1034 1326 vel
1058 1261 1183 1326 Romae
1206 1263 1298 1326 certis

164 1370 246 1433 ludis
271 1370 321 1433 vel
345 1370 377 1432 in
394 1368 589 1453 municipiis¹
606 1374 730 1430 veteres
746 1366 870 1429 fabulas
885 1366 1044 1430 referendi
1060 1367 1298 1431 existimamus?

164 1473 214 1538 De
238 1495 300 1558 qua
323 1494 357 1537 re
380 1474 557 1536 accuratius
579 1471 662 1535 iufra
686 1470 785 1535 verba
810 1470 956 1535 facienda
979 1477 1080 1553 erunt,
1112 1471 1167 1535 ubi
1190 1471 1230 1534 de
1253 1470 1299 1533 fa·

166 1577 313 1641 bularum
339 1577 569 1661 possessoribus
591 1597 732 1659 agemus.

696 1870 765 1952 §2

474 2028 523 2078 DE
542 2026 696 2079 urnulas
714 2025 996 2079 conrnnssunrls

268 2203 387 2267 Comici
410 2201 625 2264 Romanorum
648 2208 763 2283 poetae
779 2200 888 2284 paucis
903 2202 1046 2285 exceptis
1062 2201 1136 2266 inde
1151 2204 1192 2267 ab
1207 2204 1297 2268 initio

168 2329 266 2393 usque
299 2307 338 2370 ad
369 2306 539 2390 septimum
568 2305 730 2368 saeculum
760 2325 788 2367 u.
805 2327 831 2369 c.
862 2326 954 2368 omne
976 2306 1139 2389 ponebant
1161 2308 1299 2372 studium

169 2413 200 2475 in
235 2409 457 2475 convertendis
489 2409 619 2471 Graecis
649 2408 775 2473 fabulis.
833 2408 894 2481 Qui
925 2430 980 2472 cur
1010 2410 1050 2473 ab
1073 2419 1299 2495 argumentoe

167 2515 385 2580 Romanorum
417 2513 482 2575 vita
512 2511 664 2576 sumendo
687 2511 897 2575 abstinuerint
919 2512 1078 2596 iidemque
1100 2535 1214 2596 novae,
1237 2536 1301 2579 non

169 2619 340 2703 antiquiori
364 2617 560 2680 Graecorum
583 2616 765 2679 comoediae
788 2619 975 2680 navaverint
998 2638 1136 2701 operam,
1160 2640 1198 2682 ea
1214 2618 1252 2683 de
1267 2639 1302 2684 ra

168 2723 249 2787 bene
273 2722 488 2805 disputatura
512 2717 732 2802 Koenr'plroffio
756 2715 813 2781 ‘De
830 2721 953 2784 ratione
969 2741 1065 2803 quam
1080 2721 1246 2786 Terentius
1268 2723 1301 2787 iu

169 2826 286 2889 fabulis
308 2825 430 2907 graecis
453 2823 550 2886 latine
574 2821 795 2886 convertendis
818 2830 943 2886 secutus
965 2819 1020 2886 ost'
1043 2822 1192 2889 Coloniae
1206 2828 1300 2891 1843.

168 2928 205 2993 In
237 2927 397 2992 vertendis
429 2934 536 2989 autem
568 2925 802 3009 exemplaribus
832 2947 893 2989 uon
925 2926 1037 2990 eadem
1065 2929 1205 2991 omnium
1227 2951 1302 3013 poe·

168 3038 273 3094 tarum
306 3030 383 3094 fidos
416 3035 502 3093 erat:
536 3028 590 3091 alii
622 3028 653 3091 id
685 3028 833 3111 agebant,
867 3035 902 3092 ut
933 3050 1029 3114 quam
1062 3030 1302 3115 diligentissime

169 3135 292 3199 Graeca
315 3133 542 3216 exprimerent,
566 3138 674 3195 contra
697 3131 752 3194 alii
775 3132 916 3195 consulto
939 3133 1096 3197 Graecum
1119 3137 1303 3220 exemplum

168 3238 316 3303 liberiore
340 3229 434 3302 modo
459 3238 647 3315 tractabant,
671 3236 734 3300 alia
757 3237 808 3300 vel
831 3236 958 3301 aliunde
982 3239 1183 3303 arcessebant
1197 3241 1249 3304 vel
1263 3241 1303 3305 de

168 3364 224 3406 suo
254 3342 430 3406 addebant:
463 3342 545 3405 inter
577 3361 655 3424 quos
688 3340 747 3403 fuit
770 3339 946 3405 Terentius.
998 3341 1059 3414 Qui
1082 3343 1242 3426 quomodo
1266 3366 1304 3408 ea

170 3445 200 3508 in
231 3467 264 3510 re
293 3452 435 3509 versatus
457 3445 507 3527 sit,
543 3465 584 3507 ex
614 3445 658 3507 eis
681 3443 794 3526 elucet,
827 3445 939 3528 quibus
962 3445 1227 3529 adversariorum,
1250 3449 1304 3532 qui

170 3548 294 3613 diverso
326 3549 454 3614 consilio
485 3548 665 3626 utebantur,
697 3547 829 3610 crimina
850 3547 1027 3611 convellere
1050 3549 1156 3613 studet
1179 3551 1210 3615 in
1233 3572 1304 3635 pro-

171 3652 261 3736 logis.
315 3651 446 3716 Summa
478 3659 586 3717 auteur
615 3652 765 3733 omnium,
796 3672 877 3736 quae
894 3652 940 3715 illi
963 3652 1111 3717 Terentio
1134 3655 1305 3738 exprobra·

170 3753 256 3834 baut,
280 3756 363 3820 inest
385 3756 418 3820 in
441 3756 546 3820 verbis
568 3756 670 3820 Andr.
692 3754 772 3839 prol.
785 3777 814 3819 v.
833 3757 893 3818 16:

276 3965 337 4016 ¹cl.
360 3964 503 4016 Ritsrlrrlii
520 3964 634 4030 Parerg.
654 3980 679 4029 p.
700 3962 747 4015 88:
839 3959 883 4015 ‘da
907 3963 981 4014 dieas
1006 3963 1123 4026 (donnini
1145 3966 1250 4030 oreris)
1276 3982 1305 4016 aa

173 4069 273 4111 waren,
299 4050 386 4102 denen
414 4051 458 4102 dia
478 4051 580 4102 Stlloka
605 4050 674 4102 nach
695 4051 743 4101 der
762 4059 853 4102 ersten
873 4049 1053 4115 nuffuhrung,
1079 4049 1123 4101 dia
1143 4051 1226 4102 alleiu
1247 4053 1305 4103 dem

172 4139 285 4190 Dichter
311 4139 438 4189 Houorar
464 4137 585 4202 abwarf,
612 4137 742 4200 andelao,
771 4137 878 4189 woraul
894 4138 932 4188 sie
952 4137 1091 4188 dieselben
1112 4137 1253 4189 weitorhin
1272 4154 1306 4189 zu

173 4225 258 4276 ihrsm
279 4224 391 4288 eigcnen
408 4223 531 4275 Vorthcil
552 4224 580 4273 in
593 4222 647 4272 und
661 4238 787 4274 ausser
800 4223 879 4287 Rom,
897 4238 926 4274 so
947 4222 989 4274 ort
1007 4225 1109 4290 gerade
1122 4222 1204 4273 keine
1217 4239 1306 4276 novae

172 4310 285 4361 fabulae
305 4308 402 4374 nbtlrig
422 4324 524 4373 waren,
543 4309 583 4360 als
602 4312 709 4360 veteres
728 4325 761 4360 zu
780 4307 971 4360 wiederholter
985 4307 1157 4372 Auffsrlrrung
1175 4309 1307 4363 brachten

173 4395 228 4448 und
250 4411 304 4447 von
324 4394 376 4446 deu
396 4395 592 4461 festgebendeu
612 4394 789 4462 Magistrateu
810 4395 918 4447 bezahlt
937 4391 1087 4447 balsamon!

1153 4477 1204 4533 20·
