<?xml version="1.0" encoding="UTF-8"?>
<!DOCTYPE html PUBLIC "-//W3C//DTD XHTML 1.0 Transitional//EN"
    "http://www.w3.org/TR/xhtml1/DTD/xhtml1-transitional.dtd">
<html xmlns="http://www.w3.org/1999/xhtml" xml:lang="en" lang="en">
 <head>
  <title>
</title>
<meta http-equiv="Content-Type" content="text/html;charset=utf-8" />
  <meta name='ocr-system' content='tesseract 3.04.00' />
  <meta name='ocr-capabilities' content='ocr_page ocr_carea ocr_par ocr_line ocrx_word'/>
</head>
<body>
  <div class='ocr_page' id='page_1' title='image "./dissertationesp00stragoog/dissertationesp00stragoog_0577.png"; bbox 0 0 2956 4822; ppageno 0'>
   <div class='ocr_carea' id='block_1_1' title="bbox 198 319 890 404">
    <p class='ocr_par' dir='ltr' id='par_1_1' title="bbox 198 319 890 404">
     <span class='ocr_line' id='line_1_1' title="bbox 198 319 890 404; baseline -0.006 -16"><span class='ocrx_word' id='word_1_1' title='bbox 198 325 239 388; x_wconf 80' lang='lat'><strong>24</strong></span> <span class='ocrx_word' id='word_1_2' title='bbox 718 319 808 404; x_wconf 80' lang='lat' dir='ltr'><strong>[aaa]</strong></span> <span class='ocrx_word' id='word_1_3' title='bbox 887 322 890 327; x_wconf 87' lang='lat'><strong>·</strong></span> 
     </span>
    </p>
   </div>
   <div class='ocr_carea' id='block_1_2' title="bbox 188 511 1331 4334">
    <p class='ocr_par' dir='ltr' id='par_1_2' title="bbox 188 511 1331 4334">
     <span class='ocr_line' id='line_1_2' title="bbox 196 511 1328 598; baseline -0.002 -21"><span class='ocrx_word' id='word_1_4' title='bbox 196 514 335 579; x_wconf 78' lang='lat' dir='ltr'><strong>tabulam</strong></span> <span class='ocrx_word' id='word_1_5' title='bbox 359 513 496 598; x_wconf 84' lang='lat' dir='ltr'><strong>aliquam</strong></span> <span class='ocrx_word' id='word_1_6' title='bbox 519 533 591 576; x_wconf 92' lang='lat' dir='ltr'><strong>oum</strong></span> <span class='ocrx_word' id='word_1_7' title='bbox 614 513 716 596; x_wconf 89' lang='lat' dir='ltr'><strong>patria</strong></span> <span class='ocrx_word' id='word_1_8' title='bbox 739 513 867 576; x_wconf 90' lang='lat' dir='ltr'><strong>victoris</strong></span> <span class='ocrx_word' id='word_1_9' title='bbox 890 513 968 576; x_wconf 93' lang='lat' dir='ltr'><strong>urbe</strong></span> <span class='ocrx_word' id='word_1_10' title='bbox 990 513 1042 575; x_wconf 86' lang='lat' dir='ltr'><strong>vel</strong></span> <span class='ocrx_word' id='word_1_11' title='bbox 1066 512 1208 577; x_wconf 88' lang='lat' dir='ltr'><strong>vincendi</strong></span> <span class='ocrx_word' id='word_1_12' title='bbox 1232 511 1328 575; x_wconf 91' lang='lat' dir='ltr'><strong>modo</strong></span> 
     </span>
     <span class='ocr_line' id='line_1_3' title="bbox 197 615 1328 703; baseline -0.002 -23"><span class='ocrx_word' id='word_1_13' title='bbox 197 619 397 684; x_wconf 90' lang='lat' dir='ltr'><strong>coniunctam</strong></span> <span class='ocrx_word' id='word_1_14' title='bbox 422 618 512 703; x_wconf 90' lang='lat' dir='ltr'><strong>epico</strong></span> <span class='ocrx_word' id='word_1_15' title='bbox 536 637 623 680; x_wconf 92' lang='lat' dir='ltr'><strong>more</strong></span> <span class='ocrx_word' id='word_1_16' title='bbox 648 624 828 697; x_wconf 77' lang='lat' dir='ltr'><strong>enarraret,</strong></span> <span class='ocrx_word' id='word_1_17' title='bbox 860 623 924 678; x_wconf 90' lang='lat' dir='ltr'><strong>turn</strong></span> <span class='ocrx_word' id='word_1_18' title='bbox 954 617 984 680; x_wconf 92' lang='lat' dir='ltr'><strong>in</strong></span> <span class='ocrx_word' id='word_1_19' title='bbox 1018 617 1080 680; x_wconf 81' lang='lat' dir='ltr'><strong>fine</strong></span> <span class='ocrx_word' id='word_1_20' title='bbox 1111 617 1258 680; x_wconf 81' lang='lat' dir='ltr'><strong>carminis</strong></span> <span class='ocrx_word' id='word_1_21' title='bbox 1288 615 1328 679; x_wconf 91' lang='lat' dir='ltr'><strong>ad</strong></span> 
     </span>
     <span class='ocr_line' id='line_1_4' title="bbox 196 719 1330 786; baseline 0 -3"><span class='ocrx_word' id='word_1_22' title='bbox 196 723 359 786; x_wconf 82' lang='lat' dir='ltr'><strong>victoriana</strong></span> <span class='ocrx_word' id='word_1_23' title='bbox 395 720 615 786; x_wconf 82' lang='lat' dir='ltr'><strong>celebrandam</strong></span> <span class='ocrx_word' id='word_1_24' title='bbox 650 726 872 784; x_wconf 80' lang='lat' dir='ltr'><strong>reverteretur.</strong></span> <span class='ocrx_word' id='word_1_25' title='bbox 929 720 1101 785; x_wconf 88' lang='lat' dir='ltr'><strong>Praeterea</strong></span> <span class='ocrx_word' id='word_1_26' title='bbox 1134 723 1218 785; x_wconf 86' lang='lat' dir='ltr'><strong>inter</strong></span> <span class='ocrx_word' id='word_1_27' title='bbox 1252 719 1330 783; x_wconf 89' lang='lat' dir='ltr'><strong>haec</strong></span> 
     </span>
     <span class='ocr_line' id='line_1_5' title="bbox 197 819 1329 908; baseline -0.005 -18"><span class='ocrx_word' id='word_1_28' title='bbox 197 833 283 890; x_wconf 85' lang='lat' dir='ltr'><strong>certa</strong></span> <span class='ocrx_word' id='word_1_29' title='bbox 304 826 365 889; x_wconf 90' lang='lat' dir='ltr'><strong>tria</strong></span> <span class='ocrx_word' id='word_1_30' title='bbox 387 825 529 888; x_wconf 90' lang='lat' dir='ltr'><strong>membra</strong></span> <span class='ocrx_word' id='word_1_31' title='bbox 551 844 649 908; x_wconf 85' lang='lat' dir='ltr'><strong>saepe</strong></span> <span class='ocrx_word' id='word_1_32' title='bbox 673 823 809 887; x_wconf 89' lang='lat' dir='ltr'><strong>minores</strong></span> <span class='ocrx_word' id='word_1_33' title='bbox 831 823 970 887; x_wconf 82' lang='lat' dir='ltr'><strong>insertae</strong></span> <span class='ocrx_word' id='word_1_34' title='bbox 994 831 1070 887; x_wconf 92' lang='lat' dir='ltr'><strong>sunt</strong></span> <span class='ocrx_word' id='word_1_35' title='bbox 1092 823 1266 908; x_wconf 83' lang='lat' dir='ltr'><strong>particulae</strong></span> <span class='ocrx_word' id='word_1_36' title='bbox 1288 819 1329 886; x_wconf 92' lang='lat' dir='ltr'><strong>ad</strong></span> 
     </span>
     <span class='ocr_line' id='line_1_6' title="bbox 196 926 1330 1012; baseline -0.002 -20"><span class='ocrx_word' id='word_1_37' title='bbox 196 929 363 993; x_wconf 83' lang='lat' dir='ltr'><strong>transitum</strong></span> <span class='ocrx_word' id='word_1_38' title='bbox 386 927 577 1006; x_wconf 87' lang='lat' dir='ltr'><strong>faciendum,</strong></span> <span class='ocrx_word' id='word_1_39' title='bbox 601 933 684 991; x_wconf 90' lang='lat' dir='ltr'><strong>utre</strong></span> <span class='ocrx_word' id='word_1_40' title='bbox 701 947 774 990; x_wconf 89' lang='lat' dir='ltr'><strong>vera</strong></span> <span class='ocrx_word' id='word_1_41' title='bbox 792 934 914 1011; x_wconf 84' lang='lat' dir='ltr'><strong>septem</strong></span> <span class='ocrx_word' id='word_1_42' title='bbox 931 927 1004 991; x_wconf 91' lang='lat' dir='ltr'><strong>illae</strong></span> <span class='ocrx_word' id='word_1_43' title='bbox 1020 926 1196 1012; x_wconf 85' lang='lat' dir='ltr'><strong>Terpandri</strong></span> <span class='ocrx_word' id='word_1_44' title='bbox 1211 932 1330 1011; x_wconf 83' lang='lat' dir='ltr'><strong>partes,</strong></span> 
     </span>
     <span class='ocr_line' id='line_1_7' title="bbox 196 1029 1331 1116; baseline -0.005 -20"><span class='ocrx_word' id='word_1_45' title='bbox 196 1053 329 1116; x_wconf 91' lang='lat' dir='ltr'><strong>quarum</strong></span> <span class='ocrx_word' id='word_1_46' title='bbox 359 1032 481 1116; x_wconf 85' lang='lat' dir='ltr'><strong>primae</strong></span> <span class='ocrx_word' id='word_1_47' title='bbox 514 1038 579 1096; x_wconf 89' lang='lat' dir='ltr'><strong>tres</strong></span> <span class='ocrx_word' id='word_1_48' title='bbox 613 1030 729 1095; x_wconf 87' lang='lat' dir='ltr'><strong>ultimis</strong></span> <span class='ocrx_word' id='word_1_49' title='bbox 765 1029 864 1094; x_wconf 85' lang='lat' dir='ltr'><strong>tribus</strong></span> <span class='ocrx_word' id='word_1_50' title='bbox 899 1030 1111 1114; x_wconf 88' lang='lat' dir='ltr'><strong>respondent,</strong></span> <span class='ocrx_word' id='word_1_51' title='bbox 1144 1032 1175 1094; x_wconf 93' lang='lat' dir='ltr'><strong>in</strong></span> <span class='ocrx_word' id='word_1_52' title='bbox 1211 1029 1331 1113; x_wconf 88' lang='lat' dir='ltr'><strong>aliquot</strong></span> 
     </span>
     <span class='ocr_line' id='line_1_8' title="bbox 196 1133 1329 1219; baseline -0.005 -19"><span class='ocrx_word' id='word_1_53' title='bbox 196 1135 325 1201; x_wconf 90' lang='lat' dir='ltr'><strong>Pindari</strong></span> <span class='ocrx_word' id='word_1_54' title='bbox 349 1135 540 1199; x_wconf 86' lang='lat' dir='ltr'><strong>carminibus</strong></span> <span class='ocrx_word' id='word_1_55' title='bbox 563 1135 746 1217; x_wconf 86' lang='lat' dir='ltr'><strong>recognosci</strong></span> <span class='ocrx_word' id='word_1_56' title='bbox 774 1155 870 1219; x_wconf 91' lang='lat' dir='ltr'><strong>posse</strong></span> <span class='ocrx_word' id='word_1_57' title='bbox 894 1133 1071 1199; x_wconf 89' lang='lat' dir='ltr'><strong>videantur.</strong></span> <span class='ocrx_word' id='word_1_58' title='bbox 1118 1133 1208 1199; x_wconf 87' lang='lat' dir='ltr'><strong>Oonf.</strong></span> <span class='ocrx_word' id='word_1_59' title='bbox 1233 1133 1329 1198; x_wconf 90' lang='lat' dir='ltr'><strong>etiam</strong></span> 
     </span>
     <span class='ocr_line' id='line_1_9' title="bbox 196 1237 1330 1324; baseline -0.004 -21"><span class='ocrx_word' id='word_1_60' title='bbox 196 1238 382 1304; x_wconf 82' lang='lat' dir='ltr'><strong>Idduardum</strong></span> <span class='ocrx_word' id='word_1_61' title='bbox 397 1238 561 1303; x_wconf 90' lang='lat' dir='ltr'><strong>Luebbert</strong></span> <span class='ocrx_word' id='word_1_62' title='bbox 585 1239 625 1301; x_wconf 94' lang='lat' dir='ltr'><strong>de</strong></span> <span class='ocrx_word' id='word_1_63' title='bbox 641 1237 780 1302; x_wconf 86' lang='lat' dir='ltr'><strong>Pindaro</strong></span> <span class='ocrx_word' id='word_1_64' title='bbox 797 1258 964 1303; x_wconf 90' lang='lat' dir='ltr'><strong>nemorum</strong></span> <span class='ocrx_word' id='word_1_65' title='bbox 981 1237 1156 1324; x_wconf 83' lang='lat' dir='ltr'><strong>Terpandri</strong></span> <span class='ocrx_word' id='word_1_66' title='bbox 1171 1238 1330 1302; x_wconf 86' lang='lat' dir='ltr'><strong>imitatore</strong></span> 
     </span>
     <span class='ocr_line' id='line_1_10' title="bbox 195 1340 1331 1428; baseline -0.003 -22"><span class='ocrx_word' id='word_1_67' title='bbox 195 1344 226 1407; x_wconf 93' lang='lat' dir='ltr'><strong>in</strong></span> <span class='ocrx_word' id='word_1_68' title='bbox 249 1351 488 1428; x_wconf 88' lang='lat' dir='ltr'><strong>programmate</strong></span> <span class='ocrx_word' id='word_1_69' title='bbox 513 1341 820 1406; x_wconf 82' lang='lat' dir='ltr'><strong>Bonnensia.1885</strong></span> <span class='ocrx_word' id='word_1_70' title='bbox 844 1340 1066 1425; x_wconf 87' lang='lat' dir='ltr'><strong>disputantem.</strong></span> <span class='ocrx_word' id='word_1_71' title='bbox 1110 1342 1211 1407; x_wconf 88' lang='lat' dir='ltr'><strong>Multo</strong></span> <span class='ocrx_word' id='word_1_72' title='bbox 1227 1342 1331 1406; x_wconf 88' lang='lat' dir='ltr'><strong>rarius</strong></span> 
     </span>
     <span class='ocr_line' id='line_1_11' title="bbox 196 1444 1330 1532; baseline -0.002 -21"><span class='ocrx_word' id='word_1_73' title='bbox 196 1455 293 1532; x_wconf 87' lang='lat' dir='ltr'><strong>poeta</strong></span> <span class='ocrx_word' id='word_1_74' title='bbox 314 1446 485 1511; x_wconf 83' lang='lat' dir='ltr'><strong>Thebanus</strong></span> <span class='ocrx_word' id='word_1_75' title='bbox 509 1447 648 1510; x_wconf 89' lang='lat' dir='ltr'><strong>carmina</strong></span> <span class='ocrx_word' id='word_1_76' title='bbox 677 1446 723 1509; x_wconf 89' lang='lat' dir='ltr'><strong>ita</strong></span> <span class='ocrx_word' id='word_1_77' title='bbox 746 1445 918 1530; x_wconf 83' lang='lat' dir='ltr'><strong>disposuit,</strong></span> <span class='ocrx_word' id='word_1_78' title='bbox 948 1452 982 1509; x_wconf 92' lang='lat' dir='ltr'><strong>ut</strong></span> <span class='ocrx_word' id='word_1_79' title='bbox 1011 1447 1139 1512; x_wconf 90' lang='lat' dir='ltr'><strong>victoris</strong></span> <span class='ocrx_word' id='word_1_80' title='bbox 1171 1444 1267 1510; x_wconf 90' lang='lat' dir='ltr'><strong>laude</strong></span> <span class='ocrx_word' id='word_1_81' title='bbox 1297 1446 1330 1509; x_wconf 93' lang='lat' dir='ltr'><strong>in</strong></span> 
     </span>
     <span class='ocr_line' id='line_1_12' title="bbox 195 1549 1331 1635; baseline -0.002 -20"><span class='ocrx_word' id='word_1_82' title='bbox 195 1551 331 1616; x_wconf 91' lang='lat' dir='ltr'><strong>mediam</strong></span> <span class='ocrx_word' id='word_1_83' title='bbox 362 1558 485 1635; x_wconf 89' lang='lat' dir='ltr'><strong>partem</strong></span> <span class='ocrx_word' id='word_1_84' title='bbox 517 1549 672 1615; x_wconf 90' lang='lat' dir='ltr'><strong>translata</strong></span> <span class='ocrx_word' id='word_1_85' title='bbox 701 1549 731 1612; x_wconf 92' lang='lat' dir='ltr'><strong>in</strong></span> <span class='ocrx_word' id='word_1_86' title='bbox 763 1551 850 1614; x_wconf 88' lang='lat' dir='ltr'><strong>initio</strong></span> <span class='ocrx_word' id='word_1_87' title='bbox 880 1559 912 1614; x_wconf 90' lang='lat' dir='ltr'><strong>et</strong></span> <span class='ocrx_word' id='word_1_88' title='bbox 935 1552 998 1614; x_wconf 89' lang='lat' dir='ltr'><strong>fine</strong></span> <span class='ocrx_word' id='word_1_89' title='bbox 1028 1551 1169 1614; x_wconf 85' lang='lat' dir='ltr'><strong>fabulam</strong></span> <span class='ocrx_word' id='word_1_90' title='bbox 1190 1551 1331 1634; x_wconf 89' lang='lat' dir='ltr'><strong>aliquam</strong></span> 
     </span>
     <span class='ocr_line' id='line_1_13' title="bbox 196 1654 1329 1739; baseline -0.002 -20"><span class='ocrx_word' id='word_1_91' title='bbox 196 1663 383 1739; x_wconf 82' lang='lat' dir='ltr'><strong>exponeret.</strong></span> <span class='ocrx_word' id='word_1_92' title='bbox 417 1655 531 1738; x_wconf 86' lang='lat' dir='ltr'><strong>Itaque</strong></span> <span class='ocrx_word' id='word_1_93' title='bbox 547 1674 617 1717; x_wconf 88' lang='lat' dir='ltr'><strong>eum</strong></span> <span class='ocrx_word' id='word_1_94' title='bbox 634 1654 840 1737; x_wconf 88' lang='lat' dir='ltr'><strong>plurimarum</strong></span> <span class='ocrx_word' id='word_1_95' title='bbox 854 1654 985 1718; x_wconf 90' lang='lat' dir='ltr'><strong>odarum</strong></span> <span class='ocrx_word' id='word_1_96' title='bbox 1002 1655 1135 1732; x_wconf 88' lang='lat' dir='ltr'><strong>initium,</strong></span> <span class='ocrx_word' id='word_1_97' title='bbox 1150 1676 1213 1719; x_wconf 92' lang='lat' dir='ltr'><strong>non</strong></span> <span class='ocrx_word' id='word_1_98' title='bbox 1226 1654 1329 1717; x_wconf 90' lang='lat' dir='ltr'><strong>solum</strong></span> 
     </span>
     <span class='ocr_line' id='line_1_14' title="bbox 196 1758 1330 1844; baseline -0.002 -22"><span class='ocrx_word' id='word_1_99' title='bbox 196 1765 417 1844; x_wconf 81' lang='lat' dir='ltr'><strong>argumentum</strong></span> <span class='ocrx_word' id='word_1_100' title='bbox 441 1758 495 1823; x_wconf 90' lang='lat' dir='ltr'><strong>sed</strong></span> <span class='ocrx_word' id='word_1_101' title='bbox 520 1758 616 1821; x_wconf 90' lang='lat' dir='ltr'><strong>etiam</strong></span> <span class='ocrx_word' id='word_1_102' title='bbox 633 1778 782 1822; x_wconf 88' lang='lat' dir='ltr'><strong>versuum</strong></span> <span class='ocrx_word' id='word_1_103' title='bbox 807 1778 971 1821; x_wconf 92' lang='lat' dir='ltr'><strong>numerum</strong></span> <span class='ocrx_word' id='word_1_104' title='bbox 995 1759 1021 1821; x_wconf 91' lang='lat' dir='ltr'><strong>si</strong></span> <span class='ocrx_word' id='word_1_105' title='bbox 1044 1767 1233 1843; x_wconf 86' lang='lat' dir='ltr'><strong>spectamus,</strong></span> <span class='ocrx_word' id='word_1_106' title='bbox 1258 1778 1330 1822; x_wconf 92' lang='lat' dir='ltr'><strong>cum</strong></span> 
     </span>
     <span class='ocr_line' id='line_1_15' title="bbox 195 1861 1330 1945; baseline -0.001 -19"><span class='ocrx_word' id='word_1_107' title='bbox 195 1861 258 1926; x_wconf 85' lang='lat' dir='ltr'><strong>fine</strong></span> <span class='ocrx_word' id='word_1_108' title='bbox 287 1861 353 1928; x_wconf 84' lang='lat' dir='ltr'><strong>lere</strong></span> <span class='ocrx_word' id='word_1_109' title='bbox 384 1867 556 1945; x_wconf 90' lang='lat' dir='ltr'><strong>congruat,</strong></span> <span class='ocrx_word' id='word_1_110' title='bbox 589 1881 652 1926; x_wconf 91' lang='lat' dir='ltr'><strong>non</strong></span> <span class='ocrx_word' id='word_1_111' title='bbox 683 1861 881 1942; x_wconf 88' lang='lat' dir='ltr'><strong>mirabimur,</strong></span> <span class='ocrx_word' id='word_1_112' title='bbox 916 1862 942 1925; x_wconf 90' lang='lat' dir='ltr'><strong>si</strong></span> <span class='ocrx_word' id='word_1_113' title='bbox 971 1861 1128 1926; x_wconf 89' lang='lat' dir='ltr'><strong>Pindarus</strong></span> <span class='ocrx_word' id='word_1_114' title='bbox 1158 1862 1330 1925; x_wconf 89' lang='lat' dir='ltr'><strong>verborum</strong></span> 
     </span>
     <span class='ocr_line' id='line_1_16' title="bbox 198 1964 1328 2052; baseline -0.001 -23"><span class='ocrx_word' id='word_1_115' title='bbox 198 1986 326 2052; x_wconf 90' lang='lat' dir='ltr'><strong>quoque</strong></span> <span class='ocrx_word' id='word_1_116' title='bbox 349 1965 475 2031; x_wconf 92' lang='lat' dir='ltr'><strong>delectu</strong></span> <span class='ocrx_word' id='word_1_117' title='bbox 498 1964 579 2030; x_wconf 90' lang='lat' dir='ltr'><strong>hanc</strong></span> <span class='ocrx_word' id='word_1_118' title='bbox 602 1965 757 2029; x_wconf 90' lang='lat' dir='ltr'><strong>rationem</strong></span> <span class='ocrx_word' id='word_1_119' title='bbox 782 1965 948 2050; x_wconf 85' lang='lat' dir='ltr'><strong>expressit.</strong></span> <span class='ocrx_word' id='word_1_120' title='bbox 994 1965 1078 2029; x_wconf 92' lang='lat' dir='ltr'><strong>Illud</strong></span> <span class='ocrx_word' id='word_1_121' title='bbox 1103 1967 1207 2050; x_wconf 94' lang='lat' dir='ltr'><strong>igitur,</strong></span> <span class='ocrx_word' id='word_1_122' title='bbox 1232 1964 1328 2049; x_wconf 94' lang='lat' dir='ltr'><strong>quod,</strong></span> 
     </span>
     <span class='ocr_line' id='line_1_17' title="bbox 195 2067 1330 2153; baseline 0 -21"><span class='ocrx_word' id='word_1_123' title='bbox 195 2068 270 2133; x_wconf 93' lang='lat' dir='ltr'><strong>dum</strong></span> <span class='ocrx_word' id='word_1_124' title='bbox 294 2069 419 2134; x_wconf 89' lang='lat' dir='ltr'><strong>urbium</strong></span> <span class='ocrx_word' id='word_1_125' title='bbox 442 2068 672 2153; x_wconf 89' lang='lat' dir='ltr'><strong>appellationes</strong></span> <span class='ocrx_word' id='word_1_126' title='bbox 694 2067 941 2148; x_wconf 88' lang='lat' dir='ltr'><strong>consideramus,</strong></span> <span class='ocrx_word' id='word_1_127' title='bbox 957 2068 1246 2149; x_wconf 89' lang='lat' dir='ltr'><strong>animadvertimus,</strong></span> <span class='ocrx_word' id='word_1_128' title='bbox 1269 2068 1330 2133; x_wconf 92' lang='lat' dir='ltr'><strong>sub</strong></span> 
     </span>
     <span class='ocr_line' id='line_1_18' title="bbox 195 2171 1330 2257; baseline -0.001 -20"><span class='ocrx_word' id='word_1_129' title='bbox 195 2173 291 2238; x_wconf 85' lang='lat' dir='ltr'><strong>finem</strong></span> <span class='ocrx_word' id='word_1_130' title='bbox 322 2173 496 2236; x_wconf 86' lang='lat' dir='ltr'><strong>carminum</strong></span> <span class='ocrx_word' id='word_1_131' title='bbox 529 2181 658 2257; x_wconf 88' lang='lat' dir='ltr'><strong>poetam</strong></span> <span class='ocrx_word' id='word_1_132' title='bbox 688 2192 925 2256; x_wconf 91' lang='lat' dir='ltr'><strong>nonnumquam</strong></span> <span class='ocrx_word' id='word_1_133' title='bbox 956 2171 994 2235; x_wconf 89' lang='lat' dir='ltr'><strong>ad</strong></span> <span class='ocrx_word' id='word_1_134' title='bbox 1027 2172 1137 2238; x_wconf 89' lang='lat' dir='ltr'><strong>eadem</strong></span> <span class='ocrx_word' id='word_1_135' title='bbox 1167 2192 1330 2237; x_wconf 90' lang='lat' dir='ltr'><strong>recurrere</strong></span> 
     </span>
     <span class='ocr_line' id='line_1_19' title="bbox 195 2275 1329 2364; baseline -0.002 -24"><span class='ocrx_word' id='word_1_136' title='bbox 195 2277 332 2358; x_wconf 90' lang='lat' dir='ltr'><strong>nomina,</strong></span> <span class='ocrx_word' id='word_1_137' title='bbox 350 2275 464 2360; x_wconf 89' lang='lat' dir='ltr'><strong>quibus</strong></span> <span class='ocrx_word' id='word_1_138' title='bbox 480 2276 568 2341; x_wconf 90' lang='lat' dir='ltr'><strong>initio</strong></span> <span class='ocrx_word' id='word_1_139' title='bbox 587 2298 663 2339; x_wconf 87' lang='lat' dir='ltr'><strong>usus</strong></span> <span class='ocrx_word' id='word_1_140' title='bbox 679 2276 729 2354; x_wconf 90' lang='lat' dir='ltr'><strong>sit,</strong></span> <span class='ocrx_word' id='word_1_141' title='bbox 745 2283 872 2340; x_wconf 89' lang='lat' dir='ltr'><strong>servata</strong></span> <span class='ocrx_word' id='word_1_142' title='bbox 885 2282 990 2341; x_wconf 90' lang='lat' dir='ltr'><strong>tamen</strong></span> <span class='ocrx_word' id='word_1_143' title='bbox 1005 2297 1128 2364; x_wconf 90' lang='lat' dir='ltr'><strong>semper</strong></span> <span class='ocrx_word' id='word_1_144' title='bbox 1142 2277 1195 2341; x_wconf 89' lang='lat' dir='ltr'><strong>illa</strong></span> <span class='ocrx_word' id='word_1_145' title='bbox 1208 2277 1329 2361; x_wconf 89' lang='lat' dir='ltr'><strong>regula,</strong></span> 
     </span>
     <span class='ocr_line' id='line_1_20' title="bbox 195 2379 1328 2467; baseline -0.001 -22"><span class='ocrx_word' id='word_1_146' title='bbox 195 2401 235 2445; x_wconf 91' lang='lat' dir='ltr'><strong>ne</strong></span> <span class='ocrx_word' id='word_1_147' title='bbox 258 2380 405 2463; x_wconf 87' lang='lat' dir='ltr'><strong>repetitio</strong></span> <span class='ocrx_word' id='word_1_148' title='bbox 422 2380 503 2443; x_wconf 86' lang='lat' dir='ltr'><strong>intra</strong></span> <span class='ocrx_word' id='word_1_149' title='bbox 520 2401 618 2443; x_wconf 90' lang='lat' dir='ltr'><strong>unum</strong></span> <span class='ocrx_word' id='word_1_150' title='bbox 634 2379 782 2461; x_wconf 90' lang='lat' dir='ltr'><strong>idemque</strong></span> <span class='ocrx_word' id='word_1_151' title='bbox 798 2387 940 2464; x_wconf 84' lang='lat' dir='ltr'><strong>systema</strong></span> <span class='ocrx_word' id='word_1_152' title='bbox 956 2380 1020 2463; x_wconf 88' lang='lat' dir='ltr'><strong>fiat,</strong></span> <span class='ocrx_word' id='word_1_153' title='bbox 1045 2381 1152 2445; x_wconf 92' lang='lat' dir='ltr'><strong>hocin</strong></span> <span class='ocrx_word' id='word_1_154' title='bbox 1169 2381 1328 2467; x_wconf 87' lang='lat' dir='ltr'><strong>plerisque</strong></span> 
     </span>
     <span class='ocr_line' id='line_1_21' title="bbox 195 2482 1249 2568; baseline 0.003 -22"><span class='ocrx_word' id='word_1_155' title='bbox 195 2484 346 2549; x_wconf 90' lang='lat' dir='ltr'><strong>victorum</strong></span> <span class='ocrx_word' id='word_1_156' title='bbox 370 2484 511 2567; x_wconf 87' lang='lat' dir='ltr'><strong>ipsorum</strong></span> <span class='ocrx_word' id='word_1_157' title='bbox 535 2482 802 2568; x_wconf 89' lang='lat' dir='ltr'><strong>appellationibus</strong></span> <span class='ocrx_word' id='word_1_158' title='bbox 825 2485 931 2548; x_wconf 91' lang='lat' dir='ltr'><strong>valere</strong></span> <span class='ocrx_word' id='word_1_159' title='bbox 955 2506 1040 2549; x_wconf 91' lang='lat' dir='ltr'><strong>nnuc</strong></span> <span class='ocrx_word' id='word_1_160' title='bbox 1063 2485 1249 2549; x_wconf 89' lang='lat' dir='ltr'><strong>videbimus.</strong></span> 
     </span>
     <span class='ocr_line' id='line_1_22' title="bbox 298 2585 1327 2671; baseline -0.001 -21"><span class='ocrx_word' id='word_1_161' title='bbox 298 2585 381 2650; x_wconf 87' lang='lat' dir='ltr'><strong>Nam</strong></span> <span class='ocrx_word' id='word_1_162' title='bbox 403 2586 435 2650; x_wconf 93' lang='lat' dir='ltr'><strong>in</strong></span> <span class='ocrx_word' id='word_1_163' title='bbox 459 2587 598 2651; x_wconf 90' lang='lat' dir='ltr'><strong>carmine</strong></span> <span class='ocrx_word' id='word_1_164' title='bbox 621 2585 788 2670; x_wconf 84' lang='lat' dir='ltr'><strong>Olympico</strong></span> <span class='ocrx_word' id='word_1_165' title='bbox 812 2588 947 2671; x_wconf 91' lang='lat' dir='ltr'><strong>septimo</strong></span> <span class='ocrx_word' id='word_1_166' title='bbox 971 2587 1129 2653; x_wconf 90' lang='lat' dir='ltr'><strong>Pindarus</strong></span> <span class='ocrx_word' id='word_1_167' title='bbox 1160 2595 1327 2671; x_wconf 90' lang='lat' dir='ltr'><strong>postquam</strong></span> 
     </span>
     <span class='ocr_line' id='line_1_23' title="bbox 193 2689 1326 2777; baseline 0.002 -25"><span class='ocrx_word' id='word_1_168' title='bbox 193 2690 225 2754; x_wconf 94' lang='lat' dir='ltr'><strong>in</strong></span> <span class='ocrx_word' id='word_1_169' title='bbox 237 2709 266 2755; x_wconf 90' lang='lat' dir='ltr'><strong>v.</strong></span> <span class='ocrx_word' id='word_1_170' title='bbox 280 2693 317 2754; x_wconf 87' lang='lat'><strong>13</strong></span> <span class='ocrx_word' id='word_1_171' title='bbox 334 2689 495 2774; x_wconf 87' lang='lat' dir='ltr'><strong>Diagorae</strong></span> <span class='ocrx_word' id='word_1_172' title='bbox 511 2689 627 2753; x_wconf 89' lang='lat' dir='ltr'><strong>Rhodii</strong></span> <span class='ocrx_word' id='word_1_173' title='bbox 641 2690 770 2754; x_wconf 85' lang='lat' dir='ltr'><strong>victoris</strong></span> <span class='ocrx_word' id='word_1_174' title='bbox 786 2711 903 2756; x_wconf 88' lang='lat' dir='ltr'><strong>nomen</strong></span> <span class='ocrx_word' id='word_1_175' title='bbox 919 2693 1081 2776; x_wconf 91' lang='lat' dir='ltr'><strong>proprium</strong></span> <span class='ocrx_word' id='word_1_176' title='bbox 1099 2692 1326 2777; x_wconf 89' lang='lat' dir='ltr'><strong>pronuntiavit,</strong></span> 
     </span>
     <span class='ocr_line' id='line_1_24' title="bbox 192 2794 1327 2879; baseline 0.002 -20"><span class='ocrx_word' id='word_1_177' title='bbox 192 2795 226 2859; x_wconf 91' lang='lat' dir='ltr'><strong>in</strong></span> <span class='ocrx_word' id='word_1_178' title='bbox 256 2815 283 2860; x_wconf 92' lang='lat' dir='ltr'><strong>v.</strong></span> <span class='ocrx_word' id='word_1_179' title='bbox 310 2797 350 2863; x_wconf 83' lang='lat'><strong>15</strong></span> <span class='ocrx_word' id='word_1_180' title='bbox 380 2794 510 2860; x_wconf 89' lang='lat' dir='ltr'><strong>artificio</strong></span> <span class='ocrx_word' id='word_1_181' title='bbox 542 2794 679 2879; x_wconf 83' lang='lat' dir='ltr'><strong>quodam</strong></span> <span class='ocrx_word' id='word_1_182' title='bbox 708 2816 823 2859; x_wconf 88' lang='lat' dir='ltr'><strong>nomen</strong></span> <span class='ocrx_word' id='word_1_183' title='bbox 854 2794 989 2859; x_wconf 90' lang='lat' dir='ltr'><strong>reddens</strong></span> <span class='ocrx_word' id='word_1_184' title='bbox 1021 2795 1092 2859; x_wconf 90' lang='lat' dir='ltr'><strong>ideo</strong></span> <span class='ocrx_word' id='word_1_185' title='bbox 1123 2818 1159 2860; x_wconf 92' lang='lat' dir='ltr'><strong>se</strong></span> <span class='ocrx_word' id='word_1_186' title='bbox 1188 2795 1327 2861; x_wconf 87' lang='lat' dir='ltr'><strong>carmine</strong></span> 
     </span>
     <span class='ocr_line' id='line_1_25' title="bbox 193 2897 1326 2984; baseline -0.001 -21"><span class='ocrx_word' id='word_1_187' title='bbox 193 2909 354 2984; x_wconf 88' lang='lat' dir='ltr'><strong>tamquam</strong></span> <span class='ocrx_word' id='word_1_188' title='bbox 379 2899 539 2984; x_wconf 88' lang='lat' dir='ltr'><strong>appulisse</strong></span> <span class='ocrx_word' id='word_1_189' title='bbox 555 2901 694 2963; x_wconf 89' lang='lat' dir='ltr'><strong>animum</strong></span> <span class='ocrx_word' id='word_1_190' title='bbox 716 2899 756 2962; x_wconf 92' lang='lat' dir='ltr'><strong>ad</strong></span> <span class='ocrx_word' id='word_1_191' title='bbox 773 2899 922 2963; x_wconf 89' lang='lat' dir='ltr'><strong>Rhodum</strong></span> <span class='ocrx_word' id='word_1_192' title='bbox 939 2901 1075 2964; x_wconf 88' lang='lat' dir='ltr'><strong>insulam</strong></span> <span class='ocrx_word' id='word_1_193' title='bbox 1093 2897 1266 2979; x_wconf 90' lang='lat' dir='ltr'><strong>contendit,</strong></span> <span class='ocrx_word' id='word_1_194' title='bbox 1290 2908 1326 2963; x_wconf 92' lang='lat' dir='ltr'><strong>ut</strong></span> 
     </span>
     <span class='ocr_line' id='line_1_26' title="bbox 192 3000 1326 3089; baseline 0.003 -23"><span class='ocrx_word' id='word_1_195' title='bbox 192 3001 339 3068; x_wconf 83' lang='lat' dir='ltr'><strong>laudaret</strong></span> <span class='ocrx_word' id='word_1_196' title='bbox 363 3001 507 3083; x_wconf 79' lang='grc' dir='ltr'><em>πελώριον</em></span> <span class='ocrx_word' id='word_1_197' title='bbox 529 3001 624 3084; x_wconf 73' lang='grc' dir='ltr'><em>ἄνδρα</em></span> <span class='ocrx_word' id='word_1_198' title='bbox 647 3004 717 3084; x_wconf 82' lang='grc' dir='ltr'>παρ’</span> <span class='ocrx_word' id='word_1_199' title='bbox 740 3002 869 3089; x_wconf 71' lang='grc' dir='ltr'><em>Ἀλφεῷ</em></span> <span class='ocrx_word' id='word_1_200' title='bbox 884 3000 1167 3087; x_wconf 79' lang='grc' dir='ltr'><em>στεφανωσάμενον.</em></span> <span class='ocrx_word' id='word_1_201' title='bbox 1202 3001 1326 3086; x_wconf 84' lang='lat' dir='ltr'><strong>Nempe</strong></span> 
     </span>
     <span class='ocr_line' id='line_1_27' title="bbox 196 3105 1328 3193; baseline 0.002 -24"><span class='ocrx_word' id='word_1_202' title='bbox 196 3105 362 3190; x_wconf 85' lang='lat' dir='ltr'><strong>Olympiae</strong></span> <span class='ocrx_word' id='word_1_203' title='bbox 378 3106 418 3169; x_wconf 90' lang='lat' dir='ltr'><strong>ad</strong></span> <span class='ocrx_word' id='word_1_204' title='bbox 433 3106 550 3193; x_wconf 85' lang='lat' dir='ltr'><strong>Alphei</strong></span> <span class='ocrx_word' id='word_1_205' title='bbox 566 3107 703 3172; x_wconf 90' lang='lat' dir='ltr'><strong>fluminis</strong></span> <span class='ocrx_word' id='word_1_206' title='bbox 720 3127 819 3190; x_wconf 89' lang='lat' dir='ltr'><strong>aquas</strong></span> <span class='ocrx_word' id='word_1_207' title='bbox 835 3106 994 3190; x_wconf 88' lang='lat' dir='ltr'><strong>Diagoras</strong></span> <span class='ocrx_word' id='word_1_208' title='bbox 1011 3108 1174 3171; x_wconf 89' lang='lat' dir='ltr'><strong>victoriam</strong></span> <span class='ocrx_word' id='word_1_209' title='bbox 1192 3106 1328 3192; x_wconf 90' lang='lat' dir='ltr'><strong>adeptus</strong></span> 
     </span>
     <span class='ocr_line' id='line_1_28' title="bbox 194 3209 1326 3297; baseline 0 -24"><span class='ocrx_word' id='word_1_210' title='bbox 194 3215 270 3274; x_wconf 90' lang='lat' dir='ltr'><strong>erat.</strong></span> <span class='ocrx_word' id='word_1_211' title='bbox 315 3209 439 3275; x_wconf 91' lang='lat' dir='ltr'><strong>Deinde</strong></span> <span class='ocrx_word' id='word_1_212' title='bbox 468 3210 498 3273; x_wconf 93' lang='lat' dir='ltr'><strong>in</strong></span> <span class='ocrx_word' id='word_1_213' title='bbox 522 3233 553 3275; x_wconf 87' lang='lat' dir='ltr'><strong>v.</strong></span> <span class='ocrx_word' id='word_1_214' title='bbox 577 3211 618 3274; x_wconf 82' lang='lat'><strong>80</strong></span> <span class='ocrx_word' id='word_1_215' title='bbox 647 3210 809 3294; x_wconf 88' lang='lat' dir='ltr'><strong>Diagorae</strong></span> <span class='ocrx_word' id='word_1_216' title='bbox 841 3211 967 3275; x_wconf 91' lang='lat' dir='ltr'><strong>nomine</strong></span> <span class='ocrx_word' id='word_1_217' title='bbox 1000 3214 1136 3297; x_wconf 89' lang='lat' dir='ltr'><strong>repetito</strong></span> <span class='ocrx_word' id='word_1_218' title='bbox 1169 3218 1265 3297; x_wconf 89' lang='lat' dir='ltr'><strong>poeta</strong></span> <span class='ocrx_word' id='word_1_219' title='bbox 1294 3211 1326 3274; x_wconf 94' lang='lat' dir='ltr'><strong>in</strong></span> 
     </span>
     <span class='ocr_line' id='line_1_29' title="bbox 191 3311 1328 3399; baseline -0.002 -24"><span class='ocrx_word' id='word_1_220' title='bbox 191 3333 221 3379; x_wconf 92' lang='lat' dir='ltr'><strong>v.</strong></span> <span class='ocrx_word' id='word_1_221' title='bbox 246 3316 286 3376; x_wconf 80' lang='lat'><strong>89</strong></span> <span class='ocrx_word' id='word_1_222' title='bbox 310 3315 470 3394; x_wconf 88' lang='lat' dir='ltr'><strong>victorem,</strong></span> <span class='ocrx_word' id='word_1_223' title='bbox 494 3314 547 3397; x_wconf 94' lang='lat' dir='ltr'><strong>qui</strong></span> <span class='ocrx_word' id='word_1_224' title='bbox 569 3314 650 3378; x_wconf 89' lang='lat' dir='ltr'><strong>inter</strong></span> <span class='ocrx_word' id='word_1_225' title='bbox 673 3315 798 3399; x_wconf 90' lang='lat' dir='ltr'><strong>pugiles</strong></span> <span class='ocrx_word' id='word_1_226' title='bbox 815 3321 1002 3394; x_wconf 83' lang='lat' dir='ltr'><strong>certaverat,</strong></span> <span class='ocrx_word' id='word_1_227' title='bbox 1026 3313 1122 3395; x_wconf 77' lang='grc' dir='ltr'><em>ἄνδρα</em></span> <span class='ocrx_word' id='word_1_228' title='bbox 1138 3313 1197 3389; x_wconf 64' lang='lat' dir='ltr'><strong>mi}</strong></span> <span class='ocrx_word' id='word_1_229' title='bbox 1212 3311 1328 3392; x_wconf 73' lang='grc' dir='ltr'><em>ἀρετάν</em></span> 
     </span>
     <span class='ocr_line' id='line_1_30' title="bbox 191 3414 1324 3502; baseline 0.001 -23"><span class='ocrx_word' id='word_1_230' title='bbox 191 3414 318 3497; x_wconf 68' lang='grc' dir='ltr'><strong>εὑρόντα</strong></span> <span class='ocrx_word' id='word_1_231' title='bbox 348 3423 450 3483; x_wconf 89' lang='lat' dir='ltr'><strong>vocat.</strong></span> <span class='ocrx_word' id='word_1_232' title='bbox 495 3418 608 3502; x_wconf 89' lang='lat' dir='ltr'><strong>Itaque</strong></span> <span class='ocrx_word' id='word_1_233' title='bbox 640 3418 785 3481; x_wconf 89' lang='lat' dir='ltr'><strong>consulto</strong></span> <span class='ocrx_word' id='word_1_234' title='bbox 817 3426 849 3482; x_wconf 89' lang='lat' dir='ltr'><strong>et</strong></span> <span class='ocrx_word' id='word_1_235' title='bbox 875 3419 906 3481; x_wconf 94' lang='lat' dir='ltr'><strong>in</strong></span> <span class='ocrx_word' id='word_1_236' title='bbox 931 3418 1062 3482; x_wconf 89' lang='lat' dir='ltr'><strong>exordio</strong></span> <span class='ocrx_word' id='word_1_237' title='bbox 1086 3425 1118 3481; x_wconf 90' lang='lat' dir='ltr'><strong>ot</strong></span> <span class='ocrx_word' id='word_1_238' title='bbox 1139 3418 1170 3481; x_wconf 95' lang='lat' dir='ltr'><strong>in</strong></span> <span class='ocrx_word' id='word_1_239' title='bbox 1195 3417 1324 3501; x_wconf 91' lang='lat' dir='ltr'><strong>epilogo</strong></span> 
     </span>
     <span class='ocr_line' id='line_1_31' title="bbox 191 3519 1326 3606; baseline 0.002 -24"><span class='ocrx_word' id='word_1_240' title='bbox 191 3519 285 3585; x_wconf 91' lang='lat' dir='ltr'><strong>huius</strong></span> <span class='ocrx_word' id='word_1_241' title='bbox 301 3519 382 3585; x_wconf 90' lang='lat' dir='ltr'><strong>odae</strong></span> <span class='ocrx_word' id='word_1_242' title='bbox 399 3523 533 3606; x_wconf 91' lang='lat' dir='ltr'><strong>primum</strong></span> <span class='ocrx_word' id='word_1_243' title='bbox 550 3521 676 3586; x_wconf 87' lang='lat' dir='ltr'><strong>nomine</strong></span> <span class='ocrx_word' id='word_1_244' title='bbox 692 3521 831 3605; x_wconf 92' lang='lat' dir='ltr'><strong>proprio,</strong></span> <span class='ocrx_word' id='word_1_245' title='bbox 855 3520 970 3584; x_wconf 90' lang='lat' dir='ltr'><strong>deinde</strong></span> <span class='ocrx_word' id='word_1_246' title='bbox 988 3521 1094 3605; x_wconf 89' lang='lat' dir='ltr'><strong>aliqua</strong></span> <span class='ocrx_word' id='word_1_247' title='bbox 1110 3521 1326 3606; x_wconf 88' lang='lat' dir='ltr'><strong>appellatione</strong></span> 
     </span>
     <span class='ocr_line' id='line_1_32' title="bbox 190 3623 1324 3709; baseline 0.001 -22"><span class='ocrx_word' id='word_1_248' title='bbox 190 3625 377 3690; x_wconf 83' lang='lat' dir='ltr'><strong>evincendi</strong></span> <span class='ocrx_word' id='word_1_249' title='bbox 401 3624 496 3691; x_wconf 92' lang='lat' dir='ltr'><strong>modo</strong></span> <span class='ocrx_word' id='word_1_250' title='bbox 518 3627 619 3709; x_wconf 88' lang='lat' dir='ltr'><strong>petita</strong></span> <span class='ocrx_word' id='word_1_251' title='bbox 642 3648 718 3690; x_wconf 90' lang='lat' dir='ltr'><strong>usus</strong></span> <span class='ocrx_word' id='word_1_252' title='bbox 742 3625 868 3690; x_wconf 89' lang='lat' dir='ltr'><strong>videtur</strong></span> <span class='ocrx_word' id='word_1_253' title='bbox 891 3645 969 3690; x_wconf 88' lang='lat' dir='ltr'><strong>esse.</strong></span> <span class='ocrx_word' id='word_1_254' title='bbox 1018 3623 1137 3689; x_wconf 74' lang='lat' dir='ltr'><strong>Eadem</strong></span> <span class='ocrx_word' id='word_1_255' title='bbox 1160 3626 1227 3690; x_wconf 88' lang='lat' dir='ltr'><strong>fere</strong></span> <span class='ocrx_word' id='word_1_256' title='bbox 1243 3625 1324 3688; x_wconf 89' lang='lat' dir='ltr'><strong>ratio</strong></span> 
     </span>
     <span class='ocr_line' id='line_1_33' title="bbox 190 3728 1325 3815; baseline -0.001 -24"><span class='ocrx_word' id='word_1_257' title='bbox 190 3728 359 3794; x_wconf 88' lang='lat' dir='ltr'><strong>intercedit</strong></span> <span class='ocrx_word' id='word_1_258' title='bbox 391 3729 472 3794; x_wconf 91' lang='lat' dir='ltr'><strong>inter</strong></span> <span class='ocrx_word' id='word_1_259' title='bbox 506 3731 650 3795; x_wconf 89' lang='lat' dir='ltr'><strong>carminis</strong></span> <span class='ocrx_word' id='word_1_260' title='bbox 684 3730 842 3815; x_wconf 89' lang='lat' dir='ltr'><strong>Olympici</strong></span> <span class='ocrx_word' id='word_1_261' title='bbox 882 3730 955 3794; x_wconf 91' lang='lat' dir='ltr'><strong>noni</strong></span> <span class='ocrx_word' id='word_1_262' title='bbox 991 3731 1112 3793; x_wconf 84' lang='lat' dir='ltr'><strong>initium</strong></span> <span class='ocrx_word' id='word_1_263' title='bbox 1149 3735 1180 3792; x_wconf 91' lang='lat' dir='ltr'><strong>et</strong></span> <span class='ocrx_word' id='word_1_264' title='bbox 1220 3728 1325 3793; x_wconf 87' lang='lat' dir='ltr'><strong>finem.</strong></span> 
     </span>
     <span class='ocr_line' id='line_1_34' title="bbox 190 3829 1325 3917; baseline 0 -22"><span class='ocrx_word' id='word_1_265' title='bbox 190 3829 272 3895; x_wconf 85' lang='lat' dir='ltr'><strong>Nam</strong></span> <span class='ocrx_word' id='word_1_266' title='bbox 302 3853 373 3895; x_wconf 92' lang='lat' dir='ltr'><strong>eum</strong></span> <span class='ocrx_word' id='word_1_267' title='bbox 403 3835 435 3896; x_wconf 93' lang='lat' dir='ltr'><strong>in</strong></span> <span class='ocrx_word' id='word_1_268' title='bbox 465 3854 493 3898; x_wconf 88' lang='lat' dir='ltr'><strong>v.</strong></span> <span class='ocrx_word' id='word_1_269' title='bbox 518 3836 537 3896; x_wconf 76' lang='lat'>4</span> <span class='ocrx_word' id='word_1_270' title='bbox 569 3841 601 3898; x_wconf 90' lang='lat' dir='ltr'><strong>at</strong></span> <span class='ocrx_word' id='word_1_271' title='bbox 630 3835 660 3897; x_wconf 93' lang='lat' dir='ltr'><strong>in</strong></span> <span class='ocrx_word' id='word_1_272' title='bbox 690 3857 720 3899; x_wconf 87' lang='lat' dir='ltr'><strong>r.</strong></span> <span class='ocrx_word' id='word_1_273' title='bbox 744 3836 784 3898; x_wconf 80' lang='lat'><strong>87</strong></span> <span class='ocrx_word' id='word_1_274' title='bbox 813 3832 1017 3917; x_wconf 81' lang='lat' dir='ltr'><strong>Epharmosti</strong></span> <span class='ocrx_word' id='word_1_275' title='bbox 1047 3833 1178 3917; x_wconf 86' lang='lat' dir='ltr'><strong>Opuntii</strong></span> <span class='ocrx_word' id='word_1_276' title='bbox 1209 3852 1325 3897; x_wconf 89' lang='lat' dir='ltr'><strong>nomen</strong></span> 
     </span>
     <span class='ocr_line' id='line_1_35' title="bbox 190 3936 1326 4021; baseline 0 -23"><span class='ocrx_word' id='word_1_277' title='bbox 190 3936 352 4019; x_wconf 91' lang='lat' dir='ltr'><strong>proprium</strong></span> <span class='ocrx_word' id='word_1_278' title='bbox 388 3944 578 4021; x_wconf 88' lang='lat' dir='ltr'><strong>usurpetur,</strong></span> <span class='ocrx_word' id='word_1_279' title='bbox 616 3938 645 4000; x_wconf 95' lang='lat' dir='ltr'><strong>in</strong></span> <span class='ocrx_word' id='word_1_280' title='bbox 683 3961 712 4001; x_wconf 91' lang='lat' dir='ltr'><strong>v.</strong></span> <span class='ocrx_word' id='word_1_281' title='bbox 750 3940 876 4001; x_wconf 82' lang='lat'>13-14</span> <span class='ocrx_word' id='word_1_282' title='bbox 912 3942 943 4001; x_wconf 92' lang='lat' dir='ltr'><strong>et</strong></span> <span class='ocrx_word' id='word_1_283' title='bbox 978 3956 1007 3998; x_wconf 89' lang='lat' dir='ltr'><strong>v.</strong></span> <span class='ocrx_word' id='word_1_284' title='bbox 1044 3938 1104 3999; x_wconf 90' lang='lat'><strong>110</strong></span> <span class='ocrx_word' id='word_1_285' title='bbox 1138 3942 1234 4020; x_wconf 90' lang='lat' dir='ltr'><strong>poeta</strong></span> <span class='ocrx_word' id='word_1_286' title='bbox 1269 3956 1326 4019; x_wconf 89' lang='lat' dir='ltr'><strong>per</strong></span> 
     </span>
     <span class='ocr_line' id='line_1_36' title="bbox 189 4036 1326 4122; baseline -0.001 -22"><span class='ocrx_word' id='word_1_287' title='bbox 189 4038 340 4121; x_wconf 87' lang='lat' dir='ltr'><strong>ambages</strong></span> <span class='ocrx_word' id='word_1_288' title='bbox 370 4061 486 4104; x_wconf 90' lang='lat' dir='ltr'><strong>nomen</strong></span> <span class='ocrx_word' id='word_1_289' title='bbox 521 4040 675 4122; x_wconf 91' lang='lat' dir='ltr'><strong>reddidit,</strong></span> <span class='ocrx_word' id='word_1_290' title='bbox 707 4041 770 4104; x_wconf 89' lang='lat' dir='ltr'><strong>illic</strong></span> <span class='ocrx_word' id='word_1_291' title='bbox 804 4036 911 4120; x_wconf 81' lang='grc' dir='ltr'><em>ἀνδρὸς</em></span> <span class='ocrx_word' id='word_1_292' title='bbox 946 4043 1063 4116; x_wconf 71' lang='grc' dir='ltr'><strong>κλεινᾶς</strong></span> <span class='ocrx_word' id='word_1_293' title='bbox 1096 4040 1127 4113; x_wconf 81' lang='grc' dir='ltr'><strong>ἐξ</strong></span> <span class='ocrx_word' id='word_1_294' title='bbox 1157 4036 1326 4119; x_wconf 77' lang='grc' dir='ltr'><em>Ὀπόεντος,</em></span> 
     </span>
     <span class='ocr_line' id='line_1_37' title="bbox 188 4139 1324 4228; baseline 0.004 -25"><span class='ocrx_word' id='word_1_295' title='bbox 188 4139 240 4204; x_wconf 91' lang='lat' dir='ltr'><strong>hio</strong></span> <span class='ocrx_word' id='word_1_296' title='bbox 262 4140 346 4206; x_wconf 73' lang='grc' dir='ltr'><em>τόνδ’</em></span> <span class='ocrx_word' id='word_1_297' title='bbox 367 4141 458 4225; x_wconf 82' lang='grc' dir='ltr'><em>ἀνέρα</em></span> <span class='ocrx_word' id='word_1_298' title='bbox 480 4144 587 4210; x_wconf 89' lang='lat' dir='ltr'><strong>verbis</strong></span> <span class='ocrx_word' id='word_1_299' title='bbox 612 4167 705 4222; x_wconf 89' lang='lat' dir='ltr'><strong>usus,</strong></span> <span class='ocrx_word' id='word_1_300' title='bbox 734 4155 769 4208; x_wconf 92' lang='lat' dir='ltr'><strong>ut</strong></span> <span class='ocrx_word' id='word_1_301' title='bbox 793 4144 855 4209; x_wconf 94' lang='lat' dir='ltr'><strong>duo</strong></span> <span class='ocrx_word' id='word_1_302' title='bbox 880 4144 1009 4207; x_wconf 90' lang='lat' dir='ltr'><strong>nomina</strong></span> <span class='ocrx_word' id='word_1_303' title='bbox 1032 4143 1160 4228; x_wconf 91' lang='lat' dir='ltr'><strong>propria</strong></span> <span class='ocrx_word' id='word_1_304' title='bbox 1184 4152 1217 4208; x_wconf 90' lang='lat' dir='ltr'><strong>et</strong></span> <span class='ocrx_word' id='word_1_305' title='bbox 1239 4140 1324 4207; x_wconf 92' lang='lat' dir='ltr'><strong>duae</strong></span> 
     </span>
     <span class='ocr_line' id='line_1_38' title="bbox 188 4244 1325 4334; baseline 0.002 -27"><span class='ocrx_word' id='word_1_306' title='bbox 188 4244 482 4313; x_wconf 88' lang='lat' dir='ltr'><strong>circumlocutiones</strong></span> <span class='ocrx_word' id='word_1_307' title='bbox 505 4249 586 4313; x_wconf 90' lang='lat' dir='ltr'><strong>inter</strong></span> <span class='ocrx_word' id='word_1_308' title='bbox 614 4271 648 4313; x_wconf 91' lang='lat' dir='ltr'><strong>sa</strong></span> <span class='ocrx_word' id='word_1_309' title='bbox 679 4248 923 4334; x_wconf 87' lang='lat' dir='ltr'><strong>responderent.</strong></span> <span class='ocrx_word' id='word_1_310' title='bbox 970 4246 1113 4320; x_wconf 83' lang='lat' dir='ltr'><strong>Quocum</strong></span> <span class='ocrx_word' id='word_1_311' title='bbox 1142 4246 1218 4312; x_wconf 92' lang='lat' dir='ltr'><strong>illud</strong></span> <span class='ocrx_word' id='word_1_312' title='bbox 1250 4268 1325 4310; x_wconf 91' lang='lat' dir='ltr'><strong>eon·</strong></span> 
     </span>
    </p>
   </div>
   <div class='ocr_carea' id='block_1_3' title="bbox 188 4348 1324 4438">
    <p class='ocr_par' dir='ltr' id='par_1_3' title="bbox 188 4348 1324 4438">
     <span class='ocr_line' id='line_1_39' title="bbox 188 4348 1324 4438; baseline 0.004 -27"><span class='ocrx_word' id='word_1_313' title='bbox 188 4348 289 4432; x_wconf 87' lang='lat' dir='ltr'><strong>gruit,</strong></span> <span class='ocrx_word' id='word_1_314' title='bbox 324 4348 409 4434; x_wconf 93' lang='lat' dir='ltr'><strong>qnod</strong></span> <span class='ocrx_word' id='word_1_315' title='bbox 440 4351 585 4416; x_wconf 90' lang='lat' dir='ltr'><strong>carminis</strong></span> <span class='ocrx_word' id='word_1_316' title='bbox 617 4349 779 4438; x_wconf 89' lang='lat' dir='ltr'><strong>Olympici</strong></span> <span class='ocrx_word' id='word_1_317' title='bbox 811 4351 927 4418; x_wconf 86' lang='lat' dir='ltr'><strong>decimi</strong></span> <span class='ocrx_word' id='word_1_318' title='bbox 962 4351 994 4413; x_wconf 92' lang='lat' dir='ltr'><strong>in</strong></span> <span class='ocrx_word' id='word_1_319' title='bbox 1026 4370 1056 4415; x_wconf 92' lang='lat' dir='ltr'><strong>v.</strong></span> <span class='ocrx_word' id='word_1_320' title='bbox 1090 4354 1128 4413; x_wconf 82' lang='lat'><strong>18</strong></span> <span class='ocrx_word' id='word_1_321' title='bbox 1160 4360 1192 4414; x_wconf 91' lang='lat' dir='ltr'><strong>et</strong></span> <span class='ocrx_word' id='word_1_322' title='bbox 1224 4374 1252 4416; x_wconf 88' lang='lat' dir='ltr'><strong>r.</strong></span> <span class='ocrx_word' id='word_1_323' title='bbox 1283 4352 1324 4415; x_wconf 87' lang='grc'><strong>92</strong></span> 
     </span>
    </p>
   </div>
   <div class='ocr_carea' id='block_1_4' title="bbox 0 0 1482 4822">
    <p class='ocr_par' dir='ltr' id='par_1_4' title="bbox 0 0 1482 4822">
     <span class='ocr_line' id='line_1_40' title="bbox 0 0 1482 4822; baseline 0 1"><span class='ocrx_word' id='word_1_324' title='bbox 0 0 1482 4822; x_wconf 95' lang='lat' dir='ltr'><strong> </strong></span> 
     </span>
    </p>
   </div>
  </div>
 </body>
</html>
