2954 4816
666 289 734 375 [63]
1228 296 1267 359 13

128 485 346 550 stitutiouibus
384 481 506 549 Codicis
543 481 712 547 Iustiniani
748 481 897 564 redeant,
935 504 1017 568 quaa
1052 486 1166 550 eodem
1199 486 1266 550 iere

77 640 80 646 .
129 610 190 674 quo
213 589 435 677 Institutiones
465 594 608 669 tempore
640 586 836 670 compositae
865 595 951 667 sunt,
976 589 1088 654 eodem
1118 591 1186 655 iure
1211 589 1267 653 has

130 715 257 779 quoque
282 692 385 758 eidem
401 693 454 777 qui
470 690 711 754 Institutionum
727 690 824 754 libros
845 691 1037 758 confecisset
1060 695 1265 779 compositori

127 799 301 863 attribuere
324 797 443 892 liceret.
476 795 570 869 Quod
594 816 658 859 non
682 795 750 858 fieri
766 817 860 880 posse
877 818 970 862 namo
988 807 1035 862 est
1052 800 1127 884 quin
1143 799 1264 862 videat.

128 900 229 966 Immo
254 903 298 965 sic
319 898 522 966 iudicandum
544 900 683 963 videtur:
707 898 883 984 Utriusque
904 896 1145 966 Institutionum
1166 904 1266 987 partis

130 1027 220 1070 usum
244 1004 394 1090 loquendi
417 1022 513 1088 saepe
543 1023 600 1087 per
633 1022 743 1067 omnes
768 1002 866 1066 libros
899 1004 1033 1068 eundem
1060 1027 1131 1070 essa
1156 1025 1268 1069 conce·

128 1110 269 1175 dandum
292 1120 349 1174 est.
395 1107 615 1191 Quacportio
640 1113 753 1170 -est
784 1116 894 1172 autem
917 1109 1081 1173 maior-
1105 1111 1267 1194 quianon

129 1215 367 1282 diversaesta
390 1210 550 1275 communi
574 1232 633 1274 usu
658 1210 826 1292 scribendi,
840 1232 933 1296 quem
959 1213 1145 1277 familiarem
1167 1213 1268 1277 fuisse

126 1319 209 1383 illius
232 1317 383 1403 temporis
412 1314 635 1379 iureconsultis
668 1334 723 1378 eae
745 1316 989 1380 constitutiones
1013 1323 1110 1381 testes
1143 1323 1264 1396 extant,

128 1443 211 1506 quae
241 1420 465 1503 promulgatae
495 1425 568 1482 sunt
598 1417 775 1482 Iustiniano
805 1419 1013 1504 imperatore,
1048 1427 1267 1504 repraesentat

128 1532 291 1609 tamquam
326 1544 364 1585 ea
395 1541 477 1605 quae
509 1527 642 1604 uterque
671 1523 863 1604 compositor
894 1524 1028 1606 tempori
1060 1544 1117 1588 suo
1150 1523 1264 1601 debet;

128 1649 211 1712 quae
234 1633 344 1693 autem
367 1631 466 1689 restat
489 1626 592 1688 minor
614 1626 735 1708 portio,
766 1626 797 1688 in
822 1648 885 1710 qua
909 1626 988 1691 alter
1017 1627 1057 1691 ab
1080 1627 1181 1691 altero
1206 1626 1266 1690 dis-

126 1732 232 1813 sentit,
258 1753 294 1794 ea
321 1729 462 1792 continet
485 1749 566 1812 quae
591 1728 756 1811 utriusque
777 1729 907 1813 propria
930 1736 1013 1795 sunt.

231 1833 324 1898 Nunc
353 1833 479 1916 singula
508 1853 579 1896 oum
610 1832 742 1915 singulis
773 1853 1007 1918 comparemus,
1039 1840 1074 1897 ut
1101 1840 1265 1919 appareat,

127 1959 209 2024 qaae
234 1938 412 2001 differentia
443 1936 621 2000 intercedat
650 1937 732 2000 iuter
761 1936 915 2002 librorum
938 1938 1022 2002 l.lI
1054 1946 1085 2001 et
1112 1939 1263 2002 librorum

129 2041 259 2107 lII.IV
283 2063 376 2107 usum
399 2039 563 2125 loquendi.

661 2256 733 2337 §a

552 2367 839 2434 substantiva.

232 2568 258 2627 1.
302 2561 473 2626 Arbitratu
496 2559 529 2623 ll
555 2562 603 2639 18,
627 2562 661 2622 3:
693 2560 762 2623 licet
791 2579 853 2623 aaa
874 2560 982 2643 fuerit
1010 2561 1167 2624 attactam
1193 2559 1264 2625 beai

126 2670 188 2734 oiri
211 2666 427 2732 arbitratu
449 2664 555 2728 debere
570 2684 637 2726 eom
653 2665 770 2747 repleri
784 2665 854 2739 (cfr.
874 2664 1059 2745 arbitratae,
1082 2664 1263 2729 arbitratur

126 2775 161 2838 II
188 2777 238 2852 15,
261 2769 308 2853 4).
343 2771 542 2852 Quamquam
565 2766 637 2830 boni
658 2768 721 2830 oiri
743 2766 904 2831 arbitrata
927 2775 1089 2850 tamquam
1118 2768 1263 2833 sollemni

127 2899 215 2942 moro
238 2874 359 2939 dictum
382 2872 507 2936 videtur
530 2893 611 2936 esse.

230 2978 365 3044 arbitrio
388 2975 440 3040 III
465 2978 515 3056 15,
538 2977 577 3039 2:
601 2980 684 3038 totas
706 2974 772 3038 dies
794 2975 974 3038 arbitrio
997 2975 1141 3038 calceatis
1165 2974 1266 3038 tribui

126 3087 210 3152 debet
226 3084 237 3165 ll
255 3086 306 3164 24,
334 3088 364 3144 l:
389 3082 417 3144 st
439 3080 541 3143 alieno
563 3078 743 3143 arbitrio
763 3081 903 3160 pretium
922 3079 1110 3160 parnassum
1125 3079 1234 3162 faerit
1248 3075 1257 3163 ll

126 3190 237 3256 cadem
263 3187 297 3267 §t
319 3187 348 3249 ai
370 3186 472 3248 alieno
494 3181 682 3246 arbitrio
710 3202 827 3245 merces
847 3183 1004 3264 peruetisse
1019 3182 1138 3264 faerit.

229 3295 260 3356 2.
303 3289 480 3355 Atrocitate
509 3287 525 3350 l
558 3289 614 3368 16,
651 3291 687 3349 1:
727 3287 781 3371 qui
813 3286 895 3349 serat
929 3305 1046 3367 poenae
1077 3284 1264 3368 efficiuntur

126 3397 351 3462 atrocitate
394 3392 561 3455 8111111111
606 3387 669 3471 (sisoi
707 3387 752 3452 τό
790 3386 918 3471 τραχὺ
965 3394 1018 3470 τῆς
1056 3387 1121 3450 κατ’
1160 3387 1264 3451 αὐτῶν

126 3499 334 3584 ἐξενεχθείσης
357 3493 570 3580 ἀποφάσεως).

227 3603 265 3668 Iu
289 3602 375 3665 libris
400 3599 452 3663 ΙΙΙ
474 3604 506 3662 et
530 3596 577 3661 IV
601 3604 707 3662 autem
730 3598 866 3681 legitur:
899 3597 1005 3676 1112,
1030 3598 1069 3659 3·
1094 3596 1262 3678 pareltatim

124 3706 391 3793 asperitatem
418 3703 501 3766 turta
533 3702 633 3765 1111111
663 3703 855 3784 corrtqeates
884 3696 955 3782 (τήν
984 3695 1044 3763 ὑπὸ
1073 3703 1134 3761 τῶν
1158 3702 1264 3783 σοφῶν

124 3814 350 3893 ὲῖσενεχθεῖσαν
381 3803 627 3888 τραχύτητα)
651 3804 664 3886 11
688 3803 736 3868 IV
767 3808 805 3885 8,
830 3807 847 3868 l
884 3803 1064 3868 huiusmodi
1095 3805 1263 3885 asperi·

121 3921 246 3991 tatem
261 3962 268 3975 .
282 3909 532 3994 ..respuendam
546 3928 609 3971 esse
620 3905 693 3990 (τὴν
704 3906 845 3988 τοιαύτην
857 3905 978 3987 ἐξέβαλε
1001 3932 1072 3987 τρα
1079 3932 1101 3988 χ
1110 3903 1130 3969 v‘
1137 3931 1183 3988 τη
1194 3907 1261 3987 τα).

229 4016 256 4081 3,
294 4013 482 4079 Facultates
506 4013 562 4093 (=
584 4033 635 4075 res
657 4011 823 4076 familiaris
853 4012 920 4076 sive
943 4009 1182 4096 patrimonium)
1213 4009 1262 4074 IV

127 4125 177 4205 14,
201 4125 221 4184 4
238 4118 520 4204 facultatibus
542 4120 651 4199 lapsus
675 4168 733 4183 ...
757 4117 886 4182 debitor.
927 4117 1099 4179 Praeterea
1113 4115 1263 4199 facultas

124 4225 183 4309 (=
205 4227 363 4309 potestas)
385 4223 503 4306 legitur
527 4220 631 4303 1118,
654 4223 693 4285 2:
716 4221 815 4284 datur
837 4227 940 4284 autem
962 4219 1037 4283 haec
1060 4217 1260 4301 adsiqaaadt

119 4329 312 4414 facultas
334 4330 371 4409 11,
393 4330 446 4413 qui
471 4374 537 4404 ...,
560 4332 595 4388 at
701 4327 729 4388 11
832 4325 933 4388 liceat.
