2954 4822
531 326 573 339 -
619 285 707 379 [tas]
758 328 797 342 -
919 260 921 264 '
1220 292 1239 358 a

100 477 224 564 optime
247 478 398 564 quadrat:
426 479 522 544 Philo
553 480 639 545 enim
664 479 820 565 Byblius‚
852 481 944 545 cuius
970 480 1149 568 discipulus
1173 490 1244 548 erat

101 581 302 668 Hermippus
319 583 484 670 Berytius‚
507 583 640 650 Traiani
666 591 700 649 et
715 583 875 650 Hadriani
892 586 1025 651 luerunt
1040 588 1243 674 temporibus

104 707 209 772 aeque
233 693 333 775 utque
357 687 502 754 Soranus
525 687 703 777 Ephesius.

187 789 339 855 Vidimus
363 792 464 877 igitur
486 800 659 878 utrumque
683 791 858 879 scriptum,
882 798 915 857 et
936 797 1104 878 γιναικεῖα
1126 789 1242 878 βιβλία

100 889 130 958 δ’
142 901 176 959 et
186 890 255 979 βίοι
269 889 389 981 ἰατρῶν
400 894 456 962 καί
469 892 611 981 αἱρέσεις
623 903 695 976 etc,
710 896 833 961 Sorano
846 897 964 962 minori
976 897 1241 980 abiudicandum,

101 999 218 1064 maiori
241 998 450 1067 tribuendum
468 1023 554 1081 esse,
576 1001 663 1067 uude
687 1002 836 1086 sequitur
858 1008 893 1066 ut
910 1002 1113 1088 Hesychium
1138 1002 1242 1088 ipsum

101 1109 158 1168 aut
180 1103 319 1184 iontem,
348 1125 411 1191 quo
439 1127 519 1171 usus
548 1113 599 1170 est
627 1107 659 1170 in
682 1106 766 1170 libro
796 1106 1048 1185 conscribendo,
1080 1105 1242 1171 Soranum

102 1207 260 1272 minorem
283 1208 418 1274 finxisse
437 1215 630 1274 statuamus.
668 1209 785 1295 Itaque
809 1215 888 1294 puto
908 1209 990 1275 duos
1006 1231 1087 1294 quos
1103 1209 1242 1297 praebet

102 1310 289 1398 Hesychius
311 1315 486 1395 articulos,
517 1315 564 1379 eis
587 1313 736 1399 partibus
760 1334 842 1398 quae
873 1313 964 1379 nihili
988 1321 1063 1379 sunt
1094 1315 1240 1394 resectis,

102 1416 149 1480 ita
176 1417 246 1482 iere
273 1418 306 1482 in
336 1439 436 1483 unum
466 1417 691 1484 contexendus
716 1438 804 1484 esse:

194 1515 346 1606 Σωρανὸς
368 1516 562 1606 Μενάνδρου
583 1519 641 1587 καὶ
668 1517 808 1609 Φοίβης,
836 1514 987 1609 Ἐφέσιος
1010 1516 1137 1608 ἰατρός,
1167 1522 1243 1588 ιλια-

104 1619 230 1709 τρίψας
255 1619 289 1690 ἰν
315 1617 543 1713 Ἀλεξανδρείᾳ
569 1624 627 1691 καί
655 1623 689 1690 ἓν
714 1626 755 1713 τῇ
779 1619 887 1712 Ῥώμη
916 1624 953 1690 δὲ
981 1621 1155 1712 ἰατρεῦσας
1182 1623 1239 1690 ἐπί

109 1728 274 1812 Τραϊανοῦ
289 1727 345 1794 καί
359 1721 533 1815 Ἀδριανοῦ
554 1730 620 1795 τῶν
641 1727 803 1815 βασιλίιον
827 1778 911 1795 ....
935 1734 1103 1816 γυναικεῖα
1127 1725 1242 1815 βιβλία

103 1825 142 1907 δ’,
167 1826 262 1915 βίους
284 1827 405 1920 ἰατρῶν
427 1831 482 1899 καί
513 1829 656 1918 αἰρίσεις
678 1831 736 1898 καί
765 1827 976 1919 συντάγματα
1003 1829 1163 1918 βιβλίον’
1186 1831 1241 1898 καὶ

105 1927 186 1998 tilla
209 1929 355 2023 διάφορα
366 1935 404 2023 ¹).

635 2085 655 2162 a
679 2086 709 2147 ν.

227 2193 282 2261 Ι)ε
306 2195 407 2262 falsa
431 2195 574 2261 Sorani
594 2195 694 2283 apud
717 2195 900 2261 Tzetzam
924 2196 1116 2261 memoria.

190 2334 283 2409 Quae
306 2356 379 2400 cum
402 2336 449 2400 ita
472 2336 554 2417 sint,
585 2357 649 2400 non
672 2356 804 2422 possum
827 2356 891 2400 nen
916 2334 1076 2420 quosdam
1099 2334 1241 2400 Taetzae

106 2460 233 2504 errores
264 2438 305 2504 de
330 2438 445 2505 Sorani
468 2438 605 2528 Ephesii
637 2446 746 2506 aetate
769 2440 945 2525 corrigere.
994 2438 1124 2504 Laudat
1155 2440 1240 2503 enim

104 2542 242 2608 Tnetzes
279 2543 329 2607 bis
360 2542 522 2609 Soranum
555 2543 718 2629 quendum
752 2542 931 2630 Ephesium
965 2542 1148 2623 medicum,
1187 2542 1241 2627 qui

104 2646 305 2732 temporibus
334 2646 529 2734 Cleopatrae
553 2647 778 2714 Alexandriae
806 2647 904 2712 luerit
938 2655 972 2712 et
1000 2646 1076 2711 huic
1107 2646 1239 2731 reginae

103 2752 317 2817 medicamina
340 2752 381 2817 ad
404 2752 520 2818 faciem
544 2751 767 2818 exornandam
789 2756 867 2837 apta
890 2750 1068 2815 fabricatus
1092 2751 1143 2815 sit.
1190 2750 1240 2813 Ac

102 2856 241 2941 primum
275 2855 406 2943 quidem
444 2857 526 2921 haec
560 2856 714 2941 leguntur
753 2854 787 2918 in
821 2853 963 2919 Tzetnae
997 2854 1163 2939 prooemio
1199 2852 1240 2917 ad

103 2959 291 3045 Allegorias
307 2966 411 3025 metro
427 2959 512 3046 quod
528 2965 663 3024 vocatur
677 2957 809 3045 politico
826 2957 1067 3023 conscribillata
1089 2957 1155 3042 (ed.
1169 2956 1239 3020 Ma-

102 3068 217 3148 tranga
228 3057 355 3128 Anecd.
375 3063 430 3128 Gr.
444 3062 461 3127 I
478 3086 509 3150 p.
523 3066 556 3140 1;
573 3061 626 3128 ed.
640 3060 854 3143 Boissouade,
867 3060 1019 3126 Lutetiae
1038 3063 1127 3138 1851,
1144 3083 1174 3147 p.
1193 3061 1238 3144 l):

106 3201 156 3289 Τη
178 3195 398 3289 κραταιοτάτη
421 3196 600 3288 βασιλίσσῃ
622 3198 678 3265 καί
703 3194 929 3287 ὀμηρικωτάτη
956 3200 1038 3286 κορᾷ
1062 3193 1179 3287 Εἰρήνη
1201 3199 1241 3285 τῇ

542 3302 578 3386 ἐξ
597 3298 799 3389 Ἀλαμανῶν.

134 3456 142 3494 ι
193 3421 284 3490 Ἐπεί
308 3421 445 3513 φαιδροί,
467 3423 657 3513 πανσέληνε,
681 3420 797 3515 σελήνη
820 3418 1010 3511 σελασφόρε,

189 3520 248 3593 οὐκ
270 3524 307 3593 ἑκ
328 3530 413 3615 ῥοῶν
432 3521 587 3594 Ὠκεανοῦ
609 3525 775 3617 φαίνουσα
797 3524 980 3613 λελουμένη,

192 3625 259 3698 ἀλλ’
286 3631 322 3700 ἐκ
344 3629 518 3723 πορφύρας
540 3635 599 3724 τῆς
621 3634 757 3723 κλεινῆς,
781 3626 826 3712 ῶς
848 3629 976 3698 ἔπεισιν
998 3627 1139 3710 εἰκάσαι,

190 3732 420 3827 ἆνασκιρτῶσα
443 3734 607 3830 φεραογὴς
628 3737 686 3805 καί
709 3736 811 3806 πλέον
832 3740 891 3804 τοῦ
914 3734 1105 3827 φωσφόρου,

128 3876 141 3914 a
190 3835 317 3930 χρῄζεις
338 3836 482 3910 ἐλαύνειν
505 3838 619 3929 πόρρω
642 3866 705 3909 ποι
729 3845 806 3921 σαῖς
832 3845 990 3927 ψυχικαῖς
1013 3835 1122 3907 ἀκτῖσι

171 4070 192 4136 ¹)
211 4066 264 4120 Vix
288 4067 378 4138 magis
400 4067 601 4130 dubitandum,
624 4067 692 4138 quin
712 4067 832 4122 Soranus
855 4067 904 4120 ille
922 4067 1017 4134 Cous,
1041 4065 1089 4135 qui
1113 4065 1156 4119 bis
1179 4066 1240 4121 lau·

98 4154 184 4208 datur
199 4154 228 4207 in
242 4155 302 4208 rita
319 4155 498 4225 Hippocratis
517 4155 737 4223 (Westermnnni
756 4155 848 4224 Biogr.
867 4173 893 4224 p.
912 4155 965 4208 449
983 4157 1011 4207 et
1030 4173 1056 4224 p.
1075 4156 1146 4223 efai),
1165 4154 1238 4208 idem

98 4242 137 4294 sit
155 4243 242 4309 atque
260 4245 354 4295 noster
370 4241 492 4296 Soranus
510 4241 569 4305 (cfr.
589 4241 740 4303 timuerim,
759 4241 817 4294 Sor.
836 4240 871 4293 de
889 4240 1016 4293 muliebr.
1035 4240 1079 4293 ali.
1099 4259 1126 4319 p.
1146 4240 1203 4304 VI).
