3030 4816
231 304 272 373 le
752 299 842 395 [334]

335 502 533 590 Quamquam
552 504 635 590 quod
654 504 827 569 adversarii
843 503 1000 569 criminati
1014 511 1087 569 sunt
1101 499 1241 570 homines
1256 499 1383 571 nobedis

230 609 313 674 baar
335 609 482 673 adiutare
504 609 695 695 adsidueque
718 630 784 674 aaa
807 609 948 690 scribere,
977 609 1010 672 id
1039 610 1072 673 in
1098 609 1216 674 falsum
1238 618 1381 676 auctum

231 734 299 779 esse
335 713 429 778 facile
465 713 679 798 intellegitur,
710 712 757 778 ¹ac
794 713 893 778 multo
931 713 1031 798 magis
1075 715 1164 796 illae,
1205 734 1292 797 quae
1331 737 1379 780 ex

231 817 353 883 leviore
376 818 517 882 Terentii
540 817 722 883 defensione
745 817 878 881 haustae
902 823 975 882 sunt
1005 838 1173 903 perversae
1203 817 1380 902 opiniones

231 920 271 984 de
301 920 471 984 comoediis
502 922 543 986 ab
578 920 640 984 illis
674 919 831 985 nobilibus
866 922 1043 1005 compositis
1070 920 1211 985 Terentii
1238 923 1379 986 nomine

231 1022 335 1101 editis,
351 1024 520 1107 ineptiores
536 1029 568 1087 et
583 1023 772 1087 infirmiores
787 1029 860 1087 sunt
875 1044 970 1107 quam
986 1045 1067 1108 quae
1079 1024 1161 1088 seria
1172 1022 1379 1089 refutatione

231 1127 406 1210 indigeant.

767 1263 832 1346 ΙΙΙ.

601 1420 662 1487 on
684 1421 744 1488 an
767 1421 995 1488 sensuros.

759 1561 830 1644 §a

432 1700 480 1752 DE
500 1699 754 1753 PROLOGORUM
773 1699 1155 1754 PRONUNTIATORIBUS.

334 1822 490 1904 Prologis,
514 1821 568 1905 qui
591 1827 815 1905 argumentum
830 1831 1006 1903 narrarent,
1028 1821 1156 1885 fabulae
1171 1819 1310 1886 Latinae
1326 1823 1372 1888 ab

233 1928 320 1991 initio
344 1927 397 1990 vix
413 1946 552 2010 unquam
569 1926 734 1989 carebant:
757 1926 949 2010 quibusque
966 1924 1060 1989 modo
1075 1924 1242 1989 Terentius
1256 1931 1372 1990 utatur

232 2052 295 2094 noa
316 2032 371 2114 pai
393 2035 615 2111 erparueatera
637 2035 748 2091 narret
779 2029 833 2092 sed
861 2030 915 2112 pai
942 2029 1087 2092 malteoli
1115 2029 1231 2092 ueteris
1253 2035 1372 2110 poetae

233 2134 406 2198 maledictis
431 2131 618 2214 respondeat
646 2133 695 2196 cui
717 2132 781 2195 alio
811 2132 903 2196 modo
932 2132 1062 2216 obloqui
1083 2153 1148 2196 non
1169 2133 1277 2216 possit,
1301 2133 1370 2196 iam

234 2259 329 2322 supra
352 2237 532 2321 expositum
554 2240 610 2300 est.

335 2340 466 2423 Prologi
500 2340 713 2424 appellatione
750 2340 847 2403 etiam
884 2360 1098 2424 personam
1131 2340 1250 2424 ipsam,
1284 2361 1371 2425 quae

233 2451 345 2529 poetae
367 2445 494 2509 nomine
516 2464 587 2507 cum
609 2443 838 2528 spectatoribus
865 2445 950 2528 agit,
981 2444 1141 2528 designari
1170 2443 1261 2507 docet
1283 2443 1370 2512 Heo.

234 2548 313 2633 prol.
337 2546 371 2611 ΙΙ
393 2568 424 2612 v.
450 2550 483 2612 l:

366 2674 483 2740 Orator
506 2677 549 2740 ad
571 2697 628 2741 eos
650 2678 741 2741 aenio
764 2684 881 2741 ornata
901 2677 1037 2761 prologi.

233 2808 323 2893 Ipsas
345 2814 452 2870 autem
474 2807 597 2891 prologi
619 2815 725 2892 partes
748 2809 832 2891 apud
856 2806 1016 2873 Romanos
1044 2806 1084 2872 ab
1112 2806 1371 2874 adulescentibus

233 2911 286 2994 agi
309 2911 416 2975 solitas
439 2931 507 2975 esse
529 2910 634 2976 Hean.
658 2911 738 2995 prol.
761 2931 791 2975 r.
816 2914 830 2973 l
858 2911 1069 2976 demonstrat:

360 3030 409 3095 Ne
430 3032 502 3117 qaoi
524 3032 565 3095 sit
588 3038 731 3095 cestrum
753 3033 879 3112 miram,
902 3053 982 3118 quor
998 3035 1105 3117 partis
1128 3034 1195 3096 seni

363 3134 461 3198 Poeta
484 3135 614 3213 dederit,
637 3156 716 3220 qaae
738 3142 811 3199 sant
834 3127 1089 3202 adulescentiam.

235 3254 396 3320 Usitatum
420 3276 543 3321 morem
566 3257 613 3320 bis
640 3256 779 3321 deseruit
802 3256 969 3323 Terentius
999 3259 1044 3323 ita
1074 3266 1109 3323 ut
1137 3279 1234 3324 senex
1255 3258 1372 3326 Ambi-

235 3360 305 3423 vius
327 3359 394 3444 ipse
416 3360 586 3445 prologum
609 3366 719 3444 ageret
741 3360 890 3425 nimirum
911 3349 975 3426 'suo
1006 3384 1067 3427 non
1098 3370 1210 3447 poetae
1239 3365 1370 3431 nomine

236 3484 308 3527 cum
329 3464 448 3548 populo
464 3472 606 3527 acturus:
629 3465 662 3527 in
677 3464 1048 3545 Heautontimorumeno,
1072 3487 1151 3550 quae
1167 3465 1275 3531 fabule
1296 3468 1369 3534 dili-

235 3568 377 3652 gentiore
400 3568 582 3631 defensione
605 3567 779 3652 indigebat,
803 3574 838 3632 ut
860 3571 1089 3654 spectatoribus
1111 3571 1241 3635 stataria
1256 3571 1369 3638 fabula

236 3671 433 3757 probaretur,
462 3691 605 3735 necnon
628 3673 661 3734 in
684 3671 831 3758 Hecyrae
860 3673 991 3757 prologo
1020 3674 1166 3756 secundo,
1196 3682 1231 3738 ut
1259 3674 1371 3741 fabula

235 3775 284 3838 bis
317 3773 447 3838 exclusa
480 3776 512 3838 in
545 3781 758 3858 spectatorum
791 3777 936 3840 favorem
969 3774 1178 3844 reuocaretur.
1223 3777 1368 3864 Utroque

236 3884 343 3941 autem
365 3878 433 3941 loco
456 3876 488 3941 id
511 3877 613 3962 ipsum
636 3899 690 3942 cur
719 3879 775 3943 fiat
804 3881 984 3965 exponitur.
1027 3880 1136 3966 Atque
1165 3883 1198 3946 in
1219 3881 1369 3966 Hecyrae

236 3981 361 4065 prologi
383 3980 491 4044 initio:

237 4188 287 4241 Mit
299 4189 388 4241 Reeht
402 4197 464 4256 sagt
477 4191 535 4242 aluo
548 4190 693 4243 Suetonius
706 4190 773 4243 odor
786 4192 933 4259 cigentlich
946 4193 1017 4245 wohl
1032 4193 1128 4259 Varro,
1149 4193 1211 4246 dass
1223 4192 1370 4251 Terentius

238 4273 325 4329 durch
345 4275 389 4328 slis
407 4278 467 4343 Art,
486 4278 535 4328 wie
554 4294 583 4331 er
601 4278 658 4329 sich
677 4277 858 4345 vertheidige,
878 4278 927 4331 das
945 4279 1066 4332 Gerssobt
1085 4297 1136 4333 nur
1161 4281 1293 4349 bestitigt
1312 4286 1370 4341 und

237 4359 292 4414 ihm
313 4365 437 4431 grbssere
457 4364 638 4432 Verbreitung
656 4365 780 4434 gegeben
799 4362 888 4419 habs)
