2948 4808
672 237 885 295 ..52-

210 431 357 511 sumptus
374 423 605 489 sacrificiorum
621 422 812 485 sustineant.
850 420 1010 507 Exemplo
1027 428 1076 486 est
1093 419 1254 485 e.1.A.1
1271 423 1342 501 188,

209 530 265 594 ubi
287 534 370 595 vs.5
394 552 463 615 sqq.
491 550 636 593 summae
666 528 876 612 pecuniarum
907 536 1120 592 recensentur
1142 529 1175 591 in
1200 525 1344 592 secunda

209 636 356 720 prytanio
387 634 463 698 anni
493 634 583 712 40⁷,b
609 655 638 696 a.
664 631 740 696 Chr.
765 653 795 694 n.
825 631 865 695 ad
893 632 1129 697 Panathenaea
1158 632 1288 716 agenda
1311 638 1344 695 et

209 731 416 816 ἀθλοθέταις
439 746 472 803 et
496 734 678 822 ίεροποιοῖς
702 736 812 800 datae:
833 728 909 800 Ἐπὶ
933 738 992 824 τῆς
1014 731 1178 824 Αἰγηίδος
1194 733 1345 820 δευτέρας

142 924 148 937 Ι
211 837 472 928 πρυτανευούσης
501 834 708 918 ἀθλοθέταις
737 836 940 927 nascamini]
970 837 1017 919 εἷς
1044 835 1268 929 Παναθήναια
1302 833 1344 903 τὰ

208 941 350 1032 μεγάλα,
399 941 522 1009 Φίλωνι
559 944 789 1031 Κυδαθηναιεῖ
823 941 878 1008 καί
913 939 1124 1029 συνάρχουσιν
1162 936 1345 1028 Ἀθηναίας

209 1044 376 1126 Πολιάδος
386 1046 497 1132 (πέντε
511 1042 654 1113 τάλαντα
666 1044 771 1129 χίλιαι
787 1047 860 1132 δρ.),
876 1042 1058 1131 ίεροποιοῖς
1073 1040 1141 1112 κατ’
1158 1041 1341 1133 [ε’]νιαυτόν,

210 1149 340 1239 Διόλληι
353 1146 472 1238 Ἕρχιεῖ
486 1150 543 1217 καί
560 1146 779 1236 συνάρχουσιν,
798 1147 846 1229 εἰς
860 1147 919 1239 τὴν
934 1147 1117 1238 ἑκατόμβην
1132 1146 1344 1231 πεντακισχί-

209 1258 280 1323 λιαι
302 1251 419 1322 ἑκατὸν
440 1251 751 1342 τετταρεςκαίδεια).
786 1255 883 1319 Hanc
905 1257 1079 1341 pecuniam
1096 1261 1291 1320 consumunt
1313 1255 1345 1317 in

209 1361 754 1447 emendishostiiaappcrandisque
765 1361 987 1441 sollemnibus,
998 1359 1344 1447 i.e.pompaducenda‚

209 1468 274 1531 aris
298 1467 432 1531 deorum
456 1467 575 1551 quibus
600 1488 694 1530 saera
716 1466 883 1531 offerenda
906 1472 981 1531 sunt
1003 1466 1165 1547 ornandis,
1191 1466 1345 1530 ministris

210 1573 264 1657 qui
288 1573 376 1658 ipsos
400 1573 435 1646 in,
456 1572 623 1636 sacrificiis
647 1571 802 1636 adiuvent
824 1571 1032 1636 instituendis
1056 1571 1112 1655 (cf.
1138 1571 1173 1638 0.
1196 1570 1223 1637 Ι.
1245 1572 1286 1636 Α.
1310 1570 1344 1634 ΙΙ

212 1676 296 1761 163).
320 1675 446 1740 Diebus
457 1676 552 1741 iestis
565 1676 706 1761 peractis
720 1676 876 1762 pecunias
890 1698 932 1740 ex
947 1676 1088 1762 pellibus
1105 1675 1344 1739 immolatarum

210 1781 389 1846 hostiarum
417 1781 547 1867 publice
571 1779 712 1844 venditis
741 1786 872 1865 paratas
897 1780 937 1843 ad
961 1786 1153 1865 quaestores
1176 1779 1344 1845 Minervae

210 1885 360 1949 deferunt
377 1884 431 1966 (cf.
450 1888 470 1964 ξ
488 1887 530 1967 1),
549 1883 589 1947 δε
605 1885 752 1969 pecuniis
771 1884 832 1948 sibi
850 1883 1031 1947 commissis
1048 1885 1207 1947 rationem
1224 1884 1345 1969 populo

209 1988 358 2054 reddunt.
400 1988 524 2052 Verum
547 1994 678 2074 praeter
701 1989 781 2053 haee
808 1989 874 2051 noli
899 1995 1014 2073 putare
1044 2010 1154 2053 eorum
1178 1989 1346 2054 custodiae

209 2094 382 2179 pecuniam
405 2113 531 2155 sacram
554 2091 843 2156 administrandam
868 2093 1074 2156 commissam
1096 2092 1207 2159 fuisse.

297 2196 419 2260 Contra
442 2196 635 2281 templorum
660 2216 712 2260 res
736 2217 846 2261 sacras
870 2195 1140 2260 administrabant

301 2304 327 2365 1.
367 2295 567 2383 ίεροποιοί
597 2321 755 2385 quorum
786 2301 925 2364 officia
954 2308 1152 2366 certorum
1181 2301 1345 2386 templo-

211 2425 293 2468 rum
317 2425 435 2468 curae
461 2410 738 2488 certorumque
763 2404 921 2469 deorum
938 2406 1060 2469 cultui
1077 2404 1346 2469 destinantur.

298 2507 392 2582 Quod
415 2507 599 2572 luculenter
615 2507 811 2593 perspicitur
827 2529 868 2572 ex
885 2509 934 2573 tit.
952 2507 988 2572 O.
1005 2508 1032 2572 Ι.
1049 2510 1079 2572 Α
1095 2508 1112 2571 Ι
1131 2511 1171 2572 32
1188 2506 1278 2594 (anni
1295 2507 1346 2572 Ol.

212 2614 295 2691 863,
319 2633 347 2675 a.
365 2610 441 2674 Obr.
458 2632 488 2673 n.
507 2613 546 2674 43
560 2612 620 2690 514).
655 2609 776 2696 Agitur
799 2611 839 2675 de
864 2611 1019 2676 solvendo
1037 2634 1113 2677 aere
1138 2613 1245 2676 alieno
1269 2633 1287 2674 a
1310 2633 1346 2675 re

213 2715 346 2800 publica
363 2716 562 2799 singulorum
577 2722 708 2799 praeter
723 2715 905 2780 Minervam
921 2716 1053 2781 deorum
1076 2716 1205 2802 templis
1224 2715 1346 2781 debito.

212 2816 318 2890 Quam
343 2819 384 2883 ob
408 2839 475 2882 rern
499 2826 654 2904 prytanes
674 2826 707 2884 et
729 2827 895 2885 senatores
912 2819 1038 2884 indices
1055 2820 1216 2885 rationum
1234 2841 1346 2883 sacrae

213 2922 373 3009 pecuniae
396 2923 429 2985 in
452 2909 580 3009 templis
605 2931 754 2988 seruatae
777 2931 891 3010 petere
907 2923 1060 2988 iubentur
1078 2945 1097 2988 a
1113 2921 1348 3002 sacerdotibus,

213 3025 416 3106 sacrificulis,
446 3026 532 3090 aliis:
562 3018 755 3091 ἀποδόντων
785 3025 833 3112 [δὲ
858 3022 912 3114 τλά
940 3021 1091 3115 χρήματα
1119 3022 1151 3091 ολ
1174 3020 1348 3112 πρυτάνεις

211 3123 295 3212 μετὰ
317 3129 376 3217 τῆς
396 3128 517 3217 βουλῆς
531 3127 589 3194 καὶ
604 3125 849 3217 έξαλειφόντων,
873 3126 1035 3217 έπει[δὰν]
1053 3122 1233 3210 ἀποδῶσιν,
1250 3126 1348 3218 ζητή-

215 3255 330 3310 σαντες
344 3227 387 3296 τά
401 3256 437 3297 τε
451 3228 590 3298 πινάκια
606 3228 719 3299 καὶτὰ
735 3236 942 3319 γραμματεῖα
957 3232 1014 3299 καὶ
1032 3229 1094 3318 ἑάμ
1111 3233 1194 3321 π[ου
1211 3227 1346 3320 άλλλοθι

211 3326 232 3425 ᾗ
255 3334 470 3423 γεγραμμένα·
498 3331 751 3425 ἀποφαινόντων
778 3336 815 3402 δὲ
841 3333 883 3402 τὰ
905 3336 1108 3424 γεγραμμένα
1131 3339 1222 3404 οἵτε
1245 3334 1348 3426 ίερ[ης

212 3439 290 3527 *dci
308 3438 345 3507 οἱ
365 3437 571 3528 ἱεροποιοὶ
589 3440 645 3506 καὶ
658 3436 692 3506 εἴ
703 3466 754 3520 τις
769 3434 866 3520 άλλσς
882 3433 978 3507 οἶδεν.
1013 3443 1129 3528 Itaque
1147 3443 1347 3527 singulorum

213 3546 346 3610 deorum
371 3542 537 3633 ίεροποιοί
558 3547 793 3633 intelleguntur
815 3548 972 3633 pecuniae
997 3570 1109 3613 sacrae
1140 3548 1348 3612 administra-

213 3655 301 3713 tores
318 3649 374 3733 (εί.
390 3649 499 3734 infra),
522 3651 576 3735 qui
600 3671 683 3735 quae
708 3650 841 3715 deorum
863 3651 995 3737 templis
1019 3650 1180 3715 debentur
1202 3652 1350 3716 referunt

213 3754 246 3816 in
268 3755 398 3819 tabulas
422 3756 557 3840 expensi
579 3761 612 3819 et
632 3757 770 3841 accepti.
814 3755 883 3820 Iarn
905 3757 1055 3841 pecuniis
1078 3756 1196 3821 debitis
1213 3756 1349 3821 redditis

214 3859 269 3922 illo
293 3858 425 3924 decreto
450 3861 503 3944 qui
525 3880 631 3945 usque
655 3860 736 3925 adeo
758 3861 844 3925 bona
868 3883 961 3925 saera
991 3862 1295 3926 administraverant
1317 3864 1349 3926 in

215 3984 288 4026 arce
324 3984 362 4028 ea
397 3985 504 4027 eoram
537 3971 653 4027 senatu
691 3971 842 4029 accurate
885 3986 1056 4029 numerare
1093 3972 1126 4029 et
1162 3966 1349 4052 appendere

215 4066 368 4130 iubentur
398 4068 491 4131 novis
521 4068 750 4152 quaestoribus
775 4075 853 4132 tunc
881 4070 1020 4155 primurn
1043 4091 1062 4133 a
1085 4070 1206 4155 populo
1229 4072 1348 4136 creatis

216 4165 348 4259 (ταμίαι
370 4170 434 4235 τῶν
456 4163 561 4235 άλλων
583 4171 686 4256 θεων)
711 4173 766 4258 qui
790 4173 847 4237 illa
870 4174 1044 4259 recipiant,
1068 4178 1201 4259 recepta
1220 4175 1254 4238 in
1275 4176 1347 4261 opi-
