2954 4822
540 292 578 303 -
627 252 715 343 [ιιι]
763 293 802 303 -
1199 261 1239 324 τι

102 437 160 505 ἐπὶ
183 436 243 506 τὰν
264 437 430 526 ἕπίδαμον
453 437 554 532 φάτιν
576 435 638 529 εἶμ’
670 440 838 511 Οἰδιπόδα
860 440 1098 528 Λαβδακίδαις
1192 479 1235 517 ιιι

102 540 278 627 ἐπίκουρος
300 538 430 635 ἀδήλων
452 543 618 613 θανάτων.

101 1272 140 1336 ln
156 1273 218 1338 hac
234 1275 368 1360 stropha
382 1275 466 1342 duae
484 1276 732 1360 distinguendae
752 1297 827 1341 esse
844 1277 997 1342 videntur
1015 1286 1135 1364 partes,
1159 1300 1238 1365 qun-

101 1399 171 1441 rum
194 1380 283 1464 prior
296 1380 551 1445 choriambicum
569 1380 812 1466 hypermetrum
830 1381 940 1459 efficit,
964 1381 1006 1446 ab
1026 1383 1118 1446 initio
1134 1404 1239 1469 usque

100 1481 142 1547 sd
165 1476 299 1567 άπορῶ,·
324 1491 398 1569 post
427 1485 512 1570 quod
543 1485 741 1549 vocabulum
770 1486 802 1549 in
831 1486 965 1570 stropha
994 1487 1127 1571 (nonin
1153 1491 1237 1551 anti·

101 1587 248 1673 stropha)
278 1589 381 1652 oratio
412 1588 528 1654 fortius
556 1590 692 1663 insistit3
721 1590 884 1675 posterior
910 1610 985 1674 pars
1013 1591 1126 1655 ionicis
1151 1613 1237 1656 eom-

100 1693 207 1777 posita
230 1714 306 1758 esse
331 1692 460 1759 videtur
488 1693 631 1759 admisso
658 1694 791 1779 saepius
819 1693 880 1758 hoc
909 1694 1094 1760 schemate:
1129 1738 1239 1762 ew.

100 1793 234 1880 Insigne
268 1803 378 1860 autem
413 1804 464 1861 est
489 1828 524 1844 —
542 1824 576 1843 *-
605 1795 684 1861 illud
714 1817 743 1860 v.
772 1800 791 1859 5
822 1803 917 1861 extre
944 1818 1056 1862 versus
1092 1797 1238 1863 ordinem

99 1900 243 1984 positum
283 1901 435 1965 similiter
469 1909 568 1987 atque
598 1899 736 1985 Lysistr.
767 1902 1113 1988 321,3=335,3‚¹)
1143 1903 1237 1967 Aine.

105 2006 467 2087 1199‚3=1211‚3.²')
1150 1995 1152 1999 ’

186 2105 341 2173 Ceterum
365 2111 470 2195 possis
494 2130 552 2196 pro
578 2107 724 2172 versibus
750 2111 834 2172 4-6
859 2109 942 2173 hano
966 2130 1092 2196 queque
1116 2113 1238 2176 ionico·

100 2234 171 2276 rum
193 2221 226 2277 et
249 2213 541 2279 choriambieorum
566 2235 719 2278 versuum
744 2213 934 2278 societatem
959 2216 1171 2280 constituere:

188 2604 291 2690 Sane,
327 2608 389 2672 nisi
423 2604 527 2693 Τροία
560 2630 625 2674 vox
659 2609 692 2674 in
728 2616 795 2675 tres
830 2607 975 2694 syllabas
1010 2607 1172 2693 dirempta
1206 2612 1239 2671 et

101 2707 263 2798 Πηλεΐδης
293 2735 359 2776 vox
393 2713 424 2776 in
457 2718 611 2797 quattuor
644 2712 789 2798 syllabas
824 2711 985 2798 dirempta
1020 2712 1240 2797 suspicionem

100 2823 248 2890 movent,
285 2815 384 2880 Rhes.
417 2818 587 2881 360-369
607 2848 647 2870 ==
670 2818 841 2881 370-379
875 2815 936 2878 hon
969 2822 1063 2901 pecte
1097 2814 1240 2878 dimetiri

100 2920 222 2984 ausim:

205 3019 268 3116 ἆρά
291 3023 364 3096 ποτ’
391 3019 492 3110 αὖθις
514 3024 536 3095 ἁ
559 3023 689 3096 παλαιὰ
717 3026 820 3113 Τροΐα
842 3022 919 3107 τοὺς
941 3024 1117 3115 προπότας
1187 3058 1234 3098 ιιι

204 3129 443 3220 παναμιρείοει
465 3130 610 3212 θιάσους
632 3127 758 3219 ἐρώτων

206 3237 371 3323 ψαλμοῖσι
394 3237 449 3304 καί
473 3235 613 3303 κυλίκων
636 3230 888 3324 οἱνοπλιινήτοις

205 3338 387 3423 ἐπιδεξίοις
408 3335 572 3426 ἁμίλλαις,

203 3440 288 3512 κατὰ
311 3441 433 3512 πόντον
451 3438 620 3532 Ἀτρειδᾶν

206 3546 362 3636 Σπάρταν
385 3545 562 3633 οἰχομένων
580 3541 719 3626 Ἰλιάδος
740 3538 818 3633 παρ’
845 3540 963 3625 danaim

205 3644 233 3720 ni
255 3651 361 3743 φίλος,
385 3648 460 3721 εἴθε
481 3677 540 3736 μοι
834 3663 835 3667 ’

206 3760 250 3847 σᾷ
271 3758 339 3845 χερί
363 3757 418 3824 καί
442 3758 491 3845 σῷ
514 3753 739 3845 δορίρπράξας
760 3750 835 3822 τάδ’
861 3755 894 3835 ἐς
918 3746 1007 3821 οἷκον
1029 3748 1158 3831 ἔλθοις·
