2956 4822
189 273 251 350 114
714 267 804 360 [210]

187 467 289 552 prima
311 468 417 553 specie
441 489 523 554 unus
548 467 681 552 quisque
704 466 802 531 uidet.
850 464 982 530 Accedit
1014 464 1101 551 quod
1128 465 1160 529 in
1194 487 1231 531 ca
1259 465 1330 550 ipsa

188 579 273 636 terra
306 593 399 657 quarn
435 571 649 636 Perconsibus
683 571 899 654 Rangabaeus
934 569 1125 652 uindicauit,
1164 569 1329 633 Meliteam

187 676 298 740 urbem
316 679 409 740 sitam
425 677 524 741 luisse
540 678 603 739 iam
621 682 745 740 constat
763 675 852 755 (vida
868 695 965 759 snpra
980 695 1010 758 p.
1030 675 1090 737 108
1108 672 1182 759 sq.].
1213 673 1329 758 Neque

187 779 276 842 iuuat
299 780 446 845 laborare
468 779 507 844 dc
524 781 569 844 eis
585 780 680 844 rebus
697 801 776 864 quas
793 781 872 843 scire
890 779 978 843 nullo
997 779 1091 842 niodo
1109 779 1193 842 licet.
1227 777 1330 842 Immo

187 904 252 947 non
268 883 427 948 feliciores
446 882 532 967 quod
549 883 587 945 ad
607 882 664 945 hos
681 883 759 946 linos
775 882 907 961 adtinet,
923 904 981 946 nos
1001 902 1071 946 essc
1087 879 1328 944 concedendum

188 994 245 1069 est,
269 1007 363 1069 quarn
386 986 416 1048 in
442 992 488 1049 tot
511 987 579 1049 aliis
603 987 712 1059 titulis,
747 986 881 1050 Creticis
913 985 1074 1070 irnprimiS,
1105 983 1219 1068 quibus
1249 985 1330 1048 fines

188 1091 364 1155 ciuitatium
381 1090 516 1154 duarum
532 1092 770 1156 accuratissime
787 1092 1032 1167 constituuntur,
1051 1111 1132 1175 quos
1145 1094 1252 1152 tamen
1270 1110 1329 1153 nos

187 1197 418 1279 recognoscere
441 1195 529 1258 nullo
554 1194 649 1258 inodo
674 1217 853 1279 possumus.
900 1194 963 1258 Sed
989 1202 1145 1279 quantum
1168 1193 1206 1256 ad
1224 1214 1330 1277 gram·

189 1298 338 1362 rusticam
354 1299 482 1382 quidem
497 1300 644 1383 pertinet,
670 1300 769 1361 narba
785 1299 898 1362 saltem
915 1304 1002 1362 recte
1018 1297 1217 1382 interpretari
1234 1298 1329 1361 nobis

188 1402 305 1467 licebit.
352 1402 424 1476 Qua
446 1404 477 1466 in
502 1424 536 1466 rc
561 1425 633 1466 curn
657 1411 763 1466 cetera
787 1404 879 1486 plana
911 1404 983 1480 sint,
1013 1404 1043 1465 in
1076 1402 1220 1466 uersibus
1255 1405 1284 1467 6.
1311 1407 1328 1466 'i

189 1504 385 1589 explicandis
409 1507 488 1569 mire
511 1507 620 1589 lapsus
638 1528 706 1569 esse
724 1506 854 1570 uidetur
870 1505 1049 1589 Ussingius.
1092 1505 1228 1588 Virgula
1243 1508 1331 1569 enirn

189 1610 296 1693 posita
319 1611 349 1672 in
374 1629 403 1672 v.
429 1613 445 1671 7
471 1618 542 1693 post
565 1609 640 1672 zani
665 1615 726 1672 τῶν
748 1607 858 1689 ἄκρων,
884 1611 928 1673 sic
952 1610 1052 1673 uerba
1076 1611 1258 1673 coniunxit:
1289 1610 1332 1687 ὡς

187 1709 272 1792 ὕδωρ
295 1711 344 1794 ῥεῖ
363 1714 396 1774 ἐν
419 1710 471 1774 τὸν
496 1711 644 1792 Eiicienda
667 1715 699 1775 ἐκ
723 1714 779 1775 τοῦ
801 1712 965 1793 Εὐρωποῦ,
998 1714 1030 1776 ἐν
1054 1710 1106 1775 τὸν
1129 1712 1230 1794 lilius}
1251 1719 1331 1778 urb:

189 1837 271 1900 quaa
296 1817 339 1879 ita
363 1816 589 1900 interpretatus
607 1823 665 1898 cst,
689 1816 867 1880 secundum
889 1817 1000 1900 iugum
1017 1818 1134 1880 montis
1159 1815 1251 1898 (nard
1268 1824 1331 1879 τῶν

189 1915 305 1999 ἄκρων)
337 1919 415 1983 lines
453 1918 542 1998 duci,
578 1919 664 1983 unde
699 1942 739 1982 ex
774 1921 874 1982 altera
911 1929 1000 2003 parte
1036 1941 1120 2003 aqua
1159 1921 1260 1984 omnis
1299 1922 1330 1984 in

189 2019 358 2103 Europum
374 2021 504 2101 defluat,
529 2045 568 2085 ex
594 2022 695 2086 altera
719 2023 748 2085 in
766 2022 864 2085 alium
880 2022 1040 2106 quendam
1058 2024 1201 2101 fluuium,
1226 2046 1331 2110 nequo

189 2124 229 2188 ad
251 2123 417 2209 Europum
441 2126 499 2189 lroc
523 2128 593 2188 looo
619 2126 790 2199 confinium
807 2128 934 2189 omniuo
953 2127 1132 2191 accessisse.
1171 2128 1234 2191 Sed
1251 2130 1332 2193 haec

189 2229 296 2321 uerbis
315 2228 376 2292 illis
398 2229 570 2312 significari
593 2250 656 2292 non
680 2235 823 2313 possunt,
846 2250 950 2315 neque
968 2231 1097 2294 ornnino
1115 2252 1267 2315 graecum
1283 2240 1332 2297 cst

190 2329 232 2408 ὡς
255 2330 337 2410 ὕδωρ
360 2330 409 2413 ῥεῖ
429 2334 460 2395 ἐν
491 2330 544 2394 τόν
568 2329 716 2412 Eteonon
746 2334 778 2395 ἐκ
808 2339 864 2395 rori
894 2331 1056 2414 Εὐρώπου.
1102 2333 1203 2399 Recte
1233 2337 1332 2420 igitur

193 2443 267 2520 post
289 2437 322 2498 ἐν
344 2434 396 2499 τὸν
419 2435 567 2516 Edpronov
589 2438 786 2520 interpunxit
806 2437 1030 2520 Rangabaeus,
1056 2439 1108 2523 qui
1133 2461 1207 2502 curu
1221 2447 1329 2506 tumen

192 2539 223 2602 in
257 2559 374 2624 mappa
412 2562 508 2624 quam
545 2541 771 2604 commentario
802 2541 964 2623 adiunxit,
1000 2542 1112 2605 eodem
1142 2543 1237 2607 modo
1266 2568 1330 2630 qno

193 2643 363 2727 Ussingius
386 2645 498 2716 uoluit,
523 2645 675 2707 terminos
700 2646 912 2727 constituerit,
937 2647 1003 2710 scil.
1028 2647 1204 2710 secundum
1221 2648 1331 2731 ingurn

193 2746 332 2830 aliquod,
357 2748 455 2811 uerba
478 2747 519 2824 aig
543 2746 624 2830 ὕδωρ
648 2748 697 2828 ῥεῖ
718 2748 793 2835 quid
817 2750 875 2814 sibi
900 2750 1030 2830 uellent,
1062 2771 1126 2814 non
1157 2754 1331 2835 perspexit.

295 2843 349 2928 Ὠς
372 2853 456 2915 enim
480 2854 598 2917 dictum
622 2876 691 2918 esse
713 2876 771 2939 pro
797 2851 873 2930 bbi',
897 2856 966 2939 ipsc
989 2855 1160 2939 Ussingius
1190 2856 1228 2917 ad
1256 2880 1286 2923 v.
1311 2865 1330 2920 4

193 2960 279 3017 recte
304 2953 478 3018 aduolauit.
526 2956 639 3041 ltaque
672 2956 730 3019 sind
764 2963 825 3020 coir
850 2955 1005 3036 Eriperr'mr
1034 2955 1111 3020 nutri
1143 2965 1204 3020 τῶν
1229 2957 1332 3040 ἄκρων

194 3053 236 3132 τός
259 3055 340 3138 iid'orp
371 3058 420 3138 (iri
442 3061 476 3122 ἐν
502 3057 554 3123 τὸν
578 3058 726 3142 Eri'pomor
757 3069 804 3124 est
838 3062 896 3142 ,ab
921 3061 1072 3146 Euryniis
1104 3062 1251 3125 deorsum
1283 3085 1332 3127 sc·

194 3159 333 3224 cundum
357 3163 460 3226 riuum
485 3167 537 3248 qui
554 3165 710 3228 delinitio
730 3164 929 3249 Europum“,
953 3186 992 3228 ox
1009 3164 1140 3249 Europe
1158 3166 1273 3229 deinde
1289 3169 1329 3230 nd

194 3262 307 3347 Elipca
342 3265 420 3329 fines
454 3266 629 3348 ducuntur,
661 3290 764 3351 neque
794 3290 857 3352 quo
891 3268 987 3332 modo
1021 3270 1095 3332 lruic
1129 3271 1332 3354 explicationi

195 3366 301 3433 obstet
324 3370 515 3454 praepositio
539 3373 581 3452 ἐκ,
605 3371 690 3455 quod
714 3372 866 3456 Ussingio
891 3373 996 3437 uisum
1020 3380 1078 3454 est,
1103 3373 1266 3457 intellego.

298 3575 316 3657 ξ
346 3579 374 3641 3.
421 3575 552 3641 Finibus
586 3579 750 3664 utriusque
781 3579 917 3643 ciuitatis
951 3580 1149 3661 constitutis,
1182 3581 1223 3644 de
1253 3603 1332 3665 agro

196 3680 322 3765 publico
347 3681 400 3744 illo
425 3703 519 3766 quern
544 3684 713 3768 praecipue
738 3705 866 3747 oausam
890 3685 953 3748 litis
969 3685 1065 3748 fuisse
1086 3706 1182 3770 snpra
1199 3687 1331 3765 conieci,

196 3785 354 3861 statuitur,
379 3806 441 3869 quo
464 3786 558 3848 mono
583 3786 655 3849 inde
679 3788 719 3850 ab
743 3788 798 3851 illo
817 3797 960 3874 tempore
977 3808 1015 3851 co
1040 3795 1172 3852 utantur
1189 3788 1333 3855 liclitae·

196 3907 298 3949 enses.
344 3886 408 3949 Hic
431 3907 508 3970 agor
531 3889 569 3950 ad
594 3911 729 3973 quorum
747 3891 825 3954 lines
849 3891 1018 3974 pertineat,
1043 3893 1202 3974 expressis
1225 3893 1333 3957 uerbis

196 4009 258 4051 non
283 3988 408 4070 dicitur,
432 3993 580 4075 qnoniam
608 3992 665 4055 boc
688 3995 782 4077 plano
805 3994 951 4057 nimirum
976 3994 1191 4078 apparebate
1220 3995 1333 4061 linium

196 4091 334 4175 ipsorum
359 4094 593 4159 constitutione.
640 4094 706 4157 Nos
729 4096 827 4177 igitur
850 4096 965 4180 quibus
982 4097 1053 4159 illos
1076 4097 1155 4160 lines
1179 4119 1333 4182 rocogno-

197 4215 287 4258 scere
310 4216 373 4259 non
398 4195 481 4278 licet,
510 4199 571 4260 utri
596 4199 716 4261 ciuitati
746 4198 893 4262 addictus
923 4201 973 4282 sit,
1004 4201 1106 4287 prima
1135 4202 1242 4285 specie
1269 4225 1334 4268 uon

196 4299 419 4384 intellegimus.
467 4300 546 4364 Ourn
579 4310 688 4366 autern
718 4303 757 4367 de
788 4303 848 4368 hac
878 4305 1048 4390 praecipue
1079 4326 1112 4369 rc
1143 4310 1211 4369 tota
1240 4327 1335 4374 causa
