2954 4822
228 284 268 346 aa
667 319 708 327 -
756 279 843 367 [ιιι]
891 319 931 330 -

226 473 341 557 ltaque
371 472 427 536 vix
459 479 615 558 expectes
647 472 869 537 choriambum
893 493 913 536 a
934 471 1041 557 poetis
1067 471 1249 535 severiores
1275 470 1368 554 leges

227 574 439 659 sequentibus
475 575 507 638 in
536 575 575 638 iis
613 572 753 660 strophis
787 574 879 659 poni,
920 574 954 638 in
990 572 1108 658 quihus
1139 577 1233 637 toncs
1262 572 1365 636 artifi-

227 678 313 743 cium
337 677 515 742 admissum
540 684 599 743 est.
638 676 737 741 Haud
761 698 867 763 pauca
887 683 998 741 tomen
1021 677 1175 762 exempla
1195 675 1366 740 inveniun-

226 789 295 856 tur;
329 782 375 845 ita
408 787 518 846 autem
549 780 741 868 plerumque
778 779 985 847 choriambus
1012 800 1085 844 curn
1115 777 1256 844 diiambo
1291 785 1367 842 tone

227 893 403 972 syncopato
428 885 645 971 coniungitur,
668 893 705 950 ut
729 886 834 951 altera
855 885 987 951 licentia
1002 885 1111 971 priori,
1136 887 1240 950 altera
1255 890 1366 970 poste-

227 991 302 1054 riori
326 990 398 1055 colo
423 989 629 1054 attribuatur.
674 990 839 1076 inspicias
863 990 1033 1076 exempla:

598 1155 817 1221 Anncnsonrrs
840 1155 878 1220 fr.
903 1157 980 1239 30¹)

386 1263 450 1336 Τὸν
471 1262 655 1354 μοροτιοιόν
677 1260 799 1355 ἠρόμην
822 1263 979 1356 Στρύττιν
1001 1264 1032 1334 εἰ
1054 1263 1201 1358 κομήσει.

228 1500 470 1586 Hephaestion,
498 1502 550 1565 oui
570 1500 801 1587 Westphaliua
828 1507 862 1565 et
885 1500 1047 1568 Ohristius
1072 1501 1134 1567 hoo
1158 1502 1231 1567 loco
1253 1522 1366 1566 assen-

229 1606 363 1684 tiuntur,
386 1627 516 1670 versum
538 1607 571 1670 in
595 1611 858 1692 asynartstorum
882 1606 951 1672 sive
975 1606 1007 1671 in
1028 1627 1227 1673 conexarunr
1244 1611 1366 1672 metro·

230 1732 300 1774 rum
322 1730 456 1774 numero
480 1710 526 1774 ita
555 1709 678 1796 posuit,
707 1715 744 1774 ιιι
766 1708 849 1775 ἰιοεο
872 1709 976 1774 sorba
1006 1710 1038 1774 in
1066 1709 1284 1796 explicatione
1308 1709 1367 1774 ad-

229 1814 335 1879 deret:
346 1813 374 1897 ²l
396 1808 580 1899 Ἀνανρύων
595 1810 631 1879 δὲ
646 1809 705 1879 οὐκ
721 1808 867 1900 ἰαμβιιαβ
882 1807 965 1879 ἀλλὰ
980 1813 1186 1900 χοριαμβινρῖ
1201 1807 1368 1900 carptum,

230 1911 314 2002 πρὸς
335 1912 395 1995 τὰς
418 1910 578 2001 ἰαμβικὸς
593 1910 738 2006 ἐπήγαγε
758 1910 797 1982 τὸ
815 1911 1044 2003 ἰθοφαλλικόν.
1080 1916 1193 1982 Verbo
1209 1910 1368 2001 Στρύττιν

229 2016 259 2086 εἰ
285 2016 423 2110 κομήσει
458 2022 556 2107 igitur
585 2021 836 2107 ithyphallioum
869 2021 937 2085 sive
966 2020 1138 2106 tripodiam
1168 2020 1368 2086 trochaicam

229 2126 388 2206 nominat,
417 2131 454 2189 ut
476 2131 562 2190 totus
585 2147 700 2190 versus
724 2125 923 2211 compositus
953 2127 995 2191 sit
1018 2146 1036 2192 a
1060 2125 1198 2191 dimetro
1227 2125 1368 2191 iambico

229 2229 454 2295 choriambum
488 2230 592 2314 primo
626 2229 696 2294 loco
728 2229 914 2294 continente
950 2234 984 2293 et
1019 2228 1158 2314 tripodia
1192 2229 1368 2294 trochaica.

229 2332 323 2406 Quod
347 2356 386 2399 eo
409 2333 615 2419 potissimum
638 2333 807 2412 refellitur,
830 2332 915 2418 quod
939 2354 1012 2398 roro
1035 2333 1067 2397 in
1090 2332 1207 2398 eadem
1223 2334 1367 2419 stropha,

229 2459 394 2523 nunquam
425 2443 536 2502 autem
571 2438 604 2502 in
639 2436 755 2503 eodem
787 2458 885 2502 versu
921 2436 1158 2504 descendentes
1190 2443 1224 2503 at
1251 2458 1368 2502 ascen-

229 2542 345 2607 dentes
377 2543 520 2628 rhythmi
543 2544 780 2609 consociantur.
825 2543 942 2629 Itaque
964 2564 1085 2610 nonam
1106 2543 1264 2629 syllabam
1289 2564 1368 2629 sup-

229 2638 378 2734 pressam
412 2667 485 2711 csse
523 2647 746 2732 decimamque
782 2647 972 2733 productam
1011 2646 1053 2710 ad
1090 2648 1188 2712 trium
1220 2647 1368 2711 brevium

229 2754 428 2836 potestatem
452 2749 650 2815 credendum
674 2758 732 2814 est.
782 2750 937 2817 Ceterum
961 2751 1183 2833 choriambus,
1211 2757 1246 2815 ut
1269 2772 1369 2840 supra

230 2854 350 2933 monui,
374 2872 439 2917 non
463 2853 497 2917 in
520 2853 635 2920 eodem
659 2855 730 2921 eolo
755 2876 818 2942 quo
842 2860 918 2921 tone
942 2855 1073 2942 legitur.

318 3089 418 3154 Plura
441 3089 595 3176 exempla
618 3088 829 3177 suppeditant
851 3088 1006 3152 Asscnrn
1029 3088 1175 3153 fabulae:

310 3227 475 3293 lnoertum
498 3236 549 3292 est
570 3249 647 3293 num
670 3228 733 3292 huc
757 3226 923 3313 pertineat
944 3227 1054 3293 Prom.
1077 3229 1278 3311 tot-573³)

385 3353 467 3442 χρίει
491 3381 542 3435 τις
564 3345 606 3421 αὖ
627 3379 669 3439 με
689 3350 750 3420 τὰν
770 3350 928 3420 τάλαιναν
951 3346 1090 3442 οἶστρος,

386 3455 520 3526 εἴδωλον
534 3453 655 3546 ’Ἀργου
679 3465 838 3546 γηγενοῦς,
862 3452 939 3525 ύίλεο
962 3460 1015 3541 δᾶ,

385 3560 443 3631 τὸν
463 3559 637 3650 μυριωπὸν
662 3560 825 3649 εἰσορῶσα
847 3560 978 3649 βούταν.

389 3662 407 3735 ὁ
430 3666 467 3733 δὲ
488 3664 662 3754 πορεύεται
687 3663 798 3734 δόλιον
821 3661 901 3752 ὄμμ’
924 3664 1013 3750 ἔχων,

387 3761 424 3839 ὃν
447 3769 523 3860 odda*
544 3767 754 3838 κατθανόντα
777 3775 856 3858 γαῖα
878 3767 1001 3852 κεύθει,

389 3870 471 3940 ἀλλά
493 3898 535 3958 με
556 3870 617 3940 τὰν
637 3871 795 3941 τάλαιναν

306 4084 325 4148 ¹)
345 4082 502 4152 Westphal,
521 4082 569 4135 ll¹
587 4100 613 4152 p.
633 4082 691 4136 771.
727 4081 829 4146 Christ,
847 4081 973 4136 Metrilr²
991 4100 1018 4151 p.
1036 4081 1096 4135 510.

304 4169 326 4235 ¹)
345 4167 495 4238 Hephaest.
514 4187 542 4239 p.
561 4168 603 4221 bb.

306 4257 325 4321 ⁸)
343 4255 475 4320 Com-adt,
492 4255 611 4324 lyrische
630 4256 714 4311 Versa
732 4275 759 4327 p.
778 4256 820 4311 48.
857 4255 957 4319 Christ,
976 4254 1101 4310 Metrilr¹
1121 4273 1147 4324 p.
1165 4255 1224 4309 478.
