3030 4816
736 260 827 345 [sos]

344 452 461 519 Cubitis
485 454 617 538 depulso
640 456 677 519 do
699 456 767 537 nia,
789 457 997 541 tranquillam
1019 459 1172 522 anduno
1195 459 1294 525 rciarn.

344 558 381 622 Si
402 579 459 622 ron
481 558 613 624 obstabit
636 558 770 642 obuiarn,
798 581 900 644 repen
922 561 1028 644 ipsum
1045 563 1140 644 prins
1160 567 1352 647 peruortito.

213 688 287 753 ibid.
310 709 339 752 v.
363 691 444 754 337:
752 692 801 754 ita
823 692 914 754 ceteri
935 691 1095 756 curricrdo
1110 691 1171 775 sui

343 793 482 877 Propere
505 816 525 858 a
544 801 652 878 portu,
677 795 724 858 tui
744 794 873 859 honoris
895 815 1001 858 causa.

212 924 370 1010 Amphitr.
393 944 421 988 v,
446 926 527 989 986:
549 923 634 990 Nam
664 925 739 988 inibi
768 925 891 1010 quidem
918 924 1017 991 bercto
1044 927 1099 1010 qui
1126 928 1232 992 minus
1257 929 1354 994 liceat

1048 1031 1102 1095 deo
1124 1032 1307 1096 minitarier

339 1135 477 1219 Populo,
499 1135 534 1198 ni
556 1133 683 1197 decedat
704 1133 791 1216 mibi,
813 1154 907 1219 quarn
929 1135 1051 1198 seruato
1072 1135 1107 1196 in
1129 1135 1319 1201 comoediis?

342 1238 402 1302 Itbe
422 1258 534 1302 nauem
558 1238 684 1302 satuarn
706 1239 833 1302 nuntiat
857 1244 913 1301 aut
934 1239 1015 1301 irati
1037 1238 1208 1303 aduentum
1230 1242 1324 1305 senis.

213 1371 344 1437 Mereet.
367 1372 447 1457 prol.
472 1394 502 1436 v.
530 1373 606 1435 109:
639 1371 700 1435 Sed
729 1371 806 1457 qnid
835 1378 1010 1436 currentem
1040 1392 1164 1437 seruam
1197 1394 1218 1436 a
1248 1380 1351 1458 portu

1132 1478 1305 1563 conspicor,

341 1580 437 1660 Quem
450 1581 538 1657 ¹noui
561 1578 647 1643 abire
669 1577 779 1643 notai?

213 1709 320 1794 Atque
342 1708 410 1796 ipse
432 1709 600 1775 Terentius
624 1731 664 1773 cx
688 1709 842 1775 constanti
865 1715 1032 1795 poetarum
1054 1732 1144 1776 more
1166 1712 1225 1777 hoc
1247 1711 1350 1777 inisse

212 1814 355 1880 concedit
368 1815 474 1880 verbis
489 1816 521 1879 in
538 1813 643 1878 Hecu.
659 1815 740 1900 prol.
758 1835 785 1878 r.
802 1817 860 1879 37:
883 1813 933 1879 Ne
947 1835 1067 1899 seraper
1081 1825 1189 1879 seruos
1204 1836 1350 1899 currens,

211 1921 316 1983 iratus
332 1929 424 1987 senen
436 1971 443 1985 .
456 1971 462 1985 .
475 1970 502 1985 ..
520 1919 654 1983 adsidue
668 1919 784 2004 opendi
798 1921 860 1983 sint
874 1919 951 1983 mibi
966 1925 998 1982 et
1009 1917 1091 1983 Eun.
1102 1919 1180 2002 prol.
1191 1941 1221 1984 v.
1234 1921 1274 1983 35
1284 1941 1348 2006 sq.:

340 2067 430 2147 Quod
452 2067 481 2130 si
501 2068 645 2150 personis
667 2068 763 2132 isdem
786 2068 858 2132 baic
881 2069 929 2131 uti
950 2087 1013 2130 non
1035 2068 1123 2131 licet:

342 2172 404 2251 Qui
425 2173 529 2257 napis
552 2173 622 2235 ticet
646 2179 821 2236 currentem
842 2192 966 2236 seruam
988 2172 1136 2252 scribere,

339 2275 449 2339 Bonas
472 2282 636 2340 matronas
654 2276 766 2359 facere
788 2297 815 2340 e.
839 2298 869 2361 q.
893 2299 917 2340 s.
1040 2336 1047 2347 ,

213 2424 332 2490 Omnes
356 2424 452 2508 igitur
474 2424 686 2489 incusationes
702 2424 817 2489 Luscio
837 2424 943 2489 iactae
958 2423 1132 2490 mediocres
1148 2425 1347 2510 pusillaeque

210 2528 358 2593 videntur
380 2550 451 2594 esse
474 2534 570 2613 utque
595 2550 632 2594 eo
656 2529 724 2593 solo
750 2529 881 2593 consilio
904 2530 937 2592 in
959 2527 1174 2592 adversarium
1193 2528 1348 2611 intentae,

209 2640 243 2697 ut
274 2633 328 2697 ille
359 2631 494 2697 ludibrio
527 2632 612 2718 apud
643 2640 839 2717 spectatores
872 2633 1053 2698 haberetur.
1104 2631 1228 2697 Eadem
1261 2633 1347 2697 enim

210 2737 340 2801 erimina
362 2736 402 2801 ed
419 2738 557 2822 reliquos
574 2758 701 2821 quoque
719 2737 856 2801 comicos
871 2736 1030 2821 pertinere
1045 2734 1346 2802 demonstravimus.

312 2840 380 2906 Nec
403 2843 476 2925 plus
504 2841 679 2906 tribuemus
709 2842 803 2907 minis
832 2842 893 2906 illis
916 2840 1057 2905 Terentii
1085 2860 1120 2904 se
1148 2840 1240 2924 plura
1268 2840 1348 2904 vitis

208 2945 317 3009 Luseii
339 2945 539 3029 prolaturum
562 2966 631 3011 esse
649 2944 790 3023 dicentis,
814 2944 873 3007 nisi
889 2944 915 3008 is
932 2944 1137 3026 obmutescet,
1162 2941 1242 3006 Eun.
1261 2943 1345 3025 prol.

208 3072 239 3113 v.
263 3050 304 3112 14
327 3071 391 3134 sq.:

338 3187 460 3251 Debinc
482 3210 520 3252 ne
538 3187 719 3270 frustretur
740 3189 859 3271 ipsese
882 3194 938 3250 aut
961 3189 1006 3251 sic
1029 3190 1140 3271 copitet

337 3290 526 3376 ‘Defunctus
548 3293 614 3355 iarn
636 3312 715 3372 sune,
739 3291 820 3355 nibil
842 3298 886 3356 est
908 3292 990 3376 qnod
1013 3292 1100 3356 dicat
1122 3287 1225 3355 rnibi':

338 3394 374 3460 Is
395 3417 434 3459 ne
455 3402 536 3460 erret
559 3415 665 3458 moneo
688 3402 715 3459 et
738 3396 861 3459 desinat
883 3396 1043 3460 lacessere.

337 3499 448 3563 Habeo
469 3500 538 3563 otia
561 3501 671 3582 merita,
695 3520 774 3585 qnae
795 3520 879 3563 nnnc
903 3499 1139 3581 condonabitur,

336 3602 421 3681 Quae
441 3602 648 3686 proferentur
666 3610 749 3686 post,
771 3606 801 3668 si
819 3611 929 3687 perpet
952 3603 1084 3685 tacdae,

336 3706 390 3771 Ito
413 3715 448 3772 ut
462 3707 577 3791 facere
599 3710 747 3774 instituit.

207 3845 313 3911 Hecu.
335 3845 416 3930 prol.
440 3866 469 3910 v.
494 3849 535 3910 33
557 3868 622 3931 sq.:

336 3975 384 4039 De
407 3977 493 4042 illisos
513 3979 651 4061 peccatis
668 3979 771 4061 pluro
794 3978 884 4057 dicet,
909 3998 1000 4063 quom
1024 3976 1111 4042 dabit

334 4080 427 4175 Alias
449 4102 560 4161 nouas,
583 4083 647 4146 nisi
658 4082 759 4166 fineen
780 4083 955 4147 nialedictis
969 4081 1068 4166 facit.

204 4214 261 4271 eut
285 4208 368 4293 quod
391 4210 568 4275 lacessendi
592 4233 689 4276 causa
711 4211 788 4276 dicit
810 4212 917 4277 Lusoii
939 4213 1080 4277 fabulam
1105 4214 1223 4277 actoris
1246 4232 1345 4296 opera

205 4313 307 4399 sorapis
342 4314 459 4378 stetisse
493 4336 587 4401 arcanc
623 4337 693 4384 scca.
744 4316 850 4385 Rixne
885 4316 1027 4383 Terentii
1061 4324 1092 4381 et
1127 4314 1231 4383 Luscii
1265 4337 1346 4384 sene
