2954 4816
751 298 820 383 [5⁸]

314 491 405 563 Quae
439 492 489 553 via
521 489 731 574 ingredienda
754 497 855 571 esset,
892 489 1050 554 Huschke
1079 491 1110 554 in
1141 489 1350 574 praelationis

210 592 326 674 pagina
341 592 427 655 VIII
443 593 635 670 monstravit,
652 614 722 656 cum
741 592 860 656 diceret
876 602 990 678 sponte
1005 593 1150 677 intellegi
1172 594 1349 657 niaximc

210 716 244 758 se
273 696 304 758 iu
333 696 438 759 animo
469 696 584 761 habere
691 718 770 781 quoe
792 718 855 761 noo
878 704 1000 760 tactam
1029 718 1067 761 cc
1088 696 1169 761 Gaio
1198 698 1244 761 ool
1273 697 1349 759 aliis

210 800 347 884 antiquis
380 801 600 865 ircrcconscltr's
634 801 793 864 translata
827 808 900 864 suat
911 800 931 880 ¹,
970 801 1040 881 scd,
1071 802 1146 886 quio
1178 802 1229 863 ius
1262 806 1350 863 octus

209 903 382 969 exoleverat
415 905 461 968 cel
494 925 572 968 nooo
606 911 756 984 cesserat,
789 904 827 968 ab
862 907 938 988 ipsis
969 902 1221 988 compositoribus
1255 909 1349 968 mont

208 1007 401 1091 refinqondo.
445 1006 531 1070 Illud
562 1009 697 1071 maximo
726 1007 899 1071 rectissime
923 1006 1082 1071 adiectum
1109 1007 1185 1070 mihi
1209 1005 1348 1070 videtur.

210 1106 292 1171 Nam
315 1111 343 1174 ei
366 1111 437 1189 loci,
461 1132 541 1195 quos
566 1112 793 1196 compositores
817 1133 857 1175 ex
890 1110 1021 1176 aliorum
1053 1109 1345 1174 iureconsultorum

207 1212 294 1275 libris
318 1214 501 1292 hauserunt,
524 1215 652 1279 mimme
676 1215 863 1299 neglegendi
887 1225 970 1291 sunt,
993 1214 1148 1299 siquidem
1169 1235 1277 1298 saepe,
1300 1214 1349 1278 id·

210 1337 273 1400 que
298 1319 393 1381 etiam
417 1327 483 1381 tum
509 1340 579 1382 cum
595 1320 668 1382 talis
685 1320 867 1399 necessitas,
885 1320 1011 1403 qualem
1029 1318 1186 1383 Huschke
1210 1337 1348 1381 comme-

210 1428 329 1497 morat,
358 1442 421 1484 non
454 1428 621 1505 urgueret,
653 1422 672 1485 i.
697 1442 723 1485 a.
752 1442 822 1485 cum
847 1423 935 1485 solus
960 1442 1035 1486 usus
1066 1420 1190 1485 dicendi
1213 1421 1263 1483 vel
1286 1420 1349 1483 Gai

209 1522 260 1588 vel
284 1524 364 1587 alius
387 1525 556 1588 cuiuslibet
579 1526 765 1609 antiquioris
788 1526 950 1609 scriptoris
971 1546 1033 1588 uon
1060 1532 1250 1608 congrueret
1274 1545 1348 1587 cum

211 1649 269 1710 ao,
305 1629 358 1712 qui
389 1628 559 1692 Iustiniani
592 1636 700 1692 aetate
733 1628 1012 1715 Constantinopoli
1045 1629 1187 1713 vigebat,
1220 1627 1349 1711 singula

209 1731 368 1794 vocabula
392 1733 443 1796 vel
466 1740 589 1796 mutata
614 1734 664 1797 vel
688 1735 805 1797 omissa
837 1733 885 1796 vel
917 1735 1009 1798 aliter
1032 1735 1137 1819 posita
1159 1739 1242 1797 suut.
1288 1734 1349 1797 At·

209 1857 271 1920 que
295 1838 499 1903 confirmatur
522 1859 596 1902 usus
621 1838 784 1921 loquendi,
807 1837 910 1921 qualis
933 1839 1094 1902 invenitur
1122 1838 1153 1899 in
1181 1837 1259 1900 locis
1283 1856 1349 1900 non

209 1961 250 2004 ex
284 1941 513 2025 antiquioribus
546 1942 687 2005 fontibus
722 1939 860 2024 haustis,
897 1962 993 2026 saepe
1030 1943 1068 2005 iis
1106 1941 1348 2023 mutationibus,

210 2066 289 2129 quas
311 2047 373 2108 loci
398 2046 523 2109 axillis
547 2046 653 2110 hausti
676 2047 819 2129 perpessi
842 2055 925 2110 suut.

313 2151 364 2214 Ab
396 2148 444 2212 his
465 2149 697 2214 mutationibus
729 2150 754 2213 si
785 2151 969 2230 recesseris,
1001 2151 1083 2213 inter
1106 2171 1160 2226 ea,
1191 2169 1274 2234 quae
1304 2150 1348 2214 ab

210 2255 278 2318 aliis
301 2254 418 2337 scripta
441 2255 473 2315 in
497 2253 755 2317 Institutionibus
778 2254 884 2337 posita
906 2260 991 2332 sunt,
1017 2263 1048 2317 et
1079 2274 1127 2336 ea,
1151 2273 1232 2338 quae
1260 2273 1348 2318 com·

210 2358 368 2442 positores
392 2358 561 2421 Iustiniani
585 2359 859 2441 conscripserunt,
882 2357 993 2422 scdulo
1019 2357 1260 2422 discernendum
1285 2368 1346 2422 est.

212 2463 306 2536 Quod
330 2464 355 2526 si
386 2462 580 2545 neglexeris,
611 2461 703 2525 facilc
736 2464 872 2525 orati0ni
905 2464 1153 2546 compositorum
1184 2460 1348 2541 obtrudas‚

211 2587 291 2650 quae
324 2566 364 2629 ab
403 2566 439 2629 iis
469 2586 600 2649 prorsus
630 2567 735 2629 aliena
767 2567 839 2630 sint.
893 2566 1003 2630 Veluti
1037 2567 1062 2629 si
1094 2566 1166 2647 quis
1195 2567 1348 2648 ignoraus

210 2670 281 2734 libri
304 2670 321 2734 I
345 2670 428 2734 tituli
451 2669 485 2733 II
516 2669 704 2753 principium
736 2693 778 2735 ex
800 2670 931 2754 Ulpiani
955 2671 1034 2733 libro
1063 2670 1078 2734 Ι
1103 2669 1348 2733 Institutionum

211 2772 301 2856 (Dig.
324 2772 341 2836 I
367 2776 393 2852 1,
421 2778 446 2848 l,
471 2771 506 2854 3)
540 2774 675 2857 petitum
711 2796 793 2855 esse,
827 2772 901 2837 inde
937 2772 1065 2855 colligat
1100 2774 1348 2858 compositorem

210 2878 407 2962 anaphoram
439 2877 558 2962 (quac
587 2880 620 2941 ia
644 2879 745 2960 coelo,
768 2899 866 2962 qaae
889 2880 922 2941 in
945 2885 1050 2959 terro,
1074 2899 1176 2962 qaae
1204 2880 1239 2941 in
1261 2880 1348 2942 mari

209 2989 395 3067 nascantur.
439 2981 531 3046 hinc
643 2981 737 3045 hinc
771 2980 855 3063 ...)
886 2983 917 3044 iu
940 2982 1061 3046 deliciis
1086 2981 1251 3061 habuisse,
1273 3003 1347 3046 eum

313 3230 322 3264 ¹
342 3227 430 3280 Multa
448 3228 529 3291 enlm,
543 3242 614 3294 quac
633 3226 715 3278 hodie
735 3228 761 3278 in
775 3226 998 3279 Institutionibus
1011 3224 1172 3277 Iustinianis
1191 3235 1294 3291 extant,
1308 3225 1345 3278 ad

209 3316 322 3368 verbum
342 3330 426 3383 usque
442 3320 596 3379 cortgruunt
609 3329 668 3364 curu
683 3314 715 3365 iis
728 3313 806 3365 libris
826 3313 993 3365 librorumve
1018 3312 1142 3378 partibus
1162 3308 1345 3379 antiquiorum

208 3403 464 3462 iureconsultorunt‚
484 3402 529 3468 qui
549 3400 624 3452 felici
644 3416 709 3453 casu
729 3401 763 3452 atl
784 3406 878 3452 nostra
902 3415 989 3466 usque
1009 3408 1131 3466 tempora
1150 3406 1345 3466 pervenerunt,

209 3489 292 3539 voluti
313 3486 447 3553 permulta
467 3503 498 3537 er
512 3485 562 3538 Gai
577 3488 801 3539 Institutionibus
817 3485 979 3552 deprompta
998 3491 1025 3537 et
1046 3484 1206 3538 adverbum
1226 3487 1346 3552 repetita

208 3590 269 3626 asos
294 3574 320 3624 in
346 3572 569 3624 Institutionibus
596 3573 741 3624 Iustiniani
769 3580 892 3638 constat;
918 3589 968 3623 neo
987 3587 1066 3623 secus
1093 3572 1175 3623 multa
1194 3573 1220 3623 iu
1240 3572 1282 3622 his
1301 3572 1347 3624 In·

208 3660 397 3711 stitutiouibus
427 3661 527 3725 passim
558 3662 733 3711 occurrentia
764 3660 834 3711 adeo
864 3659 1039 3710 consentiunt
1085 3674 1144 3707 cum
1182 3654 1346 3723 fragmentis

210 3747 325 3797 aliorum
346 3744 606 3808 iureconsultorum‚
633 3763 703 3813 quae
730 3747 757 3796 iu
779 3746 897 3810 Digestis
922 3745 1065 3796 Iustiniani
1094 3750 1204 3796 servata
1223 3752 1297 3807 sunt,
1316 3745 1346 3794 ut

208 3832 265 3883 fieri
289 3848 343 3882 uon
371 3832 456 3896 possit
483 3832 547 3898 quin
574 3833 657 3882 verba
684 3832 889 3885 Institutionum
909 3832 1124 3884 Iustinianarum
1150 3830 1255 3883 axillis
1274 3830 1345 3882 anti·

208 3919 349 3985 quioribus
368 3919 445 3970 libris
466 3920 531 3984 ipsis
551 3917 713 3985 deprompta
733 3920 795 3970 sint.
833 3921 924 3987 Atque
944 3919 1073 3986 quoniam
1101 3919 1127 3970 in
1148 3918 1270 3983 Digestis
1288 3933 1343 3968 non

208 4005 307 4070 integri
327 4005 488 4069 optimorum
504 4006 608 4055 illorum
623 4006 867 4057 iureconsultorum
882 4006 944 4057 libri
964 4005 1065 4056 scrunti
1085 4010 1149 4055 sunt
1169 4002 1215 4055 sod
1237 4009 1342 4054 tantum

209 4090 361 4156 particulae
381 4106 482 4150 rorum,
501 4107 566 4140 strue
586 4085 799 4141 cortseutnneu'rn
817 4100 923 4143 estnon
940 4108 1027 4153 {cauca
1041 4107 1074 4141 cx
1090 4092 1122 4142 iis
1137 4090 1344 4142 institutionum

208 4177 355 4228 Iustiniani
376 4178 475 4239 verbis,
495 4194 564 4246 quae
579 4177 727 4239 Dorotheo,
741 4177 904 4243 Theophila,
918 4176 1087 4229 'I'riboniano
1102 4176 1195 4227 deberi
1210 4175 1345 4237 videntur,

208 4278 238 4314 re
258 4278 323 4314 vera
343 4279 375 4313 ex
402 4264 545 4330 deperdito
576 4265 671 4333 optimi
690 4263 807 4316 alicuius
833 4264 1011 4316 iureconsulti
1032 4263 1193 4333 antiquioris
1213 4263 1283 4314 libro
1300 4277 1345 4313 ro·

212 4348 299 4418 petita
318 4365 384 4404 esse.
