2954 4816
682 271 749 357 [or]
1241 268 1280 332 41
1334 314 1338 322 .

152 470 226 534 sulti
250 466 442 552 antiquioris,
466 463 555 528 ouius
579 485 619 528 ex
642 461 722 526 libro
741 461 972 546 profluxerunt,
997 481 1058 525 non
1075 459 1183 524 addito
1207 458 1281 522 1111-

154 581 266 638 runtur
290 573 330 649 a).

253 675 300 738 ud
339 678 394 753 u):
433 672 447 735 Ι
479 676 509 754 4,
535 691 580 755 pr.
611 677 638 733 et
675 668 902 733 Marcellus
934 667 1146 752 probotll10,
1178 673 1197 733 9
1227 670 1282 733 secl

150 780 351 845 Iulianus
375 775 449 857 uitll
466 778 517 856 25,
547 780 565 836 2
595 782 630 838 nt
654 773 921 857 Papinianus
951 792 1173 855 responsorum
1202 773 1281 837 libro

150 884 257 968 quinto
288 880 426 964 scripsit,
459 879 513 943 cir.
537 880 587 958 25,
616 881 671 959 163
703 878 754 957 26,
786 879 822 952 53
855 877 906 954 26,
930 879 968 955 ῖς
1001 874 1036 939 ΙΙ
1061 879 1092 954 1,
1116 879 1156 939 38
1188 883 1222 940 ut
1253 884 1281 940 et

150 984 319 1050 Iuliano
352 985 450 1047 ouum
482 982 599 1062 estllb,
624 983 642 1044 5
667 980 836 1043 secundnm
867 977 1060 1043 Marcelli
1086 981 1278 1060 sententiosa,

151 1090 206 1155 eir.
230 1092 259 1168 6,
283 1091 321 1170 9;
346 1089 394 1168 10,
418 1090 453 1166 53
481 1089 530 1168 14,
553 1106 619 1170 pr.;
643 1087 694 1165 20,
719 1086 774 1166 123
798 1086 849 1162 20,
874 1086 930 1166 143
953 1085 1004 1163 20,
1032 1085 1079 1148 16.
1095 1086 1143 1147 18.
1157 1085 1207 1148 20.
1223 1085 1281 1163 36;

151 1196 255 1275 28,1.

251 1294 299 1358 ud
326 1293 376 1376 b):
399 1293 451 1356 HI
474 1295 525 1374 25,
549 1291 961 1372 2,(211111113Μ1111111
989 1292 1175 1355 euistimaoit
1207 1341 1278 1356 ...

151 1401 323 1465 Seruius
360 1397 579 1480 Sulpicius
617 1403 725 1461 contra
762 1397 853 1459 sentit
992 1401 1019 1458 et
1054 1394 1133 1459 adeo
1171 1401 1279 1459 contra

150 1505 291 1586 Quinti
312 1502 442 1565 Mucii
462 1503 646 1565 sententium
659 1500 837 1584 moenaluit
854 1499 865 1581 ll
882 1503 910 1577 8,
924 1501 942 1562 2
965 1499 1048 1563 uncle
1063 1497 1279 1584 quaerebatur,

149 1628 223 1671 nuru
325 1606 379 1670 secl
406 1607 530 1689 placuit
562 1624 757 1685 euanescere,
788 1604 869 1688 quod
901 1611 928 1666 et
958 1603 1127 1667 Iuliano
1150 1610 1177 1666 et
1204 1602 1278 1666 aliis

144 1712 301 1795 plerisque
329 1711 429 1773 suuni
458 1713 529 1784 estu
546 1711 598 1791 23,
621 1711 640 1771 2
672 1707 762 1771 ualde
784 1707 993 1792 quaerebatur
1016 1752 1072 1771 ...
1096 1706 1121 1770 S
1129 1704 1195 1769 abi
1203 1726 1278 1769 nris

149 1821 177 1878 et
209 1811 379 1878 Cassius
406 1818 523 1896 psalant
644 1811 837 1874 diuersae
878 1809 1042 1874 scholae
1080 1815 1278 1873 auctores

149 1925 259 1982 contra
281 1916 451 1981 sentiebant
473 1964 529 1980 ...
554 1916 606 1979 sea
629 1915 802 1978 Proculi
823 1915 975 1978 sententia
1003 1915 1182 1996 praevoluit
1198 1913 1210 1995 ll
1227 1916 1278 1996 26,

148 2021 268 2084 haclea
298 2020 373 2083 haec
396 2021 441 2083 itu
463 2025 546 2098 sunt,
578 2025 613 2081 ut
642 2019 815 2102 quaesitruu
848 2019 888 2081 sit
911 2039 953 2081 an
1059 2018 1113 2081 sul
1144 2020 1278 2100 optinuit

150 2124 301 2189 Sabini
330 2125 512 2203 sententiali
528 2125 578 2197 26,
602 2125 620 2185 8
644 2122 793 2186 Sabino
825 2120 1023 2186 etCassio
1048 2123 1172 2205 placuit

150 2226 342 2293 cl'ioersae
364 2226 530 2291 scholae
551 2233 739 2290 auctores
761 2226 949 2289 existimant.

251 2332 300 2396 sd
329 2333 374 2413 o):
410 2330 459 2394 ill
486 2331 534 2406 18,
558 2351 604 2413 pr.
630 2329 725 2411 ...ἕ
756 2334 776 2393 4
808 2351 849 2393 ex
883 2330 1051 2416 Pomponii
1084 2329 1137 2394 lib.
1167 2332 1207 2393 26
1239 2330 1279 2393 ud

149 2435 302 2500 Sabinum
325 2433 416 2519 (Dig.
441 2433 604 2498 XXXXV
633 2440 658 2513 1,
681 2437 710 2514 5,
735 2433 796 2518 pr.)
813 2436 824 2515 l}
845 2437 891 2512 19,
912 2437 951 2498 26
977 2456 1017 2498 ex
1040 2433 1209 2518 Pomponii
1225 2434 1278 2498 lib.

149 2538 252 2603 21111
284 2537 436 2603 Sabinum
469 2537 557 2621 [Dig.
583 2535 747 2601 XXXXV
772 2541 799 2617 1,
824 2538 879 2617 42)
895 2538 908 2616 ΙΙ
925 2536 973 2600 IV
996 2542 1025 2611 6,
1049 2558 1094 2622 pr.
1128 2559 1168 2602 ex
1194 2537 1278 2602 Celsi

150 2642 201 2707 lib.
226 2646 245 2706 3
268 2641 331 2727 dig.
355 2642 443 2726 (Dig.
467 2639 649 2706 XXXXIV
675 2645 703 2719 7,
726 2642 783 2721 51)
808 2650 868 2707 etc.

250 2849 314 2916 Sed
336 2871 377 2913 ne
399 2851 565 2914 cumuletis
588 2850 743 2934 exemplis
766 2851 798 2914 in
822 2850 1010 2915 immensum
1033 2848 1165 2914 diffundi
1192 2849 1278 2914 ride·

148 2961 219 3018 atur
250 2953 330 3018 11111
361 2954 522 3039 quaestio,
555 2955 604 3019 hio
639 2953 874 3019 subsistendum
907 2976 976 3020 esse
1000 2975 1120 3018 censeo.
1166 2951 1278 3038 ltaque

150 3078 220 3121 oum
251 3057 493 3143 probaverimus
529 3079 593 3122 non
632 3059 735 3122 solum
768 3079 860 3122 usum
892 3058 1041 3143 loquendi
1073 3058 1213 3143 priorum
1245 3066 1278 3121 et

148 3161 355 3246 posteriorum
379 3161 531 3228 librorum
555 3162 713 3227 diversum
737 3184 815 3240 esse,
838 3161 893 3227 sed
918 3163 1013 3226 etiem
1035 3183 1118 3226 noro
1140 3161 1277 3225 adhunc

148 3264 357 3328 differentiam
382 3264 575 3331 fulciendam
598 3274 786 3350 arguments
806 3267 941 3351 proferri
964 3286 1068 3350 posse,
1095 3265 1169 3328 inde
1191 3264 1277 3328 oolli-

147 3367 286 3450 gendum
309 3369 446 3433 arbitror
469 3391 528 3435 non
552 3391 648 3434 unum
670 3370 872 3455 eundemque
889 3392 997 3436 omnes
1014 3377 1165 3454 quattuor
1180 3369 1277 3434 libros

147 3471 375 3556 composuisse,
398 3473 454 3537 sed
478 3474 570 3538 111111
594 3473 673 3539 dnos
696 3477 835 3559 priores,
859 3476 948 3540 111111
976 3477 1055 3538 dnos
1083 3474 1275 3558 posteriores

147 3575 367 3640 attribuendos
385 3599 464 3642 esse.
493 3576 683 3642 Rectissime
699 3579 794 3661 igitur
810 3578 966 3643 Huschke
989 3600 1079 3643 suum
1097 3577 1275 3663 opinionem

148 3679 311 3743 hominum
341 3679 505 3745 doctorum
536 3681 651 3744 indicio
687 3684 888 3767 proposuisse
920 3683 1053 3747 ridetur.
1107 3680 1195 3746 Idem
1229 3681 1276 3744 vir

147 3783 346 3849 doctissimus
383 3786 620 3869 quaestionem,
658 3792 728 3850 uter
766 3787 920 3870 priorem,
959 3793 1030 3850 nter
1061 3785 1274 3870 ¹posteriorem

145 3895 269 3971 purtem
293 3889 522 3972 conscripserit,
546 3890 751 3972 probabiliter
773 3891 817 3954 ita
839 3891 945 3967 solvit,
968 3898 1003 3954 ut
1019 3911 1090 3976 pag.
1110 3890 1160 3954 IX
1176 3890 1274 3974 prael.

146 4012 187 4055 ex
211 4010 259 4068 eo,
283 3990 368 4076 quod
391 3990 604 4056 Tribonisnus
627 3991 788 4057 inducitur
810 3994 896 4058 nulls
927 3995 1117 4059 necessitate
1142 4000 1274 4078 cogente

145 4093 176 4172 (Ι
198 4095 235 4171 5,
259 4095 298 4175 3;
330 4092 365 4156 II
395 4095 432 4174 8,
464 4096 500 4176 23
532 4095 590 4176 23,
625 4098 680 4175 12)
713 4103 744 4159 11
773 4097 886 4160 merita
918 4098 985 4161 eius
1015 4120 1034 4160 1
1067 4098 1275 4181 compositore

146 4196 286 4280 priorum
308 4197 461 4262 librorum
486 4198 691 4280 extolluntur,
714 4201 845 4284 colligat
870 4200 969 4265 nobile
993 4200 1275 4285 Constantinopoli·

147 4301 216 4364 tani
245 4309 273 4366 et
302 4302 367 4366 iarn
398 4310 497 4367 aetate
517 4306 722 4387 provectioris
743 4308 892 4390 mapistri
915 4306 948 4388 (i.
973 4329 1000 4372 1.
1024 4306 1205 4392 Theophili)
1227 4307 1274 4373 in·
