2954 4808
210 279 260 346 12·
735 269 825 360 [184]

225 538 228 545 ,
313 469 429 536 Rarius
453 467 590 536 occurrit
613 468 902 544 indicativus:
927 467 979 534 22.
1000 465 1048 552 16,
1068 465 1112 534 23
1137 475 1166 536 11
1192 468 1292 538 nullo
1308 476 1374 538 tor·

209 583 386 643 rrreutorum
408 578 455 641 eis
469 576 606 640 inueniri
621 573 726 639 adius
745 576 862 657 potuit,
886 595 966 660 quae
988 574 1147 640 obdurato
1164 627 1172 642 .
1191 623 1199 640 .
1220 629 1229 643 .
1247 578 1374 644 latroni

211 683 309 746 inuito
331 681 441 745 elicere
460 681 575 764 potuit,
598 685 632 743 ut
654 699 765 744 momen
788 680 955 762 proprium
978 680 1078 758 dicat;
1109 682 1162 744 21.
1186 684 1220 762 5,
1246 686 1267 746 3
1297 704 1370 747 eum

214 835 222 851 .
246 837 254 851 .
280 836 287 851 .
310 784 433 849 uultum
455 784 618 865 inueniret,
641 803 730 868 quoru
752 803 904 867 superare
921 789 1058 866 poterat.

314 888 486 953 Alternant
508 888 729 951 coniunctivus
752 893 784 950 et
806 886 1012 952 indicativus:
1035 889 1087 953 25.
1110 890 1202 970 3,19
1229 891 1367 956 timidus

210 1000 254 1059 est
277 999 305 1058 et
327 994 481 1076 ipuaous,
512 991 661 1077 quicum
683 1011 746 1054 uon
769 997 906 1074 oportet,
936 992 1018 1055 mori
1046 991 1224 1074 desiderat,
1254 999 1283 1058 et
1313 997 1370 1081 qui

212 1097 356 1183 resupiot
379 1117 449 1161 eum
471 1097 514 1160 sit
536 1102 737 1179 oportunum.

316 1201 346 1283 e)
371 1201 630 1266 Sententiae
662 1200 875 1265 causales.
922 1199 1152 1265 Coniunctivus
1183 1209 1297 1267 exstat
1330 1204 1362 1268 in

215 1307 360 1371 oratione
381 1304 553 1370 indirecta:
580 1307 628 1371 11.
653 1307 683 1386 3,
708 1310 727 1371 5
750 1301 846 1389 (quoe
871 1355 878 1370 .
903 1353 910 1368 .
935 1301 1114 1388 possent).

316 1410 434 1475 Uentre
463 1408 674 1473 indicativus:
705 1410 757 1473 29.
789 1410 819 1490 2,
848 1409 884 1471 18
917 1405 943 1471 0
968 1408 1144 1492 praeclaro
1166 1409 1364 1492 informatio

211 1515 431 1580 doctrinarum
454 1560 461 1575 .
485 1560 492 1575 .
517 1560 543 1592 .,
567 1532 645 1596 quoe
667 1513 713 1576 uel
735 1512 865 1576 uitiosos
887 1517 1025 1575 recturus
1056 1531 1149 1595 saepe
1171 1514 1366 1579 excoluisti!

211 1617 338 1698 Cicero,
369 1636 496 1701 exque
520 1616 709 1680 Ammianus
742 1615 826 1679 hunc
858 1616 963 1699 locum
994 1613 1118 1694 hausit,
1151 1617 1361 1683 coniunctive

211 1744 288 1787 usus
319 1728 383 1786 est:
416 1719 480 1785 Cic.
505 1721 544 1783 ad
570 1720 725 1794 Quintum
752 1719 882 1784 fratrem
909 1724 936 1783 1.
960 1721 1030 1801 2,1
1054 1740 1122 1784 11.
1147 1771 1155 1785 .
1180 1770 1188 1784 .
1213 1721 1362 1787 adhibito

212 1825 360 1890 doctriua
382 1831 437 1904 est,
459 1844 538 1908 quae
560 1825 606 1888 uel
625 1824 858 1888 vitiosissimam
880 1829 1032 1886 maturam
1055 1823 1193 1888 excolere
1211 1828 1329 1908 possit.

316 1927 350 2010 d)
385 1928 647 1992 Sententiae
681 1927 978 1991 restrictivae.
1030 1926 1362 1994 Coniunctivus

215 2039 338 2099 exstat:
367 2035 486 2116 last,
514 2035 550 2096 lv
572 2052 672 2114 umus,
694 2034 748 2117 qui
764 2031 887 2117 pridem
902 2037 983 2095 recte
998 2032 1115 2114 sepiat,
1139 2031 1364 2114 repreliendit3

217 2140 266 2202 lv.
292 2139 322 2221 7,
341 2139 376 2199 11
403 2156 456 2200 eus
476 2142 586 2220 portes
608 2136 668 2200 soli
691 2133 885 2215 coueidrout,
908 2153 987 2219 quas
1010 2133 1225 2217 subrepserint
1246 2135 1361 2200 umidi.

318 2239 353 2325 c)
383 2240 643 2305 Sententiae
677 2238 1021 2303 condicionales.
1068 2240 1118 2302 31.
1143 2239 1173 2320 2,
1201 2239 1246 2302 22
1277 2239 1363 2303 iudi·

217 2351 310 2409 catur
332 2343 375 2408 iti
397 2343 505 2408 beatus
534 2343 588 2428 qui
616 2344 652 2407 iu
677 2343 798 2426 proelio
825 2342 1008 2426 profuderit
1038 2343 1180 2406 animem
1211 2341 1298 2423 (lere
1320 2371 1364 2395 =

214 2447 268 2532 23,
297 2450 327 2529 6,
359 2452 438 2530 44);
472 2449 523 2527 22,
558 2449 607 2526 15,
641 2449 680 2511 15
715 2447 954 2512 crocodilus..
980 2496 987 2512 .
1010 2445 1160 2532 quicquid
1192 2449 1365 2532 contiperit

215 2555 423 2636 pertinaciter
441 2558 560 2636 petens.

749 2741 767 2825 s
793 2742 822 2807 s.

512 2909 571 2975 na
604 2908 733 2974 moue
765 2907 1059 2973 1111111111.

317 3076 513 3160 Imperativo
546 3074 644 3138 utitur
672 3074 863 3139 Ammianus
893 3073 923 3137 in
957 3072 1204 3139 allocutionibus
1233 3072 1299 3156 ita,
1329 3082 1366 3139 ut

215 3201 314 3266 saepe
338 3181 384 3242 vis
407 3177 609 3253 adhortative
631 3179 826 3264 praevaleat.
871 3177 984 3262 Neque
1001 3176 1064 3241 ulla
1080 3177 1253 3241 intercedit
1273 3176 1364 3242 diffe-

214 3283 316 3349 rentia
339 3285 421 3347 iuter
444 3283 562 3347 11111111
584 3282 763 3366 imperativi
787 3282 964 3368 praesentis
980 3279 1126 3345 1111111111
1142 3300 1172 3364 q.
1191 3280 1222 3344 d.
1257 3279 1371 3346 Immo

215 3387 379 3451 variantur
402 3407 440 3451 ac
463 3394 629 3472 mutantur
652 3387 809 3473 simplices
832 3385 1008 3472 imperativi
1023 3384 1148 3450 formae
1162 3383 1364 3468 longioribus

215 3491 247 3553 in
270 3496 314 3554 -to
338 3489 526 3554 cadentibus
549 3501 645 3575 atque
660 3491 721 3555 hae
736 3491 809 3555 illis.
849 3491 972 3565 Quibus
989 3489 1185 3574 imperativis
1203 3510 1275 3552 eum
1297 3511 1361 3555 nen

215 3615 288 3659 raro
314 3593 590 3658 intermisceantur
612 3594 804 3660 coniunctivi
826 3593 1005 3678 praesentis
1028 3590 1234 3673 adhortativi,
1263 3593 1363 3657 elfici-

214 3704 266 3760 tur
298 3696 380 3761 hanc
413 3695 589 3761 formarum
621 3697 806 3762 varietatem
839 3698 879 3762 ab
913 3695 1083 3760 Ammiano
1118 3693 1226 3760 dedita
1262 3716 1362 3780 opera

215 3801 391 3886 appetitam
414 3821 493 3865 1111.
539 3799 725 3866 Tenendum
749 3809 855 3866 tamen
873 3786 922 3867 est
940 3801 1058 3865 nullam
1076 3798 1171 3861 aliam
1188 3819 1361 3884 persenam

213 3906 392 3992 imperativi
415 3925 444 3989 q.
468 3904 498 3970 d.
523 3904 620 3971 futuri
645 3907 792 3991 usurpari
807 3905 866 3970 uisi
881 3906 1015 3970 alteram
1034 3903 1207 3987 singularis
1224 3905 1362 3970 numeri.

214 4009 374 4094 Exempla
397 4018 471 4073 suut
494 4010 590 4074 haec:
620 4012 673 4075 20.
701 4010 806 4092 8,11,
833 4012 872 4075 12
903 4010 1070 4075 Gestorum
1096 4006 1275 4073 disiectus
1309 4016 1365 4091 est,

212 4135 301 4200 quero
322 4120 422 4177 memte
443 4134 559 4199 quaeso
590 4117 724 4199 accipito
751 4115 896 4199 placida.
942 4135 997 4179 uec
1020 4165 1027 4179 .
1052 4163 1058 4177 .
1084 4164 1092 4178 .
1115 4113 1285 4195 existimes,
1319 4115 1366 4178 oei

214 4218 392 4282 adraittas.
416 4267 423 4282 .
448 4265 467 4298 .‚
491 4219 544 4281 sed
567 4267 574 4282 .
600 4270 606 4285 .
631 4268 639 4284 .
664 4219 813 4285 adverte.
839 4269 847 4285 .
871 4269 879 4285 .
903 4221 1194 4304 etsuscipito...;
1217 4220 1362 4303 ipuosce;

216 4326 263 4387 15.
288 4325 317 4403 8,
344 4321 382 4385 13
406 4322 537 4388 adesto.
562 4373 569 4389 .
595 4374 602 4388 .
626 4331 676 4388 et.
701 4371 709 4387 .
732 4375 739 4390 .
764 4327 958 4409 suscipe...
982 4331 1010 4389 et
1034 4375 1041 4390 .
1066 4373 1073 4388 .
1099 4372 1106 4388 .
1129 4326 1284 4407 consiste3
1314 4329 1361 4391 16.
