2956 4822
190 299 232 361 22
711 292 804 378 [ns]

187 488 327 570 iubetur,
342 488 416 552 inde
430 486 654 571 explioaodum
668 493 727 560 est,
744 485 826 570 quod
843 486 874 550 in
888 491 1007 550 eertum
1022 485 1143 548 dierum
1158 507 1324 551 numerum

187 592 300 676 legatis
334 593 449 655 uiatico
479 597 510 654 et
539 590 740 655 conuentioia
771 589 907 653 adtribui
940 612 959 652 a
988 589 1171 654 eirn'tatibus
1196 590 1324 654 Graecis

187 696 361 762 solebent¹.
407 694 492 759 Huic
522 695 619 778 igitur
645 695 754 777 legato
787 695 889 757 minus
913 715 1008 779 quam
1033 693 1145 757 esteris
1169 696 1324 778 pecuniae

187 800 264 864 dare
287 799 355 864 Tell
378 807 537 863 uelantur.
584 797 665 861 Tum
690 797 797 862 uerbis
825 805 955 878 σκηνοῦν
977 797 1008 861 δὲ
1031 801 1208 862 τοῦτονκαὶ
1232 825 1324 880 πανη-

190 905 319 986 γυρίζειν
346 900 425 983 μετά
456 909 519 966 τῶν
548 902 619 983 nop'
648 901 736 981 ὑμῶν
764 901 1034 981 α’ποστελλομὲνων
1061 924 1123 966 non
1155 904 1258 967 solum
1288 909 1322 965 ut

188 1029 252 1071 una
276 1028 346 1070 eum
370 1008 431 1070 illis
456 1006 579 1070 habitet
602 1012 633 1069 et
655 1013 731 1089 agat
755 1007 905 1069 constitui
929 1006 1065 1085 uidetur,
1089 1006 1144 1070 sed
1168 1007 1264 1094 etiam
1288 1013 1323 1069 ut

186 1112 330 1177 eiusdem
356 1133 420 1197 quo
444 1111 488 1174 illi
513 1111 643 1175 honoris
666 1112 825 1196 particeps
858 1111 922 1175 frat.
972 1109 1053 1174 Cum
1089 1111 1169 1174 enim
1195 1110 1322 1174 demeto

187 1214 326 1300 quodem
366 1212 628 1299 Amphietionum
675 1213 930 1298 Delphioorum2
976 1212 1155 1297 Naupactio
1198 1213 1322 1276 cuidam

184 1325 312 1402 praeter
335 1318 413 1381 alios
437 1316 575 1381 honores
595 1316 689 1402 detur
713 1313 808 1381 oaosd
833 1318 869 1396 ἐμ
897 1316 1028 1379 unua
1052 1315 1071 1377 ἁ
1095 1315 1211 1397 πρώτα,
1235 1323 1321 1380 certo

185 1422 295 1487 ordine
328 1443 385 1506 pro
418 1420 510 1485 unius
542 1421 697 1505 uniusque
727 1418 885 1503 dignitate
916 1420 945 1483 in
969 1420 1088 1485 talibus
1112 1421 1320 1505 synedrorum

184 1525 396 1590 conuentibus
430 1524 636 1590 tabernacula
669 1524 851 1589 distributa.
870 1545 938 1588 esse
958 1523 1115 1588 uidentur.
1160 1523 1321 1588 Lebedius

183 1631 280 1713 igitur
303 1628 436 1692 eundem
461 1650 554 1714 quern
578 1630 676 1693 oeteri
699 1627 768 1691 Teii
794 1626 950 1692 obtinebit
973 1629 1087 1693 locum.

289 1732 380 1807 Quae
404 1752 474 1810 eum
506 1732 551 1795 ita
573 1732 651 1811 siut,
675 1752 713 1795 eo
739 1754 801 1816 quo
826 1731 886 1796 feei
913 1731 1007 1794 modo
1031 1732 1130 1796 uerba
1154 1733 1320 1796 restituere

185 1845 319 1901 conatus
354 1857 435 1901 sum.
484 1837 656 1901 Bovtsvrai
685 1837 769 1900 enim
800 1837 898 1918 legati
931 1835 1106 1900 ciuitatium
1139 1837 1320 1901 Ionicarum

184 1940 387 2025 appellantur
409 1940 440 2002 in
457 1938 584 2003 decreto
610 1939 708 2022 ipsius
732 1939 891 2004 coneiliiss.
916 1938 1024 2003 Verba
1047 1947 1154 2005 autem
1178 1938 1233 2004 τόν
1255 1940 1320 2004 ἴσον

181 2039 291 2126 χρόνον
324 2064 397 2106 oum
431 2043 591 2107 notionem
625 2043 711 2107 uocis
749 2050 884 2123 παρεῖναι
923 2044 1139 2127 postularent,
1173 2045 1319 2129 suppleui

184 2144 321 2226 παρόντα
351 2149 400 2211 ἐπὶ
429 2144 468 2211 roi
498 2146 590 2211 κοινοί.
646 2147 908 2231 Waddiugtouus
940 2149 1023 2212 enirn
1054 2170 1125 2213 cum
1159 2149 1320 2233 scripserit

182 2254 293 2332 πρᾶξαι
324 2249 423 2313 πάντα
457 2248 496 2315 roi
528 2250 627 2332 κοινά,
652 2250 803 2316 Hieksius
828 2248 925 2334 ἔχειν,
958 2253 1009 2316 ille
1040 2251 1207 2334 πράγματα
1238 2250 1320 2315 κοινά

183 2353 381 2420 intellexisse
405 2354 542 2436 uidetur,
566 2355 617 2417 bio
640 2356 725 2420 iura:
759 2377 841 2440 quae
865 2357 950 2422 notio
983 2357 1071 2421 uocis
1095 2356 1222 2422 insolita
1250 2378 1320 2422 esse

182 2459 326 2540 uidetur3
349 2459 403 2522 illo
427 2459 521 2523 modo
545 2469 719 2543 usurpatur
743 2462 774 2522 in
799 2460 898 2524 titulis
922 2461 1097 2545 Smyrnaeo
1122 2461 1211 2542 (Cle
1236 2464 1319 2526 3185

182 2585 213 2627 v.
239 2563 271 2644 7)
305 2572 337 2628 et
360 2563 487 2627 Rhodio
519 2563 684 2644 (Fouoart,
714 2565 816 2629 Inser.
840 2563 923 2629 ined.
948 2564 987 2628 do
1017 2565 1084 2630 l’ile
1116 2565 1155 2630 de
1188 2565 1319 2629 Rhodes

184 2688 214 2751 p.
238 2669 280 2731 64
302 2688 332 2731 n.
356 2669 399 2731 60
421 2689 450 2732 v,
474 2666 543 2750 40).

713 2771 783 2851 52.

287 2882 359 2947 Hae
393 2884 595 2969 paragrapho
624 2884 759 2968 primum
790 2884 939 2948 iubentur
976 2884 1044 2949 Teii
1078 2885 1227 2950 Lebediis
1265 2887 1318 2970 qui

183 2984 295 3051 domos
319 2993 350 3050 et
373 2985 490 3052 fundos
513 3009 587 3052 suos
613 2988 795 3073 relinquere
820 2995 987 3072 eoguntur,
1011 3009 1105 3073 pares
1128 2987 1246 3052 fundos
1262 2987 1318 3053 Tei

181 3088 213 3151 in
236 3090 314 3154 urbe
338 3090 537 3175 adsignare4.
584 3092 759 3157 Praeterea
775 3093 877 3177 pretia
893 3093 1020 3157 illorum
1044 3092 1215 3156 fundorum
1239 3114 1318 3178 quos

181 3193 320 3258 relicturi
345 3204 445 3267 erant,
469 3196 618 3262 Lebediis
645 3196 830 3263 eTeiorum
854 3197 977 3262 serario
994 3197 1200 3281 rependenda
1222 3197 1318 3261 fuisse

181 3296 334 3363 doeemur
358 3299 376 3380 ξ
401 3304 449 3366 13.
497 3301 600 3375 Quam
632 3322 698 3365 rem
728 3321 792 3364 non
818 3309 866 3366 est
897 3301 979 3385 quod
1012 3302 1172 3366 miremur.
1219 3299 1318 3365 Lebe-

183 3400 253 3466 dios
280 3404 361 3467 enim
392 3407 539 3469 maximis
564 3427 604 3470 ex
628 3404 704 3469 sede
726 3395 849 3469 mntsta
873 3406 1071 3471 detrimentis
1094 3406 1226 3470 affectos
1250 3424 1318 3468 esse

179 3516 324 3590 apparet,
348 3509 464 3593 quippe
489 3510 542 3593 qui
567 3529 630 3573 non
654 3509 756 3573 solnm
782 3511 866 3573 omni
891 3518 1024 3593 quaestu
1048 3532 1106 3596 por
1129 3519 1194 3573 tres
1218 3530 1316 3572 annos

284 3650 292 3682 ¹
314 3645 356 3699 cf.
375 3646 446 3699 tituli
467 3646 606 3719 Smyrnaei
628 3649 700 3699 intra
719 3648 772 3714 (Il)
791 3649 938 3700 enarrandi
958 3665 982 3701 v.
995 3648 1027 3701 31
1048 3664 1087 3715 sq.

281 3730 292 3767 ²
312 3732 432 3796 Curtius,
452 3731 595 3785 Aneodota
616 3735 752 3800 Delphica
773 3752 798 3786 n.
812 3734 853 3788 45.

281 3817 516 3887 'Dittonbergeri
535 3821 668 3887 Syllogae
696 3821 744 3874 137
770 3838 793 3872 v.
813 3822 860 3876 21:
886 3821 1051 3896 [dvrr‘rylnu‘r
1077 3824 1104 3875 δὲ
1128 3820 1246 3881 ἑκάστους
1264 3820 1317 3886 arip

177 3906 320 3966 βουλευτῶν
337 3905 369 3957 tn¹
388 3903 554 3976 ὶγ[ιωσμὲ]να
570 3914 637 3960 Ἴωσι
656 3911 687 3968 εἷς
707 3909 750 3970 trie
768 3911 832 3970 ἶδιάς
851 3916 938 3968 πόλεις.

281 3990 292 4026 ⁴
317 3991 450 4043 Similiter
475 3993 606 4059 Polybius
632 3996 668 4059 (V
683 3995 728 4060 93)
758 3994 860 4060 refert,
886 4013 946 4048 oum
973 3997 1185 4062 Megalopolitae
1209 3996 1277 4047 urbe
1300 4008 1316 4043 a

178 4073 321 4128 Cleomene
341 4076 482 4129 destructa
501 4079 564 4143 (222
577 4097 601 4131 s.
614 4080 654 4144 O.)
675 4097 763 4133 nouos
782 4081 857 4134 ciues
870 4083 922 4134 sibi
936 4083 1121 4144 adsumerent,
1142 4085 1172 4133 ut
1185 4083 1317 4134 haberent

178 4159 251 4212 unde
271 4175 354 4225 egros
372 4163 426 4214 illis
446 4162 640 4232 adsignarent,
660 4168 795 4236 quosdam
815 4169 983 4235 poposcisse,
1004 4174 1032 4220 ut
1049 4170 1198 4235 locupletes
1212 4168 1317 4219 tertiam

179 4262 309 4312 agrorum
336 4258 443 4318 portem
469 4253 511 4304 rei
538 4253 668 4320 publiose
696 4253 889 4308 consederent.
925 4254 973 4308 Cui
998 4257 1036 4309 rei
1061 4256 1126 4308 illos
1145 4255 1320 4309 uehementer

180 4333 315 4389 restitisse
333 4352 388 4389 non
408 4336 504 4392 mirum
525 4347 573 4392 est.
