<?xml version="1.0" encoding="UTF-8"?>
<!DOCTYPE html PUBLIC "-//W3C//DTD XHTML 1.0 Transitional//EN"
    "http://www.w3.org/TR/xhtml1/DTD/xhtml1-transitional.dtd">
<html xmlns="http://www.w3.org/1999/xhtml" xml:lang="en" lang="en">
 <head>
  <title>
</title>
<meta http-equiv="Content-Type" content="text/html;charset=utf-8" />
  <meta name='ocr-system' content='tesseract 3.04.00' />
  <meta name='ocr-capabilities' content='ocr_page ocr_carea ocr_par ocr_line ocrx_word'/>
</head>
<body>
  <div class='ocr_page' id='page_1' title='image "./dissertationesp00stragoog/dissertationesp00stragoog_0834.png"; bbox 0 0 2954 4808; ppageno 0'>
   <div class='ocr_carea' id='block_1_1' title="bbox 257 1344 1288 1452">
    <p class='ocr_par' dir='ltr' id='par_1_1' title="bbox 257 1344 1288 1452">
     <span class='ocr_line' id='line_1_1' title="bbox 257 1344 1288 1452; baseline 0 -20"><span class='ocrx_word' id='word_1_1' title='bbox 257 1367 347 1432; x_wconf 87' lang='lat' dir='ltr'><strong>Inter</strong></span> <span class='ocrx_word' id='word_1_2' title='bbox 369 1367 538 1450; x_wconf 77' lang='lat' dir='ltr'>scriptores</span> <span class='ocrx_word' id='word_1_3' title='bbox 561 1367 752 1432; x_wconf 79' lang='lat' dir='ltr'><strong>christianae</strong></span> <span class='ocrx_word' id='word_1_4' title='bbox 774 1344 847 1431; x_wconf 81' lang='lat' dir='ltr'><strong>tidei</strong></span> <span class='ocrx_word' id='word_1_5' title='bbox 870 1388 931 1432; x_wconf 93' lang='lat' dir='ltr'><strong>non</strong></span> <span class='ocrx_word' id='word_1_6' title='bbox 955 1367 1110 1448; x_wconf 89' lang='lat' dir='ltr'><strong>addictos,</strong></span> <span class='ocrx_word' id='word_1_7' title='bbox 1138 1368 1191 1452; x_wconf 90' lang='lat' dir='ltr'><strong>qui</strong></span> <span class='ocrx_word' id='word_1_8' title='bbox 1216 1376 1288 1452; x_wconf 91' lang='lat' dir='ltr'><strong>post</strong></span> 
     </span>
    </p>
   </div>
   <div class='ocr_carea' id='block_1_2' title="bbox 144 1463 1288 4360">
    <p class='ocr_par' dir='ltr' id='par_1_2' title="bbox 152 1463 1288 2886">
     <span class='ocr_line' id='line_1_2' title="bbox 154 1463 1288 1554; baseline 0 -19"><span class='ocrx_word' id='word_1_9' title='bbox 154 1463 315 1536; x_wconf 85' lang='lat' dir='ltr'><strong>saeculum</strong></span> <span class='ocrx_word' id='word_1_10' title='bbox 339 1469 374 1533; x_wconf 91' lang='lat' dir='ltr'><strong>Il</strong></span> <span class='ocrx_word' id='word_1_11' title='bbox 397 1490 544 1535; x_wconf 87' lang='lat' dir='ltr'><strong>sermone</strong></span> <span class='ocrx_word' id='word_1_12' title='bbox 567 1469 706 1554; x_wconf 76' lang='lat' dir='ltr'><strong>pedestri</strong></span> <span class='ocrx_word' id='word_1_13' title='bbox 730 1472 910 1552; x_wconf 87' lang='lat' dir='ltr'><strong>utebantur,</strong></span> <span class='ocrx_word' id='word_1_14' title='bbox 941 1469 1034 1534; x_wconf 83' lang='lat' dir='ltr'><strong>facile</strong></span> <span class='ocrx_word' id='word_1_15' title='bbox 1065 1472 1211 1554; x_wconf 88' lang='lat' dir='ltr'><strong>princeps</strong></span> <span class='ocrx_word' id='word_1_16' title='bbox 1240 1480 1288 1536; x_wconf 89' lang='lat' dir='ltr'><strong>est</strong></span> 
     </span>
     <span class='ocr_line' id='line_1_3' title="bbox 153 1572 1287 1658; baseline -0.001 -18"><span class='ocrx_word' id='word_1_17' title='bbox 153 1577 342 1640; x_wconf 78' lang='lat' dir='ltr'><strong>Ammianus</strong></span> <span class='ocrx_word' id='word_1_18' title='bbox 364 1573 599 1652; x_wconf 80' lang='lat' dir='ltr'><strong>Antiochensis,</strong></span> <span class='ocrx_word' id='word_1_19' title='bbox 629 1595 723 1658; x_wconf 86' lang='lat' dir='ltr'><strong>quem</strong></span> <span class='ocrx_word' id='word_1_20' title='bbox 746 1575 806 1638; x_wconf 90' lang='lat' dir='ltr'><strong>sub</strong></span> <span class='ocrx_word' id='word_1_21' title='bbox 829 1575 925 1637; x_wconf 87' lang='lat' dir='ltr'><strong>tinam</strong></span> <span class='ocrx_word' id='word_1_22' title='bbox 947 1573 1064 1639; x_wconf 86' lang='lat' dir='ltr'><strong>saeculi</strong></span> <span class='ocrx_word' id='word_1_23' title='bbox 1088 1572 1136 1635; x_wconf 92' lang='lat' dir='ltr'><strong>IV</strong></span> <span class='ocrx_word' id='word_1_24' title='bbox 1164 1575 1287 1640; x_wconf 89' lang='lat' dir='ltr'><strong>Romae</strong></span> 
     </span>
     <span class='ocr_line' id='line_1_4' title="bbox 155 1677 1286 1765; baseline 0 -21"><span class='ocrx_word' id='word_1_25' title='bbox 155 1702 226 1744; x_wconf 91' lang='lat' dir='ltr'><strong>curn</strong></span> <span class='ocrx_word' id='word_1_26' title='bbox 250 1679 390 1743; x_wconf 88' lang='lat' dir='ltr'><strong>omniurn</strong></span> <span class='ocrx_word' id='word_1_27' title='bbox 405 1679 518 1765; x_wconf 88' lang='lat' dir='ltr'><strong>plausu</strong></span> <span class='ocrx_word' id='word_1_28' title='bbox 534 1699 639 1742; x_wconf 89' lang='lat' dir='ltr'><strong>rorum</strong></span> <span class='ocrx_word' id='word_1_29' title='bbox 656 1685 820 1761; x_wconf 79' lang='lat' dir='ltr'><strong>gestarum</strong></span> <span class='ocrx_word' id='word_1_30' title='bbox 838 1678 934 1742; x_wconf 90' lang='lat' dir='ltr'><strong>libros</strong></span> <span class='ocrx_word' id='word_1_31' title='bbox 951 1677 991 1742; x_wconf 88' lang='lat' dir='ltr'><strong>ab</strong></span> <span class='ocrx_word' id='word_1_32' title='bbox 1007 1679 1076 1763; x_wconf 89' lang='lat' dir='ltr'><strong>ipso</strong></span> <span class='ocrx_word' id='word_1_33' title='bbox 1092 1680 1286 1764; x_wconf 78' lang='lat' dir='ltr'><strong>conscriptos</strong></span> 
     </span>
     <span class='ocr_line' id='line_1_5' title="bbox 153 1783 1287 1867; baseline 0.001 -20"><span class='ocrx_word' id='word_1_34' title='bbox 153 1784 304 1848; x_wconf 78' lang='lat' dir='ltr'><strong>recitasse</strong></span> <span class='ocrx_word' id='word_1_35' title='bbox 326 1789 459 1847; x_wconf 88' lang='lat' dir='ltr'><strong>constat.</strong></span> <span class='ocrx_word' id='word_1_36' title='bbox 506 1783 663 1856; x_wconf 82' lang='lat' dir='ltr'><strong>Quoniam</strong></span> <span class='ocrx_word' id='word_1_37' title='bbox 687 1803 881 1867; x_wconf 86' lang='lat' dir='ltr'><strong>magnopere</strong></span> <span class='ocrx_word' id='word_1_38' title='bbox 899 1783 1019 1848; x_wconf 86' lang='lat' dir='ltr'><strong>recedit</strong></span> <span class='ocrx_word' id='word_1_39' title='bbox 1038 1785 1195 1847; x_wconf 89' lang='lat' dir='ltr'><strong>Ammiani</strong></span> <span class='ocrx_word' id='word_1_40' title='bbox 1210 1805 1287 1848; x_wconf 90' lang='lat' dir='ltr'><strong>usus</strong></span> 
     </span>
     <span class='ocr_line' id='line_1_6' title="bbox 153 1878 1286 1972; baseline -0.001 -21"><span class='ocrx_word' id='word_1_41' title='bbox 153 1878 305 1972; x_wconf 89' lang='lat' dir='ltr'><strong>loquendi</strong></span> <span class='ocrx_word' id='word_1_42' title='bbox 334 1908 406 1951; x_wconf 88' lang='lat' dir='ltr'><strong>aum</strong></span> <span class='ocrx_word' id='word_1_43' title='bbox 431 1888 600 1951; x_wconf 89' lang='lat' dir='ltr'><strong>universus</strong></span> <span class='ocrx_word' id='word_1_44' title='bbox 631 1894 697 1949; x_wconf 89' lang='lat' dir='ltr'><strong>turn</strong></span> <span class='ocrx_word' id='word_1_45' title='bbox 729 1898 906 1969; x_wconf 89' lang='lat' dir='ltr'><strong>temporum</strong></span> <span class='ocrx_word' id='word_1_46' title='bbox 930 1894 962 1951; x_wconf 87' lang='lat' dir='ltr'><strong>et</strong></span> <span class='ocrx_word' id='word_1_47' title='bbox 985 1887 1167 1969; x_wconf 92' lang='lat' dir='ltr'><strong>modorum,</strong></span> <span class='ocrx_word' id='word_1_48' title='bbox 1199 1887 1286 1951; x_wconf 85' lang='lat' dir='ltr'><strong>verbi</strong></span> 
     </span>
     <span class='ocr_line' id='line_1_7' title="bbox 153 1991 1287 2078; baseline 0 -23"><span class='ocrx_word' id='word_1_49' title='bbox 153 1992 303 2077; x_wconf 88' lang='lat' dir='ltr'><strong>syntaxin</strong></span> <span class='ocrx_word' id='word_1_50' title='bbox 326 1993 502 2056; x_wconf 87' lang='lat' dir='ltr'><strong>accuratius</strong></span> <span class='ocrx_word' id='word_1_51' title='bbox 526 1997 742 2072; x_wconf 85' lang='lat' dir='ltr'><strong>perscrutatus</strong></span> <span class='ocrx_word' id='word_1_52' title='bbox 765 2011 845 2072; x_wconf 91' lang='lat' dir='ltr'><strong>sum,</strong></span> <span class='ocrx_word' id='word_1_53' title='bbox 870 1991 1054 2078; x_wconf 87' lang='lat' dir='ltr'><strong>praesertim</strong></span> <span class='ocrx_word' id='word_1_54' title='bbox 1085 2013 1156 2055; x_wconf 90' lang='lat' dir='ltr'><strong>cum</strong></span> <span class='ocrx_word' id='word_1_55' title='bbox 1182 2012 1287 2067; x_wconf 88' lang='lat' dir='ltr'><strong>nemo,</strong></span> 
     </span>
     <span class='ocr_line' id='line_1_8' title="bbox 153 2093 1285 2181; baseline 0 -23"><span class='ocrx_word' id='word_1_56' title='bbox 153 2116 234 2180; x_wconf 90' lang='lat' dir='ltr'><strong>quae</strong></span> <span class='ocrx_word' id='word_1_57' title='bbox 259 2093 299 2158; x_wconf 92' lang='lat' dir='ltr'><strong>ad</strong></span> <span class='ocrx_word' id='word_1_58' title='bbox 323 2114 393 2159; x_wconf 86' lang='lat' dir='ltr'><strong>earn</strong></span> <span class='ocrx_word' id='word_1_59' title='bbox 418 2117 483 2158; x_wconf 88' lang='lat' dir='ltr'><strong>rem</strong></span> <span class='ocrx_word' id='word_1_60' title='bbox 514 2095 683 2180; x_wconf 89' lang='lat' dir='ltr'><strong>pertinent,</strong></span> <span class='ocrx_word' id='word_1_61' title='bbox 715 2094 809 2179; x_wconf 88' lang='lat' dir='ltr'><strong>plane</strong></span> <span class='ocrx_word' id='word_1_62' title='bbox 840 2096 1032 2181; x_wconf 88' lang='lat' dir='ltr'><strong>exposuerit.</strong></span> <span class='ocrx_word' id='word_1_63' title='bbox 1078 2095 1153 2181; x_wconf 86' lang='lat' dir='ltr'><strong>Ipse</strong></span> <span class='ocrx_word' id='word_1_64' title='bbox 1179 2104 1285 2159; x_wconf 89' lang='lat' dir='ltr'><strong>autern</strong></span> 
     </span>
     <span class='ocr_line' id='line_1_9' title="bbox 152 2197 1286 2284; baseline 0 -22"><span class='ocrx_word' id='word_1_65' title='bbox 152 2199 245 2263; x_wconf 90' lang='lat' dir='ltr'><strong>nimis</strong></span> <span class='ocrx_word' id='word_1_66' title='bbox 283 2198 383 2262; x_wconf 89' lang='lat' dir='ltr'><strong>multa</strong></span> <span class='ocrx_word' id='word_1_67' title='bbox 420 2220 459 2263; x_wconf 88' lang='lat' dir='ltr'><strong>ex</strong></span> <span class='ocrx_word' id='word_1_68' title='bbox 493 2197 618 2264; x_wconf 87' lang='lat' dir='ltr'><strong>schedis</strong></span> <span class='ocrx_word' id='word_1_69' title='bbox 657 2199 736 2264; x_wconf 88' lang='lat' dir='ltr'><strong>meis</strong></span> <span class='ocrx_word' id='word_1_70' title='bbox 772 2198 958 2283; x_wconf 89' lang='lat' dir='ltr'><strong>depromere</strong></span> <span class='ocrx_word' id='word_1_71' title='bbox 993 2199 1098 2281; x_wconf 91' lang='lat' dir='ltr'><strong>nolui,</strong></span> <span class='ocrx_word' id='word_1_72' title='bbox 1137 2200 1286 2284; x_wconf 88' lang='lat' dir='ltr'><strong>quoniam</strong></span> 
     </span>
     <span class='ocr_line' id='line_1_10' title="bbox 152 2302 1287 2388; baseline 0.002 -22"><span class='ocrx_word' id='word_1_73' title='bbox 152 2324 231 2387; x_wconf 85' lang='lat' dir='ltr'><strong>quas</strong></span> <span class='ocrx_word' id='word_1_74' title='bbox 253 2302 340 2385; x_wconf 82' lang='lat' dir='ltr'><strong>leges</strong></span> <span class='ocrx_word' id='word_1_75' title='bbox 361 2302 392 2366; x_wconf 93' lang='lat' dir='ltr'><strong>in</strong></span> <span class='ocrx_word' id='word_1_76' title='bbox 417 2311 596 2388; x_wconf 89' lang='lat' dir='ltr'><strong>temporum</strong></span> <span class='ocrx_word' id='word_1_77' title='bbox 621 2311 653 2368; x_wconf 91' lang='lat' dir='ltr'><strong>et</strong></span> <span class='ocrx_word' id='word_1_78' title='bbox 677 2303 841 2368; x_wconf 90' lang='lat' dir='ltr'><strong>modorum</strong></span> <span class='ocrx_word' id='word_1_79' title='bbox 872 2325 931 2368; x_wconf 93' lang='lat' dir='ltr'><strong>usu</strong></span> <span class='ocrx_word' id='word_1_80' title='bbox 965 2304 1065 2368; x_wconf 89' lang='lat' dir='ltr'><strong>secuti</strong></span> <span class='ocrx_word' id='word_1_81' title='bbox 1094 2305 1158 2368; x_wconf 90' lang='lat' dir='ltr'><strong>sint</strong></span> <span class='ocrx_word' id='word_1_82' title='bbox 1188 2305 1287 2369; x_wconf 89' lang='lat' dir='ltr'><strong>ceteri</strong></span> 
     </span>
     <span class='ocr_line' id='line_1_11' title="bbox 153 2406 1288 2493; baseline 0 -22"><span class='ocrx_word' id='word_1_83' title='bbox 153 2406 351 2471; x_wconf 89' lang='lat' dir='ltr'><strong>saeculorum</strong></span> <span class='ocrx_word' id='word_1_84' title='bbox 381 2406 430 2471; x_wconf 88' lang='lat' dir='ltr'><strong>IV</strong></span> <span class='ocrx_word' id='word_1_85' title='bbox 461 2415 492 2470; x_wconf 92' lang='lat' dir='ltr'><strong>et</strong></span> <span class='ocrx_word' id='word_1_86' title='bbox 515 2406 546 2470; x_wconf 88' lang='lat' dir='ltr'><strong>V</strong></span> <span class='ocrx_word' id='word_1_87' title='bbox 576 2407 746 2493; x_wconf 86' lang='lat' dir='ltr'><strong>scriptores</strong></span> <span class='ocrx_word' id='word_1_88' title='bbox 776 2407 923 2489; x_wconf 81' lang='lat' dir='ltr'><strong>Romani,</strong></span> <span class='ocrx_word' id='word_1_89' title='bbox 954 2408 1095 2472; x_wconf 93' lang='lat' dir='ltr'><strong>nondum</strong></span> <span class='ocrx_word' id='word_1_90' title='bbox 1125 2409 1200 2472; x_wconf 87' lang='lat' dir='ltr'><strong>satis</strong></span> <span class='ocrx_word' id='word_1_91' title='bbox 1232 2431 1288 2471; x_wconf 87' lang='lat' dir='ltr'><strong>ex·</strong></span> 
     </span>
     <span class='ocr_line' id='line_1_12' title="bbox 152 2510 1286 2596; baseline 0 -22"><span class='ocrx_word' id='word_1_92' title='bbox 152 2511 312 2592; x_wconf 81' lang='lat' dir='ltr'><strong>ploratum</strong></span> <span class='ocrx_word' id='word_1_93' title='bbox 336 2516 392 2575; x_wconf 90' lang='lat' dir='ltr'><strong>est.</strong></span> <span class='ocrx_word' id='word_1_94' title='bbox 432 2510 483 2574; x_wconf 92' lang='lat' dir='ltr'><strong>Ad</strong></span> <span class='ocrx_word' id='word_1_95' title='bbox 506 2517 678 2596; x_wconf 81' lang='lat' dir='ltr'><strong>syntaxeos</strong></span> <span class='ocrx_word' id='word_1_96' title='bbox 695 2512 902 2576; x_wconf 89' lang='lat' dir='ltr'><strong>Ammianeaa</strong></span> <span class='ocrx_word' id='word_1_97' title='bbox 927 2534 1016 2576; x_wconf 89' lang='lat' dir='ltr'><strong>nsum</strong></span> <span class='ocrx_word' id='word_1_98' title='bbox 1039 2511 1286 2596; x_wconf 85' lang='lat' dir='ltr'><strong>perquirendum</strong></span> 
     </span>
     <span class='ocr_line' id='line_1_13' title="bbox 152 2602 1288 2699; baseline 0.004 -25"><span class='ocrx_word' id='word_1_99' title='bbox 152 2613 303 2698; x_wconf 85' lang='lat' dir='ltr'><strong>imprimis</strong></span> <span class='ocrx_word' id='word_1_100' title='bbox 327 2624 529 2679; x_wconf 90' lang='lat' dir='ltr'><strong>accesserunt</strong></span> <span class='ocrx_word' id='word_1_101' title='bbox 561 2650 600 2660; x_wconf 89' lang='lat'><strong>-·</strong></span> <span class='ocrx_word' id='word_1_102' title='bbox 634 2612 669 2679; x_wconf 87' lang='lat' dir='ltr'><strong>ut</strong></span> <span class='ocrx_word' id='word_1_103' title='bbox 696 2602 840 2679; x_wconf 84' lang='lat' dir='ltr'><strong>omittam</strong></span> <span class='ocrx_word' id='word_1_104' title='bbox 870 2615 1056 2699; x_wconf 88' lang='lat' dir='ltr'><strong>Hauptium,</strong></span> <span class='ocrx_word' id='word_1_105' title='bbox 1086 2615 1288 2696; x_wconf 84' lang='lat' dir='ltr'><strong>Langenum,</strong></span> 
     </span>
     <span class='ocr_line' id='line_1_14' title="bbox 153 2716 1286 2802; baseline 0.004 -23"><span class='ocrx_word' id='word_1_106' title='bbox 153 2716 329 2797; x_wconf 85' lang='lat' dir='ltr'><strong>Hertaium,</strong></span> <span class='ocrx_word' id='word_1_107' title='bbox 354 2716 646 2795; x_wconf 85' lang='lat' dir='ltr'><strong>Gardthausenum,</strong></span> <span class='ocrx_word' id='word_1_108' title='bbox 674 2719 729 2802; x_wconf 89' lang='lat' dir='ltr'><strong>qui</strong></span> <span class='ocrx_word' id='word_1_109' title='bbox 751 2719 949 2802; x_wconf 84' lang='lat' dir='ltr'><strong>potissimum</strong></span> <span class='ocrx_word' id='word_1_110' title='bbox 978 2719 1010 2782; x_wconf 95' lang='lat' dir='ltr'><strong>in</strong></span> <span class='ocrx_word' id='word_1_111' title='bbox 1034 2719 1203 2783; x_wconf 83' lang='lat' dir='ltr'><strong>Ammiano</strong></span> <span class='ocrx_word' id='word_1_112' title='bbox 1236 2720 1286 2783; x_wconf 89' lang='lat' dir='ltr'><strong>via</strong></span> 
     </span>
     <span class='ocr_line' id='line_1_15' title="bbox 153 2821 768 2886; baseline 0 -3"><span class='ocrx_word' id='word_1_113' title='bbox 153 2821 260 2885; x_wconf 88' lang='lat' dir='ltr'><strong>critica</strong></span> <span class='ocrx_word' id='word_1_114' title='bbox 284 2821 483 2885; x_wconf 81' lang='lat' dir='ltr'><strong>ernendaudo</strong></span> <span class='ocrx_word' id='word_1_115' title='bbox 506 2822 707 2886; x_wconf 87' lang='lat' dir='ltr'><strong>eminuerunt</strong></span> <span class='ocrx_word' id='word_1_116' title='bbox 732 2858 768 2866; x_wconf 93' lang='lat'><em>-</em></span> 
     </span>
    </p>

    <p class='ocr_par' dir='ltr' id='par_1_3' title="bbox 152 2923 1286 3114">
     <span class='ocr_line' id='line_1_16' title="bbox 259 2923 1285 3008; baseline 0.003 -21"><span class='ocrx_word' id='word_1_117' title='bbox 259 2924 290 3005; x_wconf 88' lang='lat'><strong>1)</strong></span> <span class='ocrx_word' id='word_1_118' title='bbox 314 2924 621 3008; x_wconf 85' lang='lat' dir='ltr'><strong>Kallenbergus</strong></span> <span class='ocrx_word' id='word_1_119' title='bbox 645 2923 874 3008; x_wconf 84' lang='lat' dir='ltr'><strong>(Quaestiones</strong></span> <span class='ocrx_word' id='word_1_120' title='bbox 896 2926 1122 3008; x_wconf 86' lang='lat' dir='ltr'><strong>grammaticae</strong></span> <span class='ocrx_word' id='word_1_121' title='bbox 1145 2928 1183 2990; x_wconf 86' lang='lat' dir='ltr'><strong>A.</strong></span> <span class='ocrx_word' id='word_1_122' title='bbox 1212 2926 1285 2990; x_wconf 89' lang='lat' dir='ltr'><strong>diss.</strong></span> 
     </span>
     <span class='ocr_line' id='line_1_17' title="bbox 152 3028 1286 3114; baseline 0.003 -22"><span class='ocrx_word' id='word_1_123' title='bbox 152 3029 260 3110; x_wconf 85' lang='lat' dir='ltr'><strong>inaug.</strong></span> <span class='ocrx_word' id='word_1_124' title='bbox 277 3028 427 3093; x_wconf 88' lang='lat' dir='ltr'><strong>Halensis</strong></span> <span class='ocrx_word' id='word_1_125' title='bbox 447 3028 556 3109; x_wconf 79' lang='lat'><strong>1868),</strong></span> <span class='ocrx_word' id='word_1_126' title='bbox 580 3030 631 3113; x_wconf 95' lang='lat' dir='ltr'><strong>qui</strong></span> <span class='ocrx_word' id='word_1_127' title='bbox 656 3029 696 3094; x_wconf 91' lang='lat' dir='ltr'><strong>de</strong></span> <span class='ocrx_word' id='word_1_128' title='bbox 721 3049 779 3092; x_wconf 88' lang='lat' dir='ltr'><strong>usu</strong></span> <span class='ocrx_word' id='word_1_129' title='bbox 800 3028 945 3092; x_wconf 86' lang='lat' dir='ltr'><strong>infinitivi</strong></span> <span class='ocrx_word' id='word_1_130' title='bbox 962 3029 1082 3114; x_wconf 91' lang='lat' dir='ltr'><strong>optime</strong></span> <span class='ocrx_word' id='word_1_131' title='bbox 1104 3029 1286 3114; x_wconf 86' lang='lat' dir='ltr'><strong>disputavit.</strong></span> 
     </span>
    </p>

    <p class='ocr_par' dir='ltr' id='par_1_4' title="bbox 150 3130 1281 3313">
     <span class='ocr_line' id='line_1_18' title="bbox 255 3130 1281 3217; baseline 0 -22"><span class='ocrx_word' id='word_1_132' title='bbox 255 3132 289 3212; x_wconf 85' lang='lat'><strong>2)</strong></span> <span class='ocrx_word' id='word_1_133' title='bbox 312 3131 640 3196; x_wconf 87' lang='lat' dir='ltr'><strong>Hassensteinus</strong></span> <span class='ocrx_word' id='word_1_134' title='bbox 673 3130 740 3214; x_wconf 86' lang='lat' dir='ltr'><strong>(De</strong></span> <span class='ocrx_word' id='word_1_135' title='bbox 770 3132 898 3217; x_wconf 88' lang='lat' dir='ltr'><strong>syntaxi</strong></span> <span class='ocrx_word' id='word_1_136' title='bbox 928 3132 969 3197; x_wconf 90' lang='lat' dir='ltr'><strong>A.</strong></span> <span class='ocrx_word' id='word_1_137' title='bbox 1003 3131 1046 3196; x_wconf 88' lang='lat' dir='ltr'><strong>M.</strong></span> <span class='ocrx_word' id='word_1_138' title='bbox 1079 3131 1153 3196; x_wconf 90' lang='lat' dir='ltr'><strong>diss.</strong></span> <span class='ocrx_word' id='word_1_139' title='bbox 1186 3131 1281 3215; x_wconf 85' lang='lat' dir='ltr'><strong>Regi·</strong></span> 
     </span>
     <span class='ocr_line' id='line_1_19' title="bbox 150 3236 436 3313; baseline 0 -13"><span class='ocrx_word' id='word_1_140' title='bbox 150 3244 302 3301; x_wconf 87' lang='lat' dir='ltr'><strong>montana</strong></span> <span class='ocrx_word' id='word_1_141' title='bbox 327 3236 436 3313; x_wconf 74' lang='lat'>1877).</span> 
     </span>
    </p>

    <p class='ocr_par' dir='ltr' id='par_1_5' title="bbox 149 3336 1284 3632">
     <span class='ocr_line' id='line_1_20' title="bbox 253 3336 1284 3423; baseline 0 -21"><span class='ocrx_word' id='word_1_142' title='bbox 253 3339 285 3418; x_wconf 80' lang='lat'><strong>3)</strong></span> <span class='ocrx_word' id='word_1_143' title='bbox 310 3337 591 3403; x_wconf 89' lang='lat' dir='ltr'><strong>Dederichsus</strong></span> <span class='ocrx_word' id='word_1_144' title='bbox 623 3336 852 3422; x_wconf 85' lang='lat' dir='ltr'><strong>(Quaestiones</strong></span> <span class='ocrx_word' id='word_1_145' title='bbox 886 3339 1095 3404; x_wconf 89' lang='lat' dir='ltr'><strong>Ammiaueac</strong></span> <span class='ocrx_word' id='word_1_146' title='bbox 1128 3359 1284 3423; x_wconf 87' lang='lat' dir='ltr'><strong>gramma·</strong></span> 
     </span>
     <span class='ocr_line' id='line_1_21' title="bbox 150 3441 1284 3527; baseline -0.001 -20"><span class='ocrx_word' id='word_1_147' title='bbox 150 3445 232 3507; x_wconf 88' lang='lat' dir='ltr'><strong>ticae</strong></span> <span class='ocrx_word' id='word_1_148' title='bbox 267 3451 298 3506; x_wconf 89' lang='lat' dir='ltr'><strong>et</strong></span> <span class='ocrx_word' id='word_1_149' title='bbox 332 3442 475 3522; x_wconf 83' lang='lat' dir='ltr'><strong>criticae3</strong></span> <span class='ocrx_word' id='word_1_150' title='bbox 510 3441 580 3506; x_wconf 90' lang='lat' dir='ltr'><strong>diss.</strong></span> <span class='ocrx_word' id='word_1_151' title='bbox 616 3441 872 3507; x_wconf 84' lang='lat' dir='ltr'><strong>Monosteriousis</strong></span> <span class='ocrx_word' id='word_1_152' title='bbox 900 3445 1005 3522; x_wconf 78' lang='lat'><strong>1878),</strong></span> <span class='ocrx_word' id='word_1_153' title='bbox 1041 3443 1093 3527; x_wconf 94' lang='lat' dir='ltr'><strong>qui</strong></span> <span class='ocrx_word' id='word_1_154' title='bbox 1116 3443 1284 3507; x_wconf 88' lang='lat' dir='ltr'><strong>nonnullas</strong></span> 
     </span>
     <span class='ocr_line' id='line_1_22' title="bbox 149 3545 709 3632; baseline 0 -21"><span class='ocrx_word' id='word_1_155' title='bbox 149 3556 258 3632; x_wconf 88' lang='lat' dir='ltr'><strong>partes</strong></span> <span class='ocrx_word' id='word_1_156' title='bbox 280 3552 457 3631; x_wconf 83' lang='lat' dir='ltr'><strong>syntaxeos</strong></span> <span class='ocrx_word' id='word_1_157' title='bbox 482 3545 568 3609; x_wconf 87' lang='lat' dir='ltr'><strong>verbi</strong></span> <span class='ocrx_word' id='word_1_158' title='bbox 592 3546 709 3630; x_wconf 84' lang='lat' dir='ltr'><strong>attigit.</strong></span> 
     </span>
    </p>

    <p class='ocr_par' dir='ltr' id='par_1_6' title="bbox 144 3648 1287 4360">
     <span class='ocr_line' id='line_1_23' title="bbox 252 3648 1287 3715; baseline 0.003 -3"><span class='ocrx_word' id='word_1_159' title='bbox 252 3648 304 3712; x_wconf 89' lang='lat' dir='ltr'><strong>De</strong></span> <span class='ocrx_word' id='word_1_160' title='bbox 326 3648 549 3713; x_wconf 86' lang='lat' dir='ltr'><strong>Hassensteini</strong></span> <span class='ocrx_word' id='word_1_161' title='bbox 579 3651 843 3715; x_wconf 85' lang='lat' dir='ltr'><strong>commentatione</strong></span> <span class='ocrx_word' id='word_1_162' title='bbox 875 3652 938 3714; x_wconf 88' lang='lat' dir='ltr'><strong>iarn</strong></span> <span class='ocrx_word' id='word_1_163' title='bbox 962 3650 1178 3714; x_wconf 88' lang='lat' dir='ltr'><strong>Dederichsus</strong></span> <span class='ocrx_word' id='word_1_164' title='bbox 1201 3657 1287 3715; x_wconf 87' lang='lat' dir='ltr'><strong>recte</strong></span> 
     </span>
     <span class='ocr_line' id='line_1_24' title="bbox 147 3753 1286 3842; baseline -0.001 -24"><span class='ocrx_word' id='word_1_165' title='bbox 147 3754 296 3830; x_wconf 86' lang='lat' dir='ltr'><strong>udicavit,</strong></span> <span class='ocrx_word' id='word_1_166' title='bbox 321 3775 391 3817; x_wconf 82' lang='lat' dir='ltr'><strong>curn</strong></span> <span class='ocrx_word' id='word_1_167' title='bbox 417 3753 536 3818; x_wconf 91' lang='lat' dir='ltr'><strong>diceret</strong></span> <span class='ocrx_word' id='word_1_168' title='bbox 558 3753 647 3838; x_wconf 88' lang='lat' dir='ltr'><strong>(pag.</strong></span> <span class='ocrx_word' id='word_1_169' title='bbox 674 3754 730 3837; x_wconf 82' lang='lat'><strong>2):</strong></span> <span class='ocrx_word' id='word_1_170' title='bbox 760 3758 833 3842; x_wconf 83' lang='lat' dir='ltr'><strong>,qui</strong></span> <span class='ocrx_word' id='word_1_171' title='bbox 856 3775 926 3819; x_wconf 85' lang='lat' dir='ltr'><strong>aum</strong></span> <span class='ocrx_word' id='word_1_172' title='bbox 949 3756 985 3819; x_wconf 85' lang='lat' dir='ltr'><strong>in</strong></span> <span class='ocrx_word' id='word_1_173' title='bbox 1000 3761 1095 3819; x_wconf 85' lang='lat' dir='ltr'><strong>totam</strong></span> <span class='ocrx_word' id='word_1_174' title='bbox 1119 3756 1286 3819; x_wconf 65' lang='lat' dir='ltr'><strong>enatet-iam</strong></span> 
     </span>
     <span class='ocr_line' id='line_1_25' title="bbox 147 3859 1287 3944; baseline 0.003 -25"><span class='ocrx_word' id='word_1_175' title='bbox 147 3859 355 3937; x_wconf 75' lang='lat' dir='ltr'><strong>syntecticam</strong></span> <span class='ocrx_word' id='word_1_176' title='bbox 384 3859 590 3942; x_wconf 79' lang='lat' dir='ltr'><strong>inquisiverit,</strong></span> <span class='ocrx_word' id='word_1_177' title='bbox 620 3865 653 3922; x_wconf 91' lang='lat' dir='ltr'><strong>ut</strong></span> <span class='ocrx_word' id='word_1_178' title='bbox 675 3860 829 3923; x_wconf 86' lang='lat' dir='ltr'><strong>uoauulta</strong></span> <span class='ocrx_word' id='word_1_179' title='bbox 852 3865 879 3924; x_wconf 90' lang='lat' dir='ltr'><strong>et</strong></span> <span class='ocrx_word' id='word_1_180' title='bbox 906 3880 942 3924; x_wconf 85' lang='lat' dir='ltr'><strong>ea</strong></span> <span class='ocrx_word' id='word_1_181' title='bbox 974 3859 1115 3944; x_wconf 76' lang='lat' dir='ltr'><strong>quietern,</strong></span> <span class='ocrx_word' id='word_1_182' title='bbox 1144 3879 1224 3943; x_wconf 84' lang='lat' dir='ltr'><strong>quae</strong></span> <span class='ocrx_word' id='word_1_183' title='bbox 1253 3860 1287 3922; x_wconf 85' lang='lat' dir='ltr'><strong>iu</strong></span> 
     </span>
     <span class='ocr_line' id='line_1_26' title="bbox 149 3962 1287 4048; baseline -0.001 -23"><span class='ocrx_word' id='word_1_184' title='bbox 149 3964 249 4026; x_wconf 88' lang='lat' dir='ltr'><strong>altera</strong></span> <span class='ocrx_word' id='word_1_185' title='bbox 268 3967 365 4045; x_wconf 83' lang='lat' dir='ltr'><strong>parte</strong></span> <span class='ocrx_word' id='word_1_186' title='bbox 384 3962 514 4044; x_wconf 85' lang='lat' dir='ltr'><strong>prolata</strong></span> <span class='ocrx_word' id='word_1_187' title='bbox 537 3968 621 4043; x_wconf 86' lang='lat' dir='ltr'><strong>suat,</strong></span> <span class='ocrx_word' id='word_1_188' title='bbox 652 3982 715 4026; x_wconf 85' lang='lat' dir='ltr'><strong>uon</strong></span> <span class='ocrx_word' id='word_1_189' title='bbox 747 3970 811 4026; x_wconf 89' lang='lat' dir='ltr'><strong>tam</strong></span> <span class='ocrx_word' id='word_1_190' title='bbox 841 3962 978 4028; x_wconf 84' lang='lat' dir='ltr'><strong>absolute</strong></span> <span class='ocrx_word' id='word_1_191' title='bbox 1008 3970 1215 4048; x_wconf 82' lang='lat' dir='ltr'><strong>accurateque</strong></span> <span class='ocrx_word' id='word_1_192' title='bbox 1237 3982 1287 4024; x_wconf 80' lang='lat' dir='ltr'><strong>ea·</strong></span> 
     </span>
     <span class='ocr_line' id='line_1_27' title="bbox 144 4065 1285 4150; baseline 0.001 -22"><span class='ocrx_word' id='word_1_193' title='bbox 144 4066 283 4147; x_wconf 82' lang='lat' dir='ltr'><strong>plicaret</strong></span> <span class='ocrx_word' id='word_1_194' title='bbox 305 4085 400 4149; x_wconf 85' lang='lat' dir='ltr'><strong>quam</strong></span> <span class='ocrx_word' id='word_1_195' title='bbox 423 4065 456 4128; x_wconf 87' lang='lat' dir='ltr'><strong>in</strong></span> <span class='ocrx_word' id='word_1_196' title='bbox 476 4065 586 4147; x_wconf 83' lang='lat' dir='ltr'><strong>priore</strong></span> <span class='ocrx_word' id='word_1_197' title='bbox 602 4065 834 4130; x_wconf 85' lang='lat' dir='ltr'><strong>dissertationis</strong></span> <span class='ocrx_word' id='word_1_198' title='bbox 846 4073 941 4149; x_wconf 83' lang='lat' dir='ltr'><strong>parte</strong></span> <span class='ocrx_word' id='word_1_199' title='bbox 954 4065 1086 4150; x_wconf 83' lang='lat' dir='ltr'><strong>factum</strong></span> <span class='ocrx_word' id='word_1_200' title='bbox 1103 4066 1176 4130; x_wconf 83' lang='lat' dir='ltr'><strong>est.“</strong></span> <span class='ocrx_word' id='word_1_201' title='bbox 1215 4065 1285 4140; x_wconf 86' lang='lat' dir='ltr'><strong>Qua</strong></span> 
     </span>
     <span class='ocr_line' id='line_1_28' title="bbox 148 4167 1285 4251; baseline 0.001 -19"><span class='ocrx_word' id='word_1_202' title='bbox 148 4190 183 4232; x_wconf 90' lang='lat' dir='ltr'><strong>re</strong></span> <span class='ocrx_word' id='word_1_203' title='bbox 215 4167 372 4232; x_wconf 90' lang='lat' dir='ltr'><strong>adductus</strong></span> <span class='ocrx_word' id='word_1_204' title='bbox 403 4176 452 4232; x_wconf 90' lang='lat' dir='ltr'><strong>est</strong></span> <span class='ocrx_word' id='word_1_205' title='bbox 474 4167 698 4251; x_wconf 87' lang='lat' dir='ltr'><strong>Dederichsus,</strong></span> <span class='ocrx_word' id='word_1_206' title='bbox 728 4179 764 4233; x_wconf 87' lang='lat' dir='ltr'><strong>ut</strong></span> <span class='ocrx_word' id='word_1_207' title='bbox 794 4169 946 4234; x_wconf 93' lang='lat' dir='ltr'><strong>nonnulla</strong></span> <span class='ocrx_word' id='word_1_208' title='bbox 976 4169 1016 4234; x_wconf 86' lang='lat' dir='ltr'><strong>ab</strong></span> <span class='ocrx_word' id='word_1_209' title='bbox 1052 4169 1285 4234; x_wconf 88' lang='lat' dir='ltr'><strong>Hassensteino</strong></span> 
     </span>
     <span class='ocr_line' id='line_1_29' title="bbox 147 4269 1286 4360; baseline 0.004 -25"><span class='ocrx_word' id='word_1_210' title='bbox 147 4271 275 4336; x_wconf 87' lang='lat' dir='ltr'><strong>brevius</strong></span> <span class='ocrx_word' id='word_1_211' title='bbox 308 4269 470 4357; x_wconf 88' lang='lat' dir='ltr'><strong>disputata</strong></span> <span class='ocrx_word' id='word_1_212' title='bbox 503 4278 699 4354; x_wconf 85' lang='lat' dir='ltr'><strong>retractaret,</strong></span> <span class='ocrx_word' id='word_1_213' title='bbox 733 4275 829 4360; x_wconf 85' lang='lat' dir='ltr'><strong>atque</strong></span> <span class='ocrx_word' id='word_1_214' title='bbox 866 4275 1022 4358; x_wconf 88' lang='lat' dir='ltr'><strong>imprimis</strong></span> <span class='ocrx_word' id='word_1_215' title='bbox 1057 4272 1286 4339; x_wconf 90' lang='lat' dir='ltr'><strong>condicionales</strong></span> 
     </span>
    </p>
   </div>
   <div class='ocr_carea' id='block_1_3' title="bbox 0 0 1482 4808">
    <p class='ocr_par' dir='ltr' id='par_1_7' title="bbox 0 0 1482 4808">
     <span class='ocr_line' id='line_1_30' title="bbox 0 0 1482 4808; baseline 0 2"><span class='ocrx_word' id='word_1_216' title='bbox 0 0 1482 4808; x_wconf 95' lang='lat' dir='ltr'><strong> </strong></span> 
     </span>
    </p>
   </div>
  </div>
 </body>
</html>
