2954 4816
675 292 743 381 [ss]
1234 293 1274 363 15

139 499 256 558 statum
284 491 431 556 reducere
454 497 487 555 et
508 492 543 554 in
562 491 736 573 pristinum
759 495 877 553 stotum
900 489 1039 571 redusit,
1062 488 1095 553 11
1119 491 1148 571 8,
1172 510 1219 575 pr.
1241 491 1275 553 in

139 598 293 660 meliorem
327 603 445 660 statum
477 594 679 674 deducimus,
708 593 745 656 II
769 594 825 670 20,
848 594 890 655 23
912 593 946 656 in
975 595 1131 659 meliorem
1158 600 1276 657 statum

139 701 347 785 reformatum
369 705 423 763 est.
468 699 506 762 In
529 697 634 762 locum
656 697 768 760 talium
796 696 1048 762 enuntiationum
1072 697 1276 761 substituitur

138 801 188 866 IV
206 806 268 883 2,1
294 805 405 868 metius
428 849 486 866 ...
511 798 782 873 constitutionibus
799 819 862 883 pro
884 800 944 864 hnc
962 808 1058 884 parte
1076 807 1275 886 prospectum

142 912 195 987 est,
218 914 252 971 ut

242 1014 270 1075 7.
315 1010 380 1074 Pro
398 1010 631 1094 furantium,
656 1007 741 1094 quod
765 1014 855 1072 extet
878 1008 912 1071 ΙΙ
936 1013 965 1086 6,
990 1013 1010 1074 4
1033 1011 1146 1097 quippe
1168 1029 1206 1071 ea
1228 1028 1278 1072 res

140 1116 174 1176 in
190 1114 308 1198 furti
328 1117 479 1179 uitium
501 1135 564 1178 non
588 1113 731 1177 ceciderit
747 1110 820 1195 (cir.
836 1114 1011 1176 testamenti
1026 1115 1076 1176 ius
1099 1114 1278 1177 uitiatur

143 1218 176 1281 ΙΙ
202 1222 251 1300 17,
270 1218 314 1303 1),
333 1219 451 1301 legitur
466 1217 516 1282 IV
534 1222 561 1297 1,
579 1219 618 1281 12
634 1238 685 1282 res
706 1218 739 1281 in
754 1218 784 1301 f
789 1218 966 1282 urticam
990 1238 1158 1282 consum
1182 1216 1277 1282 cadit.

672 1461 732 1544 §6

582 1573 832 1640 Adiectiva.

247 1746 275 1808 1.
321 1741 453 1805 Firmus
486 1741 511 1804 is
546 1746 609 1821 est,
646 1741 700 1825 qui
734 1739 865 1823 infringi
899 1761 962 1814 non
985 1746 1104 1827 potest:
1134 1740 1152 1805 I
1183 1744 1213 1821 2,
1238 1744 1274 1806 11

141 1847 312 1911 naturalia
341 1848 417 1909 iuro
536 1864 655 1927 semper
677 1843 818 1927 firmo
932 1851 1135 1926 perucanent3
1165 1844 1221 1908 cir.
1244 1845 1279 1908 ΙΙ

145 1954 249 2032 10,14
272 1956 486 2015 tentamentum
504 1949 681 2032 sirrnnn
705 1951 905 2012 constitutum
921 1946 933 2028 Η
949 1951 987 2012 21
1015 1949 1172 2032 ademptio
1194 1949 1278 2032 lepa-

142 2062 244 2120 torum
269 2106 276 2119 .
294 2105 302 2119 .
320 2104 327 2118 .
342 2054 481 2137 firma
497 2059 548 2116 est.
584 2052 657 2117 Vno
671 2074 731 2137 quo
753 2054 786 2116 in
802 2053 1027 2137 posterioribus
1039 2053 1128 2117 libris
1144 2054 1278 2118 occurrit

142 2160 212 2224 loco
228 2159 363 2223 eandem
385 2158 450 2221 vim
472 2156 570 2220 habet
592 2178 687 2241 quom
704 2156 862 2221 ‘robustus'
878 2157 943 2221 sive
966 2153 1103 2241 ‘corpore
1126 2156 1276 2221 validus':

143 2263 191 2327 IV
208 2266 237 2343 3,
254 2265 274 2325 8
291 2282 359 2325 cum
378 2263 461 2326 alius
474 2261 643 2342 firmior
659 2262 792 2325 retinere
806 2261 909 2325 mutas
921 2263 1074 2345 potuisset
1092 2258 1159 2346 (ὑφ’
1173 2259 1278 2344 ἑτέρου

142 2371 293 2446 μᾶλλον
315 2362 554 2445 εὖσθενοῦς).

246 2471 275 2534 2.
321 2467 482 2532 Adiectivi
505 2470 588 2532 latus
619 2466 656 2550 (i.
679 2489 708 2532 e.
731 2464 870 2554 ‘amplus’
893 2491 930 2533 uc
952 2476 1116 2554 tamquam
1139 2466 1279 2534 ‘volumi-

143 2569 270 2656 nosus'),
294 2573 378 2657 quod
401 2573 433 2636 in
455 2572 544 2636 libris
566 2572 583 2636 I
607 2578 638 2636 et
652 2572 687 2636 ΙΙ
709 2593 750 2636 ne
771 2573 870 2636 semel
893 2573 1021 2657 quidem
1043 2574 1172 2658 legitur,
1196 2595 1278 2638 oom-

143 2677 307 2760 psrativus
341 2677 373 2742 in
406 2676 525 2740 deliciis
559 2682 607 2739 est
639 2676 793 2739 librorum
827 2676 879 2740 III
913 2684 945 2741 et
979 2677 1028 2741 IV
1065 2678 1278 2763 compositori.

144 2780 256 2865 itaque
286 2780 304 2845 I
335 2783 392 2860 10,
424 2782 460 2843 11
493 2781 598 2844 ieiuna
629 2801 666 2843 ao
702 2780 839 2864 simplex
870 2781 906 2843 fit
940 2781 1162 2870 Digestorum,
1197 2801 1279 2866 quac

146 2886 205 2950 hoo
226 2884 300 2949 1000
325 2885 459 2970 primum
483 2885 629 2963 citantur,
652 2884 786 2947 mentio:
809 2887 943 2968 quasin
966 2885 1055 2948 tibris
1089 2886 1280 2969 dipestorum

143 3009 197 3052 scu
226 2989 459 3073 pandectarum
489 3010 526 3052 cn
557 2989 653 3051 reteri
679 2989 749 3051 inre
772 2988 970 3052 collecturum
1002 2991 1184 3053 enumerari
1210 3009 1281 3071 per·

147 3093 304 3174 minimum
328 3092 485 3176 eopiosior
508 3091 563 3154 ills
586 3096 643 3169 est,
667 3112 729 3175 qua
752 3097 931 3155 constanter
959 3099 1053 3176 utque
1077 3093 1117 3155 sd
1141 3091 1281 3157 taedium

145 3217 243 3279 usque
273 3202 404 3259 utuntur
434 3195 507 3258 libri
537 3194 590 3263 III
620 3201 652 3259 et
674 3193 738 3257 IV:
769 3194 820 3257 ΠΙ
847 3198 895 3277 12,
921 3217 967 3280 pr.
991 3196 1074 3280 quod
1096 3217 1134 3259 en
1156 3195 1281 3259 tatio-

145 3299 262 3363 ribus
294 3299 487 3383 dipestorum
512 3298 602 3362 tibris
632 3300 808 3382 perfectius
842 3299 1006 3382 apparebit
1030 3299 1043 3382 ΙΙ
1065 3299 1114 3363 Ν
1142 3302 1219 3380 6,2
1251 3301 1283 3362 iu

145 3403 376 3467 tutioribus
405 3403 600 3485 dipestorum
627 3402 716 3466 tibris
741 3404 753 3482 tt
776 3400 824 3464 Ν
849 3406 913 3483 6,5
939 3424 976 3467 ee
998 3405 1010 3468 t
1020 3406 1157 3467 otiare
1181 3404 1282 3487 dipes-

147 3513 249 3570 torum
287 3528 340 3570 scu
376 3507 606 3590 pandectarum
636 3508 791 3570 ootccmine
806 3504 871 3589 116,
903 3511 943 3571 37
975 3529 1013 3572 en
1052 3507 1284 3572 tutioribus

147 3610 340 3693 dipestorum
376 3609 465 3674 tibris
491 3609 502 3692 lt
530 3613 588 3691 13,
622 3613 641 3673 6
672 3632 710 3673 en
741 3610 966 3674 tutioribus
1003 3613 1196 3696 dipestornm
1229 3631 1284 3675 sen

143 3715 376 3798 pandectarum
399 3713 487 3778 tibris
508 3714 520 3796 ti
546 3718 601 3794 14,
625 3717 643 3777 3
667 3735 704 3777 en
725 3716 882 3780 tutiore
905 3716 1098 3799 dipestorurn
1120 3716 1283 3779 columine.
1378 3772 1384 3782 ,

147 3815 237 3882 Conf.
261 3819 358 3883 etiam
381 3816 502 3898 inirs§
529 3819 567 3880 14
593 3817 653 3881 sub
677 3818 783 3882 finem.

249 3924 280 3987 3.
324 3920 477 4005 Legimus
508 3921 636 4006 quidem
665 3921 700 3984 ΙΙ
723 3925 760 4001 9,
783 3925 803 3986 2
826 3944 863 3985 cn
892 3923 1182 3987 anterioribus
1214 3942 1284 3985 con·

147 4025 358 4090 stitutionibus
384 4026 397 4103 ΙΙ
423 4024 457 4088 Π
495 4028 544 4105 11,
578 4028 598 4088 6
633 4028 873 4090 anteriores
907 4027 1002 4110 depes,
1034 4049 1095 4111 quo
1125 4048 1196 4091 oum
1226 4048 1284 4090 usu

148 4130 292 4212 congruit
314 4127 367 4192 ΙΙΙ
390 4130 418 4208 2,
442 4130 485 4190 3·
515 4128 770 4212 iurisprudcntia
792 4132 899 4194 iunior
1000 4133 1205 4196 anterior.

250 4232 313 4297 sed
350 4233 404 4316 qui
435 4232 486 4295 ΙΙΙ
519 4236 555 4314 9,
588 4235 628 4296 12
659 4239 692 4297 et
714 4235 771 4313 23,
800 4237 820 4298 2
851 4242 1004 4299 vocentur
1042 4234 1285 4298 anteriores
1400 4235 1403 4247 '

144 4338 305 4419 principes
321 4334 365 4417 (oi
380 4334 498 4399 πάλαι
521 4338 675 4419 βασιλεῖς),
691 4337 788 4401 iidem
805 4339 939 4402 audiunt
953 4337 988 4402 ΙΙ
1005 4340 1034 4418 7,
1052 4340 1071 4402 2
1088 4359 1157 4403 cum
1173 4344 1286 4400 retro

96 4449 99 4454 ’
213 4449 217 4456 “
1166 4442 1183 4494 5
