2956 4822
631 312 721 396 [aar]
1202 313 1242 373 ra

107 508 209 571 minus
239 507 425 572 excellebat.
472 507 586 591 Neque
616 515 723 569 tamen
754 527 817 570 non
848 528 911 570 una
942 507 1084 570 alterave
1115 507 1245 569 circum·

106 613 224 677 locutio
248 613 391 697 speciose
414 613 488 675 ficta
511 610 559 674 his
584 612 613 672 in
638 609 830 674 carminibus
855 612 1000 674 occurrit.

211 717 295 781 Sane
329 717 359 780 in
392 718 539 780 carminis
572 715 722 779 Nemeaei
759 716 889 778 alterius
924 738 953 780 v.
990 719 1074 781 4-5
1109 714 1244 796 legimus

110 821 261 901 Νεμεαίου
285 823 318 883 ἐν
336 819 540 905 πολυυμνήτῳ
559 819 633 896 Διὸς
651 817 737 882 ἄλσει
762 819 932 899 (Nemeaei
948 821 978 882 in
996 819 1243 884 celebratissinru

108 924 232 1010 hymnis
256 925 342 988 Iunis
365 925 449 1005 locu)
474 945 530 1008 pru
555 927 680 987 numine
705 926 835 1008 proprio
852 923 1004 991 Ncmcne,
1027 945 1090 1009 quo
1109 925 1139 987 in
1158 946 1186 986 v.
1204 928 1244 987 23

108 1028 235 1092 demum
261 1029 335 1092 urbs
359 1043 501 1094 evocatur.
549 1029 616 1093 Nec
647 1030 750 1092 minus
783 1031 885 1114 quarti
920 1031 1066 1093 carminis
1090 1028 1246 1093 Nemeaei

107 1132 136 1194 in
163 1152 192 1198 v,
211 1135 249 1195 17
267 1133 427 1197 Pindarus
444 1133 586 1198 Nemeae
609 1157 724 1198 nomen
745 1135 848 1198 verbis
870 1134 1044 1196 Κλειονιιιόο
1063 1134 1115 1194 ἀπ’
1130 1132 1246 1214 ἀγῶνος

108 1237 259 1314 variavit,
291 1250 458 1323 postquam
489 1240 518 1301 in
544 1262 574 1303 v.
601 1243 619 1302 9
645 1238 798 1303 Nemeam
829 1238 891 1300 iarn
922 1239 1024 1321 ipsam
1048 1236 1244 1319 memoravit.
1333 1233 1339 1243 ’

108 1339 189 1402 Nam
213 1363 285 1404 cum
308 1343 502 1424 Cleonaeae,
534 1366 551 1406 a
585 1365 718 1427 quorum
751 1343 828 1406 urbe
862 1344 952 1405 lucus
976 1341 1155 1406 Nemeaeus
1181 1361 1244 1403 non

107 1444 204 1528 lunge
227 1447 347 1525 aberat,
372 1447 426 1510 diu
449 1448 612 1532 praesides
639 1448 787 1511 ludorum
818 1448 859 1510 ibi
890 1457 1115 1531 apparaturam
1148 1445 1245 1508 luisse

109 1570 149 1611 ex
173 1551 345 1616 scholiasta
369 1554 415 1636 (p.
434 1555 495 1616 425
514 1562 546 1617 et
564 1556 625 1616 426
643 1552 793 1634 Boeclrh)
817 1565 848 1615 et
866 1552 951 1615 l'lut.
969 1551 1033 1616 Vit.
1053 1553 1141 1614 Aret.
1160 1572 1186 1613 ο,
1204 1551 1245 1613 28

108 1666 306 1739 compertum
330 1655 513 1733 habeamus,
538 1656 667 1721 dubium
690 1677 752 1718 non
772 1665 830 1736 est,
856 1657 931 1740 quio
950 1655 1143 1719 Cleonaeum
1168 1651 1244 1715 illud

109 1767 281 1839 certamen,
307 1758 390 1823 unde
415 1781 603 1824 coronarum
628 1769 747 1823 sertum
773 1760 911 1823 carmine
926 1782 984 1824 suo
1002 1758 1114 1823 victori
1132 1757 1244 1820 deduci
1309 1810 1320 1830 ,

108 1862 264 1925 Pindarus
288 1863 449 1946 gloriatur,
474 1864 597 1928 Nemea
620 1863 833 1946 intellegenda
858 1864 929 1927 sint.

213 1965 356 2048 Accedit,
380 1968 464 2053 quod
490 1969 638 2032 carminis
661 1968 774 2032 decimi
801 1969 831 2031 in
856 1988 885 2032 v.
909 1970 950 2031 26
974 1966 1096 2029 Nemea
1120 1966 1245 2028 numine

108 2071 237 2154 proprio
261 2071 421 2156 appellata
444 2084 540 2154 poeta
565 2081 611 2136 ter
635 2073 696 2136 iam
720 2073 874 2136 victorem
902 2079 1021 2149 οερινοῖς
1043 2069 1190 2147 1δοιιείἱοις
1213 2071 1246 2131 ε’ν

109 2173 300 2260 Ἀδραστείῳ
325 2173 408 2261 νόμῳ
438 2197 586 2239 coronam
618 2176 766 2260 adeptum
799 2199 868 2241 esse
898 2178 927 2240 in
955 2199 983 2240 v.
1007 2178 1047 2238 28
1071 2174 1244 2258 praedicat.

110 2275 233 2349 Quibus
257 2277 361 2340 verbis
385 2277 495 2342 urbem
520 2278 673 2343 Nemeam
698 2281 851 2343 contineri
876 2280 1009 2343 allicitur
1031 2300 1069 2341 cx
1094 2279 1139 2353 iis,
1163 2297 1246 2360 quae

108 2382 251 2464 apposita
282 2389 375 2463 sunt,
407 2383 440 2444 εἶν
472 2382 659 2469 Ἀδραστείῳ
692 2381 784 2469 νόμῳ.
829 2381 912 2446 Nam
945 2404 1016 2446 cunr
1047 2393 1169 2465 septem
1201 2381 1244 2443 illi

108 2485 224 2548 heroes
250 2508 289 2547 ex
306 2485 530 2569 Peloponneso
556 2493 662 2551 contra
679 2486 808 2551 Thebas
831 2488 966 2572 proiecti
988 2486 1070 2567 apud
1089 2485 1243 2548 Nemeum

109 2587 344 2669 consedissent,
367 2595 399 2653 et
423 2589 655 2666 Archemorus,
678 2591 815 2675 Lycurgi
840 2591 940 2670 filius,
966 2589 1040 2653 dum
1069 2587 1245 2674 Hypsipyle

108 2712 209 2771 serva,
222 2693 271 2756 eui
287 2691 445 2755 curandus
458 2714 537 2776 puer
550 2702 619 2756 erat
632 2694 777 2770 traditus,
790 2694 849 2757 illis
860 2694 977 2759 fontem
991 2692 1138 2770 ostendit,
1152 2713 1244 2754 aser·

108 2805 205 2880 pente
231 2803 314 2860 esset
330 2805 473 2877 necatus,
496 2797 633 2861 Adrasto
650 2798 771 2881 Argiuo
789 2807 919 2862 auctore
935 2799 965 2860 in
983 2799 1072 2882 pueri
1092 2797 1243 2861 honorem

109 2897 232 2962 Nemea
248 2900 375 2965 condita
394 2924 463 2965 esso
479 2901 637 2979 feruntur,
655 2910 685 2965 et
703 2908 787 2964 certe
803 2911 915 2986 postea
932 2923 1055 2987 quoque
1071 2899 1245 2964 secundum

107 3003 210 3086 legam
234 3007 275 3066 ah
298 3003 438 3067 Adrasto
464 3005 641 3068 institutam
666 3006 839 3068 certamina
863 3005 1016 3090 disposita
1041 3004 1244 3089 putabantur.

108 3109 233 3174 Deinde
256 3111 286 3174 in
311 3132 340 3177 v.
359 3117 395 3175 41
416 3112 572 3176 Pindarus
598 3112 703 3174 denuo
728 3133 785 3195 per
802 3114 952 3195 ambages
968 3133 1084 3176 nomen
1104 3110 1243 3174 Nemeac

108 3214 240 3278 reddere
273 3216 402 3293 maluit,
439 3217 491 3279 ubi
528 3217 676 3279 victorias
712 3217 867 3280 maiorum
902 3215 1019 3279 Thesei
1056 3236 1243 3278 enumerans

108 3319 284 3381 exclamat:
329 3321 511 3402 νικαφορίαις
543 3317 598 3400 γάρ
636 3318 720 3396 ὅσαις
761 3321 906 3400 Προίτοιο
944 3321 1012 3383 τόδ’
1054 3319 1245 3404 ἱπποτρόφον

107 3419 184 3484 doto
201 3421 340 3503 θάλησεν
356 3424 517 3503 Κορίνθου
533 3424 559 3484 τ’
577 3426 609 3487 ἓν
623 3431 734 3505 μυχοῖς
757 3426 804 3486 καί
827 3426 1009 3487 Κλειονιιιίον
1031 3422 1104 3503 προς
1126 3423 1247 3504 ἀνδροῖν

108 3524 252 3604 τετράκις.
305 3522 385 3589 Num
418 3528 563 3591 victorias
599 3527 668 3591 illas
701 3527 785 3613 apud
813 3528 991 3593 Cleonacos
1024 3531 1107 3592 viros
1138 3536 1246 3612 partas

108 3649 163 3692 eas
204 3652 288 3711 csse,
329 3646 407 3715 quas
444 3629 565 3693 Theaci
603 3653 681 3715 gens
718 3630 861 3696 Nemeae
898 3633 1015 3716 adepta
1054 3641 1138 3710 crat,
1177 3632 1245 3713 quis

108 3754 169 3795 non
194 3735 324 3812 sentiet,
357 3735 381 3798 si
412 3735 539 3815 quidem
565 3755 619 3813 ea,
651 3757 733 3819 quae
757 3758 853 3820 supra
883 3736 922 3800 dc
954 3738 1184 3801 Cleonacurum
1215 3737 1244 3799 in

107 3838 331 3900 certaminibus
362 3837 530 3901 Neureaeis
560 3838 721 3921 praesidio
756 3843 980 3924 exposuimus,
1019 3839 1244 3926 perpenderit?

108 3940 262 4005 Consulto
287 3949 393 4005 autem
419 3940 561 4006 Nemeae
583 3963 698 4006 nomen
724 3944 826 4009 tribus
857 3945 905 4008 his
936 3965 973 4007 ac
1004 3944 1134 4008 diversis
1158 3944 1244 4006 locu·

108 4044 247 4108 tionibus
271 4066 290 4108 a
314 4044 453 4108 Pindaro
478 4066 663 4129 expressum
689 4068 758 4111 esse
783 4049 956 4111 clarissime
979 4068 1019 4110 ex
1043 4069 1080 4112 eo
1098 4045 1244 4111 concludi

107 4169 201 4232 posse
225 4149 358 4227 videtur,
383 4148 468 4234 quod
493 4148 605 4211 Isthmi
630 4171 760 4235 qnoque
784 4173 898 4215 nomen
921 4152 1010 4234 quasi
1035 4173 1106 4213 curn
1123 4150 1245 4213 Nemea

107 4255 375 4317 communicatum
394 4264 442 4318 ter
459 4253 619 4316 diversum
637 4255 667 4316 in
684 4255 813 4318 modum
831 4254 968 4318 reddidit
981 4257 1011 4317 in
1024 4255 1085 4318 hoc
1098 4255 1245 4327 carmine,

111 4357 230 4442 quippe
254 4355 338 4437 quod
365 4378 423 4421 nun
449 4356 487 4418 ad
506 4378 599 4420 unam
621 4365 803 4442 certamque
820 4360 985 4422 victoriam
1001 4357 1245 4443 praedicandam
