2956 4822
147 334 149 342 ·
182 315 223 376 56
708 301 799 388 [152]

186 503 265 567 Mihi
288 495 416 586 quidem
439 496 652 584 Lysimachus
680 518 812 582 prorsus
835 496 927 561 aliter
950 490 1021 562 cum
1045 497 1195 583 Ephesiis
1220 498 1327 582 egisse

182 607 320 670 uidetur.
352 604 434 668 Nam
459 604 535 687 quin
557 623 622 666 non
640 602 739 666 solum
757 600 861 683 sedes,
885 601 941 666 sed
964 603 1059 666 etiam
1082 602 1326 687 rempublicam

182 709 398 796 Ephesiorum
421 707 655 788 immutauerit,
686 705 824 769 dubitari
852 726 916 769 non
939 713 1055 790 potest.
1103 706 1231 780 Quare
1255 707 1327 770 illu·

182 821 310 896 stratur,
336 833 431 898 quam
447 818 524 888 arte,
549 818 699 894 utsupra
724 811 910 894 significaui,
935 811 1109 874 ciuitatium
1134 811 1324 895 synoecismi

185 940 257 983 eum
294 916 468 981 commodis
501 937 633 1000 regum,
669 915 867 994 ciuitatium,
906 916 1045 997 partium
1080 915 1221 980 ciuilium
1256 936 1328 999 per·

182 1022 353 1107 sequendis
373 1021 535 1085 coniuncti
552 1042 624 1085 esse
640 1019 773 1084 soleant.
807 1018 887 1082 (ium
905 1021 988 1083 enim
1004 1021 1208 1106 popularium
1227 1021 1325 1104 potis·

182 1127 296 1191 simum
320 1132 525 1212 potestatem,
548 1146 623 1189 eum
638 1123 795 1188 Demetrii
818 1123 914 1188 rebus
938 1125 1047 1189 intime
1072 1125 1326 1204 coniunctorum,

184 1253 280 1316 quam
305 1232 443 1295 maxime
467 1230 644 1294 diminuere
667 1228 777 1309 uellet,
807 1249 894 1291 noua
923 1228 1056 1313 collegia
1087 1229 1254 1311 instituit¹,
1285 1248 1327 1292 ex

184 1335 392 1419 optimatibus
415 1336 581 1412 nimirum,
610 1332 767 1415 γερουσίαν
790 1332 908 1398 scilicet
932 1340 964 1397 et
988 1331 1181 1416 ἐπικλήτους,
1211 1332 1327 1418 quibus

184 1460 324 1505 summas
347 1441 485 1504 ciuitatis
508 1461 558 1503 res
581 1437 795 1502 moderandas
812 1436 970 1501 tradidit2.
1016 1438 1124 1523 Atque
1143 1439 1328 1501 immutasse

182 1542 410 1629 Lysimachum
432 1566 517 1609 anno
536 1546 599 1609 302
617 1542 831 1627 Ephesiorum
854 1563 921 1606 rem
938 1541 1096 1626 publicam
1112 1542 1206 1606 etism
1223 1542 1327 1627 Droy·

183 1668 278 1711 senus
310 1648 360 1730 (II
384 1651 413 1730 2,
438 1647 517 1730 211)
542 1653 575 1711 11
597 1646 732 1711 Guhlius
763 1644 1051 1729 (1153111123)
1082 1651 1327 1730 perspexerunt.

112 1833 119 1844 ·
185 1752 328 1836 Collegia
351 1758 458 1816 autem
482 1753 538 1816 illa
562 1752 601 1816 de
626 1751 741 1836 quibus
757 1750 873 1816 Strabo
898 1752 1050 1814 certiores
1076 1770 1133 1814 nos
1158 1749 1242 1827 facit,
1265 1749 1328 1812 huc

183 1856 351 1921 referenda
374 1873 455 1939 esse,
480 1857 659 1920 luculenter
683 1864 816 1940 apparet
840 1876 857 1919 e
876 1855 969 1919 titulo
986 1854 1123 1939 quodam
1140 1853 1326 1917 Woodiano

184 1960 302 2045 (Inscr.
327 1960 408 2025 from
432 1961 487 2025 the
510 1961 629 2045 temple
647 1961 684 2024 of
696 1959 802 2023 Diana
817 1982 848 2024 n,
869 1962 906 2023 19
924 1988 965 2011 =
981 1957 1123 2023 Dittenb.
1142 1958 1220 2044 Syll.
1239 1957 1328 2043 134),

183 2067 216 2130 in
240 2086 303 2152 quo
327 2073 457 2130 senatus
487 2066 691 2150 populusque
715 2067 827 2147 (βουλή
850 2066 898 2128 καί
921 2063 1328 2148 1ῆ,11ος)110111110111111111

184 2171 379 2234 auctoritate
402 2176 457 2252 τῆς
481 2171 636 2252 11100001ος
655 2172 703 2233 καὶ
720 2176 780 2232 rain
797 2167 966 2253 ἐπικλήτων
982 2169 1204 2254 Euphronium
1229 2190 1328 2253 quen·
1364 2220 1377 2228 .

186 2272 258 2337 dam
281 2272 424 2354 laudant,
454 2273 540 2358 quod
564 2275 679 2357 legatis
702 2295 721 2337 a
744 2274 885 2362 γερουσίᾳ
910 2281 942 2337 11
966 2272 1136 2357 intulatur
1166 2272 1205 2337 ad
1230 2273 1328 2336 Pro·

185 2377 349 2461 pelaum
373 2377 478 2441 missis
502 2377 606 2440 officia
626 2376 783 2461 quaedam
808 2377 1010 2459 praestiterit.
1055 2376 1128 2441 Hoc
1152 2378 1250 2461 igitur
1274 2377 1329 2441 de·

185 2489 307 2546 oretum
338 2479 456 2544 factum
491 2485 539 2545 est
575 2501 612 2543 eo
652 2486 795 2566 tempore
833 2501 895 2564 quo
934 2481 1110 2565 Prepelaus
1145 2481 1329 2566 Lysimachi

183 2585 311 2649 nomine
335 2585 366 2649 in
388 2584 480 2648 Ionia
502 2583 715 2668 imperitabat,
739 2605 835 2669 quern
859 2605 935 2650 uere
958 2586 1111 2650 1111111302
1135 2606 1173 2649 10
1196 2586 1327 2650 missum

184 2710 254 2754 esse
285 2687 442 2752 1011111113.
489 2687 602 2773 Itaque
635 2708 706 2751 cum
736 2689 875 2753 omnium
907 2689 1072 2753 titulorum
1102 2688 1327 2774 Ephesiorum,

184 2797 345 2878 quotquot
375 2790 452 2854 mihi
481 2791 702 2875 innotuerunt,
733 2792 764 2855 in
792 2792 854 2856 hoo
886 2792 952 2857 solo
983 2793 1124 2875 γερουσία
1156 2814 1220 2856 una
1254 2812 1327 2858 cum

288 3071 296 3106 ¹
321 3070 419 3123 Strabo
447 3069 515 3122 XIV
542 3086 567 3136 p.
592 3067 657 3121 640:
682 3069 713 3135 ἦν
738 3071 766 3121 δὲ
791 3078 903 3144 γερουσία
929 3080 1148 3142 καταγραφυμίνη,
1173 3078 1273 3133 τούτοις
1297 3076 1327 3127 δὲ

182 3154 305 3224 corporay
324 3160 347 3210 oi
366 3159 493 3225 ἒπίκλητοι
513 3154 657 3222 καλούμενοι
676 3164 714 3208 rari
735 3158 842 3226 διῴκουν
861 3162 953 3210 adarca

287 3245 378 3297 ¹Hoc
405 3245 568 3296 modorum
588 3243 687 3295 merito
715 3258 808 3295 omnes
838 3245 894 3295 fere
913 3245 1035 3297 homines
1062 3245 1135 3297 docti
1156 3261 1215 3297 eum
1235 3247 1326 3301 locum

183 3333 359 3400 interpretati
374 3338 475 3396 esseut,
496 3332 601 3382 trustra
621 3330 765 3382 oblocutus
785 3335 826 3382 est
840 3331 1073 3397 Dittenbergerus,
1094 3334 1139 3400 qni
1160 3333 1194 3384 ad
1214 3334 1326 3385 titulum

184 3420 253 3486 Syll.
276 3418 324 3471 134
344 3419 378 3484 (p.
397 3418 460 3483 216)
479 3419 547 3469 haec
567 3417 727 3470 aduolauit:
748 3433 798 3482 ,ex
816 3419 868 3469 hoc
890 3416 971 3471 titulo
991 3424 1106 3486 apparet
1125 3418 1185 3472 111111
1206 3422 1326 3488 Droyse·

182 3521 246 3556 num
266 3505 393 3557 11111111
416 3506 438 3568 1,
451 3505 486 3559 33
504 3505 595 3568 (immo
615 3504 686 3569 112,
706 3504 769 3568 1111)
789 3509 816 3554 11
836 3506 964 3558 Guhlium
984 3506 1084 3571 pres,
1104 3524 1129 3570 p.
1149 3506 1256 3574 coqu
1276 3509 1326 3560 hos

181 3592 359 3657 magistratus
378 3592 573 3658 alaysimacho
592 3591 697 3643 demum
713 3593 855 3644 institutos
875 3593 1039 3645 existimant.
1070 3594 1165 3660 Neque
1184 3594 1211 3645 111
1225 3595 1323 3647 Strabo

181 3676 273 3731 dicit.¹‘
305 3679 402 3746 Neque
416 3678 487 3729 eninr
502 3694 556 3744 quo
570 3678 650 3729 modo
669 3695 703 3730 cx
718 3695 750 3729 eo
770 3679 849 3729 titulo
865 3679 917 3730 hoc
931 3684 1072 3744 appareat,
1092 3681 1324 3747 Dittenbergerus

181 3766 325 3831 exposuit,
354 3769 382 3816 11
407 3763 551 3816 Strabonis
579 3764 632 3816 arti
658 3762 796 3816 scribendi
825 3781 919 3830 parum
946 3764 1010 3817 fidei
1035 3766 1151 3827 habeas,
1178 3768 1199 3818 si
1226 3766 1324 3822 credas

182 3858 284 3902 temere
304 3867 363 3902 eum
384 3851 534 3902 narrationi
554 3852 717 3917 synoecismi
738 3851 908 3917 Lysimachei
929 3852 1000 3903 hano
1014 3867 1068 3903 rem
1088 3852 1253 3918 adseruisse,
1272 3854 1323 3906 uisi

181 3935 298 4005 quodam
319 3937 399 3990 modo
426 3953 485 3989 oum
505 3937 677 4004 synoecismo
698 3937 869 3990 instituendo
896 3954 954 3991 eam
974 3939 1147 3991 coniunctam
1166 3939 1251 3993 luisse
1270 3928 1323 3994 sibi

181 4024 373 4091 persuasisset.

284 4110 294 4144 ³
314 4109 392 4162 Diod.
412 4110 465 4163 XX
487 4111 542 4163 107.
576 4110 672 4179 Neque
692 4110 761 4162 enim
782 4111 817 4163 ad
837 4128 937 4163 annum
956 4128 981 4164 a.
996 4112 1023 4165 0.
1042 4111 1094 4166 314
1119 4114 1191 4166 huno
1212 4115 1319 4167 titulum

178 4194 356 4249 referendum
375 4212 445 4261 esse,
465 4214 518 4265 quo
539 4214 611 4251 auno
626 4199 779 4265 Prepolsus
794 4215 810 4250 a
824 4197 981 4250 Cassandro
999 4201 1027 4250 in
1040 4199 1147 4253 Cariam
1167 4202 1263 4254 missus
1282 4210 1321 4273 est

179 4281 356 4347 (1110111111
375 4282 416 4345 38,
436 4284 464 4348 ὁ)
483 4299 517 4337 ex
537 4285 576 4337 eis
595 4300 666 4356 quae
686 4283 766 4337 modo
785 4286 900 4355 exposui
920 4285 1104 4355 intellegitur.
1141 4287 1175 4340 cl.
1199 4288 1321 4359 Drapseu

180 4367 254 4423 Holl.
271 4369 300 4422 11
319 4368 344 4436 2,
362 4367 414 4425 102
432 4371 495 4425 ada.
