2962 4800
232 276 273 339 42
764 274 831 358 [33]

232 466 358 551 Fragm.
372 465 447 532 Oist.
461 487 511 550 ap.
526 466 624 532 Prisc.
638 465 696 550 Ip.
714 468 773 529 114
787 465 830 531 Η.
874 464 1053 529 Adbinnire
1075 469 1236 550 equolam
1257 490 1395 553 possum

743 591 798 654 eqo
820 569 912 652 banc,
926 572 963 646 31
983 569 1076 633 detur
1098 571 1176 633 sola
1200 573 1283 637 soli.

333 691 406 757 Hoc
435 691 647 776 fragmentum
678 691 710 755 in
740 691 856 757 codicis
885 692 1030 776 rescripti
1059 691 1287 758 Ambrosiani
1320 694 1393 759 reli·

230 795 311 878 quiis
327 795 371 882 (p.
385 797 446 860 309
460 816 541 860 vers.
555 794 588 877 4)
605 795 743 879 dispexit
765 796 943 860 Guilelmus
964 794 1186 876 Studemund3
1218 797 1277 861 A¹¹
1299 820 1392 883 pror·

230 921 284 963 sus
308 901 465 964 consentit
489 919 558 963 cum
581 899 735 963 Prisciani
759 899 905 965 lectione.

229 1018 321 1084 Most.
344 1023 406 1084 351
476 1018 540 1084 Nee
557 1019 652 1084 Solus
675 1019 762 1085 nobis
780 1022 879 1085 saluti
893 1022 958 1084 iarn
973 1040 1045 1103 esse,
1068 1023 1243 1105 sicrrpiat,
1265 1031 1387 1107 potest.

230 1122 297 1188 Mil.
322 1125 384 1187 764
902 1123 1006 1187 Hand
1029 1129 1275 1190 centensnrnam

539 1227 669 1293 Partem
683 1227 754 1291 diei
769 1234 869 1313 atque,
893 1229 987 1292 otinm
1001 1216 1155 1310 <mibi>si
1169 1230 1228 1311 sit,
1245 1251 1384 1315 possum

1068 1352 1270 1415 expromere.

233 1436 335 1501 Poen.
359 1437 419 1499 351
487 1432 540 1499 Sei
561 1436 687 1518 copias,
720 1455 831 1499 ennom
852 1435 934 1499 bane
955 1434 1062 1511 faeere
1093 1438 1258 1519 conpendi
1275 1445 1381 1522 potes.

231 1539 323 1604 Cure.
348 1541 410 1603 246
486 1538 582 1608 Potin
605 1540 814 1602 coniecturam
830 1539 952 1621 fecere,
975 1540 1004 1602 31
1026 1559 1155 1603 narrem
1177 1539 1269 1604 tibi?

231 1643 318 1708 Trin.
342 1645 405 1707 414
485 1641 560 1706 Non
582 1641 638 1705 tibi
659 1642 741 1705 illnd
764 1643 930 1727 adparere,
953 1645 981 1706 31
1001 1664 1117 1725 snmos,
1136 1651 1256 1727 potest.

232 1745 347 1811 Bacch.
370 1748 433 1810 479
488 1744 609 1810 Nullon
642 1753 736 1829 poeto
773 1767 824 1810 res
861 1747 1015 1811 mandata
1049 1753 1151 1830 potest
1187 1751 1270 1833 aqi,
1312 1754 1380 1816 nisi

1088 1851 1265 1917 identidem

489 1952 608 2017 Monns
621 1954 718 2038 ferat
740 1954 784 2018 ud
802 1955 969 2039 pupillos?

334 2092 447 2137 manns
461 2073 556 2157 ferat
579 2074 622 2137 od
641 2076 786 2159 papillas
817 2074 908 2141 codd.
933 2082 964 2140 et
986 2074 1127 2158 Ritsohl;
1158 2075 1203 2140 ad
1224 2080 1375 2162 papillae

233 2196 349 2240 manne
362 2175 456 2259 ferat
479 2176 558 2240 Brix
581 2183 612 2242 et
636 2177 832 2244 Fleckeisen.

231 2295 288 2360 As.
314 2299 373 2361 164
491 2297 584 2362 Solos
599 2301 627 2362 31
642 2299 772 2381 ductam,
788 2300 911 2384 referre
925 2303 1065 2384 qratiam
1080 2320 1256 2386 nunqnam
1273 2312 1372 2388 potes.

235 2398 326 2465 Cure.
349 2402 412 2464 268
489 2400 648 2485 Siquidem
670 2403 819 2468 incubare
840 2407 893 2489 qni
911 2405 1113 2488 periurarint
1135 2405 1243 2487 velint,

385 2569 387 2573 ,
488 2504 592 2569 Loens
613 2527 675 2571 non
696 2506 843 2591 praeberi
861 2509 946 2591 ports
968 2509 1067 2573 estin
1091 2507 1259 2591 Capitolio.

230 2609 329 2674 Poen.
353 2609 415 2671 864
598 2610 687 2673 illmn
709 2618 744 2674 nt
762 2612 902 2694 perdant
922 2611 1031 2691 facere
1050 2632 1190 2698 poserem,
1215 2617 1247 2678 si
1269 2617 1371 2681 veiim.

538 2732 668 2795 possum
689 2715 759 2795 AB,
777 2717 898 2800 possim
921 2715 978 2780 OD
1002 2717 1093 2781 male.

232 2814 332 2880 Persa
355 2817 396 2879 40
487 2814 674 2899 Inpudens?
711 2819 787 2902 quin
817 2821 845 2882 31
881 2826 997 2904 3933131
1027 2826 1108 2883 totns
1140 2840 1286 2905 baneam,
1318 2826 1373 2889 vic

991 2923 1090 3006 recipi
1108 2925 1194 3007 potis
1216 2932 1266 2990 est

488 3022 578 3102 Qnod
600 3030 635 3087 tn
656 3045 702 3088 me
723 3044 830 3110 royac.

233 3123 303 3189 Cas.
326 3124 362 3188 II
386 3127 458 3207 5,6
493 3127 575 3206 erin
598 3128 627 3190 si
648 3134 682 3191 tn
705 3130 786 3193 nolis
809 3180 816 3193 .
842 3181 849 3194 .
874 3179 896 3212 .,

493 3228 564 3293 Uno
587 3230 690 3294 libello
711 3232 789 3296 liber
806 3254 936 3318 poserem
948 3236 1036 3317 fieri.

232 3328 306 3393 Aul.
329 3333 392 3394 558
489 3331 575 3410 Quae
597 3336 640 3397 rni
663 3335 843 3401 interbibere
865 3339 931 3401 3313
953 3340 982 3401 31
1002 3339 1074 3400 nino
1096 3345 1211 3422 scatet,

490 3434 731 3503 Corinthiensem
748 3439 874 3523 fontem
897 3440 1049 3504 Pirenam
1070 3447 1179 3524 potest.

334 3560 438 3617 scatet
467 3552 654 3621 Gulielmius
678 3567 710 3624 31
733 3559 917 3641 Lambinus,
948 3566 1044 3624 scatet
1076 3559 1184 3627 BDJ.
1240 3561 1372 3631 Tertiae

234 3657 464 3741 coniugationis
495 3657 614 3741 forma,
644 3683 726 3746 qnae
755 3684 851 3728 versu
880 3664 1065 3747 requiritur,
1095 3663 1179 3749 apud
1213 3666 1372 3733 Plautum

233 3781 295 3823 non
327 3759 451 3825 videtur
483 3770 609 3828 exstare
639 3766 696 3831 nisi
728 3766 892 3833 hocloco.
938 3769 975 3833 In
999 3769 1117 3834 Persae
1140 3769 1224 3834 euim
1248 3791 1281 3836 v.
1308 3775 1371 3838 117

233 3865 390 3930 secundae
422 3866 653 3950 coniugationis
685 3871 786 3937 forma
809 3874 941 3956 legitur:
964 3874 1066 3939 Amas
1090 3875 1146 3958 poi
1172 3876 1294 3940 misero
1311 3879 1373 3942 :id

233 3975 304 4033 tnna
334 3974 431 4033 scatet
462 3971 594 4037 nnirnns.
640 3975 763 4041 Verum
794 3979 943 4044 Lucretio
973 3979 1060 4043 illam
1088 3980 1239 4043 usitatam
1270 3980 1373 4047 luisse

233 4071 399 4136 adnotavit
421 4069 549 4155 Ussing.

232 4200 289 4265 As,
315 4193 375 4255 153
495 4190 598 4259 Unum
621 4199 760 4286 qnodque
774 4204 908 4267 istornm
921 4202 1046 4269 verbnm
1062 4201 1195 4266 nmnrnis
1211 4201 1373 4290 Philippis

1153 4326 1265 4371 onrers
