2948 4808
250 250 288 313 ιο
693 284 734 297 -
781 244 845 336 [aa]
892 220 932 297 ..‘

332 441 425 506 Inter
454 446 568 507 versos
598 444 640 506 ex
670 441 788 506 iambis
821 441 1008 506 maximam·
1029 447 1155 527 partem
1189 415 1386 526 compositos

247 547 453 612 choriambus
476 568 534 633 pro
557 544 698 610 diiambo
721 546 841 630 legitur
918 574 920 579 s

557 665 705 753 onoepn.
729 669 912 731 ιιι-ουκ
930 668 1072 729 sl-osz

401 772 544 863 [τοιάνδε
565 772 658 864 χάριν
680 770 834 864 ἀχάριτον
856 769 1052 870 ἀπότροπον
1073 777 1190 856 κανιῦν,
1276 819 1278 822 <

404 877 443 948 iol
467 886 545 969 χαῖα
567 874 676 966 μαῖα,γ
685 866 826 966 μωμένα
842 874 874 965 μ’
903 876 1007 946 ἰάλλει
1351 912 1380 949 ss

401 981 544 1065 δύσθεος
565 979 658 1071 γυνά·
682 985 850 1073 φοβοῦμαι
874 978 992 1062 &abac
1012 976 1083 1049 τόδ’
1109 980 1269 1068 ἐκβαλεῖν.

401 1085 436 1155 τί
458 1085 520 1175 γὰρ
542 1084 657 1175 λύτρον
679 1084 839 1168 πεσόντος
862 1089 1003 1172 αἵματος
1025 1084 1142 1166 πίδοι,·

403 1188 444 1258 la)
467 1189 625 1275 πάνοιζυς
647 1188 751 1273 ἑστία,

402 1291 442 1362 iai
464 1294 678 1383 κατασκαφαὶ
701 1290 820 1379 δόμων.

282 1437 289 1449 ·
401 1393 528 1490 άνήλιοι
550 1397 789 1488 βροτοστυγεῖς]
877 1464 880 1467 ,
915 1433 918 1437 ·
998 1462 999 1465 ,

402 1499 519 1592 δνόφοι
542 1499 746 1569 καλύπτουσι
769 1497 891 1587 δόμους

402 1604 585 1694 [δεσποτῶν
607 1602 812 1691 θανάτοισι]

248 1729 339 1793 cuius
373 1730 525 1816 strophae
559 1750 674 1794 versus
714 1732 755 1793 52
772 1760 811 1783 =
829 1731 870 1792 64
902 1726 1152 1813 aWestphalio
1165 1727 1190 1809 1)
1218 1733 1252 1792 et
1279 1728 1385 1793 Bern-

247 1831 399 1917 hardi02)
423 1853 525 1917 aeque
549 1839 646 1917 atque
662 1852 777 1897 versus
799 1832 932 1896 ultimus
958 1831 1167 1918 logaoedious
1189 1832 1384 1903 nominatur.

543 1952 637 2018 Eum.
663 1956 832 2018 550-557
850 1986 889 2008 =
907 1957 1088 2019 558-565.

335 2061 429 2153 [ίκών
451 2058 629 2152 δ’άνάχκας
652 2057 728 2152 όίτερ
751 2063 880 2145 δίκαιος
901 2060 944 2132 silv
968 2060 1027 2133 ούκ
1050 2061 1186 2152 άνολβος
1208 2061 1312 2145 ἔσται,

336 2164 553 2256 πανώλεθρος
576 2162 634 2258 [δ’]
659 2162 773 2247 οὔποτ’
799 2164 838 2235 δν
860 2168 996 2256 γένοιτο.

335 2269 392 2340 τὸν
414 2266 609 2358 ἀντίτολμον
632 2272 669 2338 δέ
690 2297 777 2362 φαμι
801 2269 977 2361 παρβάταν

339 2377 368 2464 [,
384 2373 460 2465 ‚lui
484 2371 592 2442 πολλὰ
615 2371 815 2465 παντόφυρτ)
842 2371 916 2443 ἶν’νευ
939 2374 1034 2457 δίκας

335 2477 455 2567 βιαίως
477 2475 534 2560 ξύν
555 2476 658 2567 χρόνῳ
680 2476 863 2569 καθήσειν]
1339 2514 1383 2551 ssa

335 2586 456 2673 λαῖφος
478 2579 556 2651 όταν
578 2579 661 2672 λάβῃ
685 2579 788 2663 πόνος
810 2583 1020 2670 θραυομένας
1041 2581 1183 2672 κεραίας.

336 2726 410 2789 Ηοο
433 2726 506 2789 loco
530 2725 603 2789 finis
628 2725 782 2812 strophae
798 2747 839 2790 ex
860 2726 977 2795 iambis
1001 2726 1190 2806 constantis,
1215 2725 1267 2809 qui
1292 2731 1386 2788 tonos

251 2830 388 2895 artificio
413 2829 528 2894 variati
552 2836 638 2911 sunt,
662 2829 723 2894 hoc
747 2823 848 2896 versu
866 2830 1020 2896 efficitur:

251 3060 346 3123 quom
373 3038 549 3102 scholiasta
572 3059 700 3123 quoque
722 3033 936 3124 χοριαμβνκὸν
960 3038 1096 3122 vocat.³)

340 3246 444 3332 Simili
475 3268 538 3332 quo
562 3247 745 3332 Aeschylus
775 3245 871 3310 modo
896 3245 1076 3322 sophoclis
1099 3244 1284 3310 choriambo
1307 3267 1387 3311 usus

250 3356 301 3413 est
328 3351 361 3414 in
394 3350 536 3436 strophis
568 3349 811 3436 componendis.
859 3349 959 3414 Ouios
993 3356 1109 3436 poetae
1138 3350 1227 3413 nulla
1256 3349 1385 3435 quidem

250 3454 384 3540 stropha
424 3453 563 3518 iambica
605 3461 717 3535 extat,
753 3475 835 3539 quac
876 3454 998 3517 nullam
1035 3453 1132 3518 aliam
1168 3453 1306 3517 formam
1336 3452 1384 3517 di·
1454 3500 1458 3515 .

250 3557 350 3622 iambi
388 3558 502 3622 variati
548 3559 705 3643 praebeat
747 3559 810 3622 nisi
849 3557 1081 3622 choriambum.
1138 3556 1244 3621 Unius
1276 3564 1386 3621 tamen

250 3661 403 3748 strophae
436 3662 521 3726 male
551 3660 689 3724 traditae
722 3662 824 3725 maior
852 3684 928 3748 pars
957 3661 1072 3726 iambis
1103 3666 1241 3741 constat,
1271 3660 1386 3746 quibus

250 3765 430 3829 choriambi
462 3765 641 3829 intermixti
671 3773 761 3847 sunt,
791 3765 949 3851 siquidem
980 3767 1147 3830 contextui
1173 3767 1385 3830 verboruma

249 3866 421 3932 Dindorfio
445 3867 602 3933 audacter
626 3869 802 3933 constituto
826 3868 906 3933 fides
931 3869 1082 3934 habenda
1105 3876 1169 3934 est:

320 4061 339 4126 ¹)
358 4057 461 4112 Metrik
478 4058 527 4112 11²
546 4077 573 4128 p.
592 4058 651 4112 534.

319 4147 339 4210 ²)
359 4144 399 4197 De
417 4148 496 4198 tenes
516 4163 567 4198 usu
586 4163 612 4214 p.
632 4144 672 4198 13.

320 4232 341 4298 ⁸)
359 4230 448 4285 Schol.
468 4230 527 4301 περὶ
545 4233 654 4304 μέτρων
673 4231 711 4285 lll
731 4250 757 4301 p.
776 4233 828 4285 530
846 4232 874 4284 in
894 4232 935 4286 ed.
956 4231 1035 4285 Dind.
1056 4232 1142 4286 Oxou.
1164 4234 1237 4286 luel.
