<?xml version="1.0" encoding="UTF-8"?>
<!DOCTYPE html PUBLIC "-//W3C//DTD XHTML 1.0 Transitional//EN"
    "http://www.w3.org/TR/xhtml1/DTD/xhtml1-transitional.dtd">
<html xmlns="http://www.w3.org/1999/xhtml" xml:lang="en" lang="en">
 <head>
  <title>
</title>
<meta http-equiv="Content-Type" content="text/html;charset=utf-8" />
  <meta name='ocr-system' content='tesseract 3.04.00' />
  <meta name='ocr-capabilities' content='ocr_page ocr_carea ocr_par ocr_line ocrx_word'/>
</head>
<body>
  <div class='ocr_page' id='page_1' title='image "./dissertationesp00stragoog/dissertationesp00stragoog_0617.png"; bbox 0 0 3030 4816; ppageno 0'>
   <div class='ocr_carea' id='block_1_1' title="bbox 202 303 811 386">
    <p class='ocr_par' dir='ltr' id='par_1_1' title="bbox 202 303 811 386">
     <span class='ocr_line' id='line_1_1' title="bbox 202 303 811 386; baseline 0.003 -20"><span class='ocrx_word' id='word_1_1' title='bbox 202 306 221 366; x_wconf 87' lang='lat' dir='ltr'><strong>s</strong></span> <span class='ocrx_word' id='word_1_2' title='bbox 722 303 811 386; x_wconf 86' lang='lat'>[300]</span> 
     </span>
    </p>
   </div>
   <div class='ocr_carea' id='block_1_2' title="bbox 199 494 1330 892">
    <p class='ocr_par' dir='ltr' id='par_1_2' title="bbox 199 494 1330 683">
     <span class='ocr_line' id='line_1_2' title="bbox 199 494 1330 580; baseline 0.002 -22"><span class='ocrx_word' id='word_1_3' title='bbox 199 495 272 578; x_wconf 91' lang='lat' dir='ltr'><strong>logo</strong></span> <span class='ocrx_word' id='word_1_4' title='bbox 301 497 483 578; x_wconf 88' lang='lat' dir='ltr'><strong>praevertit,</strong></span> <span class='ocrx_word' id='word_1_5' title='bbox 513 516 584 558; x_wconf 90' lang='lat' dir='ltr'><strong>oum</strong></span> <span class='ocrx_word' id='word_1_6' title='bbox 616 494 752 559; x_wconf 88' lang='lat' dir='ltr'><strong>affirmet</strong></span> <span class='ocrx_word' id='word_1_7' title='bbox 787 494 928 558; x_wconf 85' lang='lat' dir='ltr'><strong>fabulam</strong></span> <span class='ocrx_word' id='word_1_8' title='bbox 950 516 1017 559; x_wconf 90' lang='lat' dir='ltr'><strong>esse</strong></span> <span class='ocrx_word' id='word_1_9' title='bbox 1040 517 1154 560; x_wconf 84' lang='lat' dir='ltr'><strong>novam</strong></span> <span class='ocrx_word' id='word_1_10' title='bbox 1177 496 1330 580; x_wconf 90' lang='lat' dir='ltr'><strong>illamque</strong></span> 
     </span>
     <span class='ocr_line' id='line_1_3' title="bbox 199 599 1013 683; baseline -0.001 -20"><span class='ocrx_word' id='word_1_11' title='bbox 199 619 346 664; x_wconf 80' lang='lat' dir='ltr'><strong>scaenam</strong></span> <span class='ocrx_word' id='word_1_12' title='bbox 368 601 408 664; x_wconf 91' lang='lat' dir='ltr'><strong>ab</strong></span> <span class='ocrx_word' id='word_1_13' title='bbox 431 599 607 683; x_wconf 80' lang='lat' dir='ltr'>antiquiore</span> <span class='ocrx_word' id='word_1_14' title='bbox 629 604 726 682; x_wconf 93' lang='lat' dir='ltr'><strong>poeta</strong></span> <span class='ocrx_word' id='word_1_15' title='bbox 750 599 1013 683; x_wconf 80' lang='lat' dir='ltr'><strong>praetermissam.</strong></span> 
     </span>
    </p>

    <p class='ocr_par' dir='ltr' id='par_1_3' title="bbox 200 698 1330 892">
     <span class='ocr_line' id='line_1_4' title="bbox 303 698 1330 789; baseline 0.001 -22"><span class='ocrx_word' id='word_1_16' title='bbox 303 704 372 778; x_wconf 85' lang='lat' dir='ltr'><strong>Quo</strong></span> <span class='ocrx_word' id='word_1_17' title='bbox 394 704 495 788; x_wconf 88' lang='lat' dir='ltr'><strong>magis</strong></span> <span class='ocrx_word' id='word_1_18' title='bbox 517 704 678 785; x_wconf 86' lang='lat' dir='ltr'><strong>miramur,</strong></span> <span class='ocrx_word' id='word_1_19' title='bbox 708 702 791 787; x_wconf 91' lang='lat' dir='ltr'><strong>quod</strong></span> <span class='ocrx_word' id='word_1_20' title='bbox 822 702 861 767; x_wconf 89' lang='lat' dir='ltr'><strong>de</strong></span> <span class='ocrx_word' id='word_1_21' title='bbox 883 702 1012 788; x_wconf 80' lang='lat' dir='ltr'><strong>Hecyra</strong></span> <span class='ocrx_word' id='word_1_22' title='bbox 1033 704 1172 768; x_wconf 88' lang='lat' dir='ltr'><strong>relata</strong></span> <span class='ocrx_word' id='word_1_23' title='bbox 1194 698 1226 768; x_wconf 90' lang='lat' dir='ltr'><strong>in</strong></span> <span class='ocrx_word' id='word_1_24' title='bbox 1249 704 1330 789; x_wconf 92' lang='lat' dir='ltr'><strong>prol.</strong></span> 
     </span>
     <span class='ocr_line' id='line_1_5' title="bbox 200 806 766 892; baseline -0.002 -22"><span class='ocrx_word' id='word_1_25' title='bbox 200 806 217 870; x_wconf 96' lang='lat' dir='ltr'>I</span> <span class='ocrx_word' id='word_1_26' title='bbox 239 828 269 872; x_wconf 85' lang='lat' dir='ltr'><strong>v.</strong></span> <span class='ocrx_word' id='word_1_27' title='bbox 293 809 312 871; x_wconf 83' lang='lat'><strong>5</strong></span> <span class='ocrx_word' id='word_1_28' title='bbox 336 812 431 892; x_wconf 92' lang='lat' dir='ltr'><strong>poeta</strong></span> <span class='ocrx_word' id='word_1_29' title='bbox 453 806 532 871; x_wconf 88' lang='lat' dir='ltr'><strong>hacc</strong></span> <span class='ocrx_word' id='word_1_30' title='bbox 553 807 651 870; x_wconf 85' lang='lat' dir='ltr'><strong>verba</strong></span> <span class='ocrx_word' id='word_1_31' title='bbox 675 806 766 870; x_wconf 90' lang='lat' dir='ltr'><strong>facit:</strong></span> 
     </span>
    </p>
   </div>
   <div class='ocr_carea' id='block_1_3' title="bbox 327 944 1177 1243">
    <p class='ocr_par' dir='ltr' id='par_1_4' title="bbox 327 944 1177 1243">
     <span class='ocr_line' id='line_1_6' title="bbox 609 944 1177 1028; baseline 0 -20"><span class='ocrx_word' id='word_1_32' title='bbox 609 965 693 1008; x_wconf 84' lang='lat' dir='ltr'><strong>nuuc</strong></span> <span class='ocrx_word' id='word_1_33' title='bbox 715 944 789 1008; x_wconf 79' lang='lat' dir='ltr'><strong>haec</strong></span> <span class='ocrx_word' id='word_1_34' title='bbox 807 945 933 1028; x_wconf 78' lang='lat' dir='ltr'><strong>placeat</strong></span> <span class='ocrx_word' id='word_1_35' title='bbox 949 964 1030 1028; x_wconf 81' lang='lat' dir='ltr'><strong>pro</strong></span> <span class='ocrx_word' id='word_1_36' title='bbox 1051 964 1177 1008; x_wconf 83' lang='lat' dir='ltr'><strong>noua:</strong></span> 
     </span>
     <span class='ocr_line' id='line_1_7' title="bbox 330 1049 1113 1136; baseline -0.001 -23"><span class='ocrx_word' id='word_1_37' title='bbox 330 1049 421 1114; x_wconf 86' lang='lat' dir='ltr'><strong>Etis</strong></span> <span class='ocrx_word' id='word_1_38' title='bbox 444 1053 498 1136; x_wconf 75' lang='lat' dir='ltr'><strong>pai</strong></span> <span class='ocrx_word' id='word_1_39' title='bbox 520 1052 648 1134; x_wconf 76' lang='lat' dir='ltr'><strong>scripsit</strong></span> <span class='ocrx_word' id='word_1_40' title='bbox 669 1049 752 1112; x_wconf 83' lang='lat' dir='ltr'><strong>hauc</strong></span> <span class='ocrx_word' id='word_1_41' title='bbox 775 1049 810 1111; x_wconf 86' lang='lat' dir='ltr'><strong>ob</strong></span> <span class='ocrx_word' id='word_1_42' title='bbox 833 1069 902 1111; x_wconf 85' lang='lat' dir='ltr'><strong>cam</strong></span> <span class='ocrx_word' id='word_1_43' title='bbox 924 1069 989 1112; x_wconf 85' lang='lat' dir='ltr'><strong>rem</strong></span> <span class='ocrx_word' id='word_1_44' title='bbox 1013 1051 1113 1112; x_wconf 88' lang='lat' dir='ltr'><strong>uoluit</strong></span> 
     </span>
     <span class='ocr_line' id='line_1_8' title="bbox 327 1153 1086 1243; baseline -0.001 -24"><span class='ocrx_word' id='word_1_45' title='bbox 327 1154 451 1220; x_wconf 85' lang='lat' dir='ltr'><strong>Iterum</strong></span> <span class='ocrx_word' id='word_1_46' title='bbox 471 1156 602 1237; x_wconf 79' lang='lat' dir='ltr'><strong>referre,</strong></span> <span class='ocrx_word' id='word_1_47' title='bbox 625 1161 661 1218; x_wconf 87' lang='lat' dir='ltr'><strong>ut</strong></span> <span class='ocrx_word' id='word_1_48' title='bbox 682 1157 797 1218; x_wconf 83' lang='lat' dir='ltr'><strong>iterum</strong></span> <span class='ocrx_word' id='word_1_49' title='bbox 814 1160 921 1243; x_wconf 76' lang='lat' dir='ltr'><strong>posset</strong></span> <span class='ocrx_word' id='word_1_50' title='bbox 942 1153 1086 1218; x_wconf 83' lang='lat' dir='ltr'><strong>uendere.</strong></span> 
     </span>
    </p>
   </div>
   <div class='ocr_carea' id='block_1_4' title="bbox 199 1290 1191 1791">
    <p class='ocr_par' dir='ltr' id='par_1_5' title="bbox 199 1290 1191 1791">
     <span class='ocr_line' id='line_1_9' title="bbox 199 1290 1190 1378; baseline -0.003 -20"><span class='ocrx_word' id='word_1_51' title='bbox 199 1292 263 1359; x_wconf 90' lang='lat' dir='ltr'><strong>Ubi</strong></span> <span class='ocrx_word' id='word_1_52' title='bbox 286 1315 367 1378; x_wconf 90' lang='lat' dir='ltr'><strong>quae</strong></span> <span class='ocrx_word' id='word_1_53' title='bbox 388 1293 581 1378; x_wconf 87' lang='lat' dir='ltr'><strong>praecedunt</strong></span> <span class='ocrx_word' id='word_1_54' title='bbox 968 1311 1060 1376; x_wconf 87' lang='lat' dir='ltr'><strong>quom</strong></span> <span class='ocrx_word' id='word_1_55' title='bbox 1082 1290 1190 1355; x_wconf 85' lang='lat' dir='ltr'><strong>datast</strong></span> 
     </span>
     <span class='ocr_line' id='line_1_10' title="bbox 326 1395 1191 1480; baseline -0.005 -18"><span class='ocrx_word' id='word_1_56' title='bbox 326 1395 432 1480; x_wconf 81' lang='lat' dir='ltr'><strong>Noua,</strong></span> <span class='ocrx_word' id='word_1_57' title='bbox 456 1398 484 1461; x_wconf 86' lang='lat' dir='ltr'><strong>ci</strong></span> <span class='ocrx_word' id='word_1_58' title='bbox 504 1417 617 1461; x_wconf 88' lang='lat' dir='ltr'><strong>uouom</strong></span> <span class='ocrx_word' id='word_1_59' title='bbox 639 1398 806 1460; x_wconf 79' lang='lat' dir='ltr'><strong>interuenit</strong></span> <span class='ocrx_word' id='word_1_60' title='bbox 828 1396 942 1459; x_wconf 84' lang='lat' dir='ltr'><strong>uitium</strong></span> <span class='ocrx_word' id='word_1_61' title='bbox 964 1401 992 1459; x_wconf 88' lang='lat' dir='ltr'><strong>et</strong></span> <span class='ocrx_word' id='word_1_62' title='bbox 1015 1396 1191 1476; x_wconf 87' lang='lat' dir='ltr'><strong>calamitas,</strong></span> 
     </span>
     <span class='ocr_line' id='line_1_11' title="bbox 331 1500 1105 1586; baseline -0.004 -21"><span class='ocrx_word' id='word_1_63' title='bbox 331 1500 372 1565; x_wconf 89' lang='lat' dir='ltr'><strong>Ut</strong></span> <span class='ocrx_word' id='word_1_64' title='bbox 394 1521 489 1586; x_wconf 83' lang='lat' dir='ltr'><strong>neque</strong></span> <span class='ocrx_word' id='word_1_65' title='bbox 511 1502 648 1584; x_wconf 80' lang='lat' dir='ltr'><strong>spectari</strong></span> <span class='ocrx_word' id='word_1_66' title='bbox 669 1520 764 1585; x_wconf 79' lang='lat' dir='ltr'><strong>aeque</strong></span> <span class='ocrx_word' id='word_1_67' title='bbox 786 1501 929 1585; x_wconf 67' lang='lat' dir='ltr'><strong>cognosci</strong></span> <span class='ocrx_word' id='word_1_68' title='bbox 948 1500 1105 1583; x_wconf 82' lang='lat' dir='ltr'><strong>pot-uerit:</strong></span> 
     </span>
     <span class='ocr_line' id='line_1_12' title="bbox 326 1602 1098 1689; baseline -0.001 -22"><span class='ocrx_word' id='word_1_69' title='bbox 326 1602 380 1668; x_wconf 79' lang='lat' dir='ltr'><strong>Ita</strong></span> <span class='ocrx_word' id='word_1_70' title='bbox 397 1606 537 1688; x_wconf 80' lang='lat' dir='ltr'><strong>populus</strong></span> <span class='ocrx_word' id='word_1_71' title='bbox 559 1604 664 1668; x_wconf 86' lang='lat' dir='ltr'><strong>studio</strong></span> <span class='ocrx_word' id='word_1_72' title='bbox 685 1605 830 1689; x_wconf 80' lang='lat' dir='ltr'><strong>stupidus</strong></span> <span class='ocrx_word' id='word_1_73' title='bbox 854 1606 889 1668; x_wconf 88' lang='lat' dir='ltr'><strong>iu</strong></span> <span class='ocrx_word' id='word_1_74' title='bbox 909 1603 1098 1683; x_wconf 78' lang='lat' dir='ltr'><strong>funambulo</strong></span> 
     </span>
     <span class='ocr_line' id='line_1_13' title="bbox 327 1709 677 1791; baseline -0.003 -19"><span class='ocrx_word' id='word_1_75' title='bbox 327 1709 479 1772; x_wconf 78' lang='lat' dir='ltr'><strong>Animum</strong></span> <span class='ocrx_word' id='word_1_76' title='bbox 503 1715 677 1791; x_wconf 84' lang='lat' dir='ltr'><strong>occuparat</strong></span> 
     </span>
    </p>
   </div>
   <div class='ocr_carea' id='block_1_5' title="bbox 198 1841 1332 3483">
    <p class='ocr_par' dir='ltr' id='par_1_6' title="bbox 198 1841 1331 3068">
     <span class='ocr_line' id='line_1_14' title="bbox 201 1841 1331 1930; baseline -0.001 -19"><span class='ocrx_word' id='word_1_77' title='bbox 201 1868 263 1911; x_wconf 93' lang='lat' dir='ltr'><strong>non</strong></span> <span class='ocrx_word' id='word_1_78' title='bbox 286 1841 443 1911; x_wconf 81' lang='lat' dir='ltr'><strong>sufficiunt</strong></span> <span class='ocrx_word' id='word_1_79' title='bbox 466 1846 506 1910; x_wconf 91' lang='lat' dir='ltr'><strong>ad</strong></span> <span class='ocrx_word' id='word_1_80' title='bbox 529 1867 597 1910; x_wconf 90' lang='lat' dir='ltr'><strong>rem</strong></span> <span class='ocrx_word' id='word_1_81' title='bbox 619 1842 850 1930; x_wconf 83' lang='lat' dir='ltr'><strong>explicandam,</strong></span> <span class='ocrx_word' id='word_1_82' title='bbox 873 1846 933 1910; x_wconf 92' lang='lat' dir='ltr'><strong>nisi</strong></span> <span class='ocrx_word' id='word_1_83' title='bbox 954 1847 1034 1910; x_wconf 90' lang='lat' dir='ltr'><strong>forte</strong></span> <span class='ocrx_word' id='word_1_84' title='bbox 1051 1844 1244 1909; x_wconf 81' lang='lat' dir='ltr'><strong>comoediam</strong></span> <span class='ocrx_word' id='word_1_85' title='bbox 1259 1852 1331 1928; x_wconf 92' lang='lat' dir='ltr'><strong>post</strong></span> 
     </span>
     <span class='ocr_line' id='line_1_15' title="bbox 199 1945 1330 2035; baseline 0.001 -22"><span class='ocrx_word' id='word_1_86' title='bbox 199 1951 335 2035; x_wconf 89' lang='lat' dir='ltr'><strong>primurn</strong></span> <span class='ocrx_word' id='word_1_87' title='bbox 363 1956 469 2014; x_wconf 92' lang='lat' dir='ltr'><strong>actum</strong></span> <span class='ocrx_word' id='word_1_88' title='bbox 491 1971 510 2014; x_wconf 88' lang='lat' dir='ltr'><strong>a</strong></span> <span class='ocrx_word' id='word_1_89' title='bbox 531 1951 649 2035; x_wconf 91' lang='lat' dir='ltr'><strong>populo</strong></span> <span class='ocrx_word' id='word_1_90' title='bbox 673 1955 820 2015; x_wconf 83' lang='lat' dir='ltr'><strong>exactam</strong></span> <span class='ocrx_word' id='word_1_91' title='bbox 842 1947 907 2035; x_wconf 87' lang='lat' dir='ltr'><strong>‘pro</strong></span> <span class='ocrx_word' id='word_1_92' title='bbox 931 1945 1024 2014; x_wconf 91' lang='lat' dir='ltr'><strong>noua&#39;</strong></span> <span class='ocrx_word' id='word_1_93' title='bbox 1046 1949 1157 2013; x_wconf 89' lang='lat' dir='ltr'><strong>referri</strong></span> <span class='ocrx_word' id='word_1_94' title='bbox 1188 1951 1330 2033; x_wconf 88' lang='lat' dir='ltr'><strong>potuisse</strong></span> 
     </span>
     <span class='ocr_line' id='line_1_16' title="bbox 200 2050 1331 2135; baseline -0.001 -18"><span class='ocrx_word' id='word_1_95' title='bbox 200 2053 370 2117; x_wconf 85' lang='lat' dir='ltr'><strong>existimes.</strong></span> <span class='ocrx_word' id='word_1_96' title='bbox 415 2050 536 2116; x_wconf 90' lang='lat' dir='ltr'><strong>Verum</strong></span> <span class='ocrx_word' id='word_1_97' title='bbox 570 2053 686 2117; x_wconf 88' lang='lat' dir='ltr'><strong>diserte</strong></span> <span class='ocrx_word' id='word_1_98' title='bbox 719 2052 807 2117; x_wconf 82' lang='lat' dir='ltr'><strong>addit</strong></span> <span class='ocrx_word' id='word_1_99' title='bbox 839 2058 936 2135; x_wconf 90' lang='lat' dir='ltr'><strong>poeta</strong></span> <span class='ocrx_word' id='word_1_100' title='bbox 968 2052 1153 2116; x_wconf 85' lang='lat' dir='ltr'><strong>noluisse</strong></span> <span class='ocrx_word' id='word_1_101' title='bbox 1184 2072 1224 2115; x_wconf 88' lang='lat' dir='ltr'><strong>se</strong></span> <span class='ocrx_word' id='word_1_102' title='bbox 1250 2052 1331 2116; x_wconf 92' lang='lat' dir='ltr'><strong>ite·</strong></span> 
     </span>
     <span class='ocr_line' id='line_1_17' title="bbox 199 2155 1330 2241; baseline 0 -21"><span class='ocrx_word' id='word_1_103' title='bbox 199 2178 284 2220; x_wconf 89' lang='lat' dir='ltr'><strong>rum</strong></span> <span class='ocrx_word' id='word_1_104' title='bbox 313 2156 492 2237; x_wconf 81' lang='lat' dir='ltr'><strong>referre,</strong></span> <span class='ocrx_word' id='word_1_105' title='bbox 523 2162 558 2220; x_wconf 92' lang='lat' dir='ltr'><strong>ut</strong></span> <span class='ocrx_word' id='word_1_106' title='bbox 579 2158 693 2220; x_wconf 90' lang='lat' dir='ltr'><strong>iterum</strong></span> <span class='ocrx_word' id='word_1_107' title='bbox 713 2163 817 2241; x_wconf 89' lang='lat' dir='ltr'><strong>posset</strong></span> <span class='ocrx_word' id='word_1_108' title='bbox 839 2155 976 2220; x_wconf 85' lang='lat' dir='ltr'><strong>vendere</strong></span> <span class='ocrx_word' id='word_1_109' title='bbox 999 2157 1073 2220; x_wconf 83' lang='lat' dir='ltr'><strong>aliia</strong></span> <span class='ocrx_word' id='word_1_110' title='bbox 1095 2157 1212 2222; x_wconf 85' lang='lat' dir='ltr'><strong>seilicet</strong></span> <span class='ocrx_word' id='word_1_111' title='bbox 1234 2156 1330 2238; x_wconf 84' lang='lat' dir='ltr'><strong>ludis,</strong></span> 
     </span>
     <span class='ocr_line' id='line_1_18' title="bbox 200 2257 1330 2344; baseline 0.001 -22"><span class='ocrx_word' id='word_1_112' title='bbox 200 2267 235 2323; x_wconf 91' lang='lat' dir='ltr'><strong>ut</strong></span> <span class='ocrx_word' id='word_1_113' title='bbox 262 2266 347 2324; x_wconf 89' lang='lat' dir='ltr'><strong>recte</strong></span> <span class='ocrx_word' id='word_1_114' title='bbox 377 2259 521 2323; x_wconf 79' lang='lat' dir='ltr'><strong>Donatus</strong></span> <span class='ocrx_word' id='word_1_115' title='bbox 551 2260 717 2324; x_wconf 82' lang='lat' dir='ltr'><strong>adnotavit</strong></span> <span class='ocrx_word' id='word_1_116' title='bbox 745 2257 800 2343; x_wconf 87' lang='lat' dir='ltr'><strong>(de</strong></span> <span class='ocrx_word' id='word_1_117' title='bbox 831 2281 893 2344; x_wconf 90' lang='lat' dir='ltr'><strong>qua</strong></span> <span class='ocrx_word' id='word_1_118' title='bbox 916 2280 950 2324; x_wconf 89' lang='lat' dir='ltr'><strong>ra</strong></span> <span class='ocrx_word' id='word_1_119' title='bbox 973 2259 1065 2323; x_wconf 91' lang='lat' dir='ltr'><strong>nobis</strong></span> <span class='ocrx_word' id='word_1_120' title='bbox 1087 2260 1178 2338; x_wconf 83' lang='lat' dir='ltr'><strong>infra,</strong></span> <span class='ocrx_word' id='word_1_121' title='bbox 1211 2259 1267 2323; x_wconf 92' lang='lat' dir='ltr'><strong>nbi</strong></span> <span class='ocrx_word' id='word_1_122' title='bbox 1290 2259 1330 2323; x_wconf 91' lang='lat' dir='ltr'><strong>de</strong></span> 
     </span>
     <span class='ocr_line' id='line_1_19' title="bbox 200 2362 1330 2447; baseline -0.002 -19"><span class='ocrx_word' id='word_1_123' title='bbox 200 2364 293 2428; x_wconf 90' lang='lat' dir='ltr'><strong>rebus</strong></span> <span class='ocrx_word' id='word_1_124' title='bbox 321 2364 472 2428; x_wconf 86' lang='lat' dir='ltr'><strong>scaenicis</strong></span> <span class='ocrx_word' id='word_1_125' title='bbox 508 2362 747 2447; x_wconf 88' lang='lat' dir='ltr'><strong>disputabimus,</strong></span> <span class='ocrx_word' id='word_1_126' title='bbox 781 2363 878 2427; x_wconf 90' lang='lat' dir='ltr'><strong>verba</strong></span> <span class='ocrx_word' id='word_1_127' title='bbox 909 2370 1002 2427; x_wconf 89' lang='lat' dir='ltr'><strong>erunt</strong></span> <span class='ocrx_word' id='word_1_128' title='bbox 1036 2362 1204 2444; x_wconf 84' lang='lat' dir='ltr'><strong>facienda).</strong></span> <span class='ocrx_word' id='word_1_129' title='bbox 1248 2362 1330 2426; x_wconf 92' lang='lat' dir='ltr'><strong>Inde</strong></span> 
     </span>
     <span class='ocr_line' id='line_1_20' title="bbox 199 2466 1330 2551; baseline -0.001 -20"><span class='ocrx_word' id='word_1_130' title='bbox 199 2467 333 2531; x_wconf 87' lang='lat' dir='ltr'><strong>efficitur</strong></span> <span class='ocrx_word' id='word_1_131' title='bbox 354 2466 515 2551; x_wconf 81' lang='lat' dir='ltr'><strong>Hecyram</strong></span> <span class='ocrx_word' id='word_1_132' title='bbox 536 2472 742 2530; x_wconf 85' lang='lat' dir='ltr'><strong>retractatam</strong></span> <span class='ocrx_word' id='word_1_133' title='bbox 764 2487 832 2531; x_wconf 88' lang='lat' dir='ltr'><strong>esse</strong></span> <span class='ocrx_word' id='word_1_134' title='bbox 854 2487 874 2530; x_wconf 88' lang='lat' dir='ltr'><strong>a</strong></span> <span class='ocrx_word' id='word_1_135' title='bbox 896 2472 1002 2550; x_wconf 83' lang='lat' dir='ltr'><strong>poeta,</strong></span> <span class='ocrx_word' id='word_1_136' title='bbox 1025 2472 1061 2530; x_wconf 92' lang='lat' dir='ltr'><strong>ut</strong></span> <span class='ocrx_word' id='word_1_137' title='bbox 1084 2466 1188 2531; x_wconf 90' lang='lat' dir='ltr'><strong>denuo</strong></span> <span class='ocrx_word' id='word_1_138' title='bbox 1203 2467 1330 2530; x_wconf 86' lang='lat' dir='ltr'><strong>dooere·</strong></span> 
     </span>
     <span class='ocr_line' id='line_1_21' title="bbox 199 2569 1330 2654; baseline 0.001 -21"><span class='ocrx_word' id='word_1_139' title='bbox 199 2576 265 2633; x_wconf 91' lang='lat' dir='ltr'><strong>tur:</strong></span> <span class='ocrx_word' id='word_1_140' title='bbox 295 2570 501 2654; x_wconf 86' lang='lat' dir='ltr'><strong>nequeenim</strong></span> <span class='ocrx_word' id='word_1_141' title='bbox 521 2569 663 2633; x_wconf 90' lang='lat' dir='ltr'><strong>fabulam</strong></span> <span class='ocrx_word' id='word_1_142' title='bbox 681 2576 716 2633; x_wconf 92' lang='lat' dir='ltr'><strong>ut</strong></span> <span class='ocrx_word' id='word_1_143' title='bbox 738 2591 853 2634; x_wconf 82' lang='lat' dir='ltr'><strong>novam</strong></span> <span class='ocrx_word' id='word_1_144' title='bbox 876 2569 1042 2634; x_wconf 86' lang='lat' dir='ltr'><strong>Terentius</strong></span> <span class='ocrx_word' id='word_1_145' title='bbox 1066 2569 1169 2634; x_wconf 87' lang='lat' dir='ltr'><strong>denuo</strong></span> <span class='ocrx_word' id='word_1_146' title='bbox 1190 2569 1330 2634; x_wconf 86' lang='lat' dir='ltr'><strong>vendere</strong></span> 
     </span>
     <span class='ocr_line' id='line_1_22' title="bbox 198 2673 1331 2758; baseline 0.002 -22"><span class='ocrx_word' id='word_1_147' title='bbox 198 2678 336 2757; x_wconf 85' lang='lat' dir='ltr'><strong>poterat,</strong></span> <span class='ocrx_word' id='word_1_148' title='bbox 367 2673 427 2736; x_wconf 91' lang='lat' dir='ltr'><strong>nisi</strong></span> <span class='ocrx_word' id='word_1_149' title='bbox 455 2673 591 2757; x_wconf 91' lang='lat' dir='ltr'><strong>emptori</strong></span> <span class='ocrx_word' id='word_1_150' title='bbox 619 2673 851 2738; x_wconf 89' lang='lat' dir='ltr'><strong>demonstraret</strong></span> <span class='ocrx_word' id='word_1_151' title='bbox 880 2695 952 2738; x_wconf 93' lang='lat' dir='ltr'><strong>eam</strong></span> <span class='ocrx_word' id='word_1_152' title='bbox 974 2680 1130 2737; x_wconf 89' lang='lat' dir='ltr'><strong>mutatam</strong></span> <span class='ocrx_word' id='word_1_153' title='bbox 1152 2674 1204 2738; x_wconf 82' lang='lat' dir='ltr'><strong>vel</strong></span> <span class='ocrx_word' id='word_1_154' title='bbox 1225 2674 1331 2758; x_wconf 86' lang='lat' dir='ltr'><strong>potius</strong></span> 
     </span>
     <span class='ocr_line' id='line_1_23' title="bbox 199 2774 1328 2861; baseline 0.004 -22"><span class='ocrx_word' id='word_1_155' title='bbox 199 2776 400 2840; x_wconf 84' lang='lat' dir='ltr'><strong>emendatam</strong></span> <span class='ocrx_word' id='word_1_156' title='bbox 430 2796 498 2840; x_wconf 86' lang='lat' dir='ltr'><strong>essa</strong></span> <span class='ocrx_word' id='word_1_157' title='bbox 529 2776 584 2853; x_wconf 92' lang='lat' dir='ltr'><strong>(de</strong></span> <span class='ocrx_word' id='word_1_158' title='bbox 614 2797 677 2860; x_wconf 90' lang='lat' dir='ltr'><strong>qua</strong></span> <span class='ocrx_word' id='word_1_159' title='bbox 705 2797 739 2841; x_wconf 89' lang='lat' dir='ltr'><strong>rc</strong></span> <span class='ocrx_word' id='word_1_160' title='bbox 768 2777 942 2841; x_wconf 87' lang='lat' dir='ltr'><strong>accuratius</strong></span> <span class='ocrx_word' id='word_1_161' title='bbox 972 2777 1095 2860; x_wconf 85' lang='lat' dir='ltr'><strong>egimus</strong></span> <span class='ocrx_word' id='word_1_162' title='bbox 1126 2777 1185 2858; x_wconf 78' lang='lat' dir='ltr'><strong>§l</strong></span> <span class='ocrx_word' id='word_1_163' title='bbox 1217 2774 1328 2861; x_wconf 59' lang='lat' dir='ltr'><strong>extr).</strong></span> 
     </span>
     <span class='ocr_line' id='line_1_24' title="bbox 199 2878 1330 2965; baseline 0.002 -23"><span class='ocrx_word' id='word_1_164' title='bbox 199 2878 345 2943; x_wconf 81' lang='lat' dir='ltr'><strong>Secunda</strong></span> <span class='ocrx_word' id='word_1_165' title='bbox 367 2880 464 2964; x_wconf 89' lang='lat' dir='ltr'><strong>igitur</strong></span> <span class='ocrx_word' id='word_1_166' title='bbox 487 2880 568 2944; x_wconf 89' lang='lat' dir='ltr'><strong>actio</strong></span> <span class='ocrx_word' id='word_1_167' title='bbox 590 2879 738 2965; x_wconf 86' lang='lat' dir='ltr'><strong>Hecyrae</strong></span> <span class='ocrx_word' id='word_1_168' title='bbox 760 2879 820 2943; x_wconf 88' lang='lat' dir='ltr'><strong>fuit</strong></span> <span class='ocrx_word' id='word_1_169' title='bbox 847 2880 974 2945; x_wconf 89' lang='lat' dir='ltr'><strong>fabulae</strong></span> <span class='ocrx_word' id='word_1_170' title='bbox 1003 2887 1192 2946; x_wconf 87' lang='lat' dir='ltr'><strong>retractatae</strong></span> <span class='ocrx_word' id='word_1_171' title='bbox 1222 2882 1330 2965; x_wconf 87' lang='lat' dir='ltr'><strong>itaque</strong></span> 
     </span>
     <span class='ocr_line' id='line_1_25' title="bbox 199 2979 1074 3068; baseline 0.002 -22"><span class='ocrx_word' id='word_1_172' title='bbox 199 3002 254 3046; x_wconf 91' lang='lat' dir='ltr'><strong>suo</strong></span> <span class='ocrx_word' id='word_1_173' title='bbox 276 2983 345 3046; x_wconf 90' lang='lat' dir='ltr'><strong>inre</strong></span> <span class='ocrx_word' id='word_1_174' title='bbox 366 2988 460 3066; x_wconf 91' lang='lat' dir='ltr'><strong>poeta</strong></span> <span class='ocrx_word' id='word_1_175' title='bbox 482 3004 554 3047; x_wconf 90' lang='lat' dir='ltr'><strong>eam</strong></span> <span class='ocrx_word' id='word_1_176' title='bbox 576 2979 641 3067; x_wconf 90' lang='lat' dir='ltr'><strong>‘pro</strong></span> <span class='ocrx_word' id='word_1_177' title='bbox 666 2979 755 3048; x_wconf 87' lang='lat' dir='ltr'><strong>nova&#39;</strong></span> <span class='ocrx_word' id='word_1_178' title='bbox 778 2983 939 3067; x_wconf 85' lang='lat' dir='ltr'><strong>appellare</strong></span> <span class='ocrx_word' id='word_1_179' title='bbox 962 2984 1074 3068; x_wconf 93' lang='lat' dir='ltr'><strong>potuit.</strong></span> 
     </span>
    </p>

    <p class='ocr_par' dir='ltr' id='par_1_7' title="bbox 198 3085 1332 3483">
     <span class='ocr_line' id='line_1_26' title="bbox 303 3085 1328 3154; baseline 0.002 -4"><span class='ocrx_word' id='word_1_180' title='bbox 303 3085 452 3150; x_wconf 79' lang='lat' dir='ltr'><strong>Ceterum</strong></span> <span class='ocrx_word' id='word_1_181' title='bbox 485 3087 579 3151; x_wconf 90' lang='lat' dir='ltr'><strong>simili</strong></span> <span class='ocrx_word' id='word_1_182' title='bbox 603 3087 642 3151; x_wconf 91' lang='lat' dir='ltr'><strong>de</strong></span> <span class='ocrx_word' id='word_1_183' title='bbox 664 3108 758 3152; x_wconf 90' lang='lat' dir='ltr'><strong>causa</strong></span> <span class='ocrx_word' id='word_1_184' title='bbox 781 3089 878 3151; x_wconf 89' lang='lat' dir='ltr'><strong>etiam</strong></span> <span class='ocrx_word' id='word_1_185' title='bbox 908 3087 1045 3152; x_wconf 84' lang='lat' dir='ltr'><strong>Graecos</strong></span> <span class='ocrx_word' id='word_1_186' title='bbox 1073 3109 1175 3154; x_wconf 84' lang='lat' dir='ltr'><strong>novae</strong></span> <span class='ocrx_word' id='word_1_187' title='bbox 1207 3108 1328 3152; x_wconf 91' lang='lat' dir='ltr'><strong>comoe-</strong></span> 
     </span>
     <span class='ocr_line' id='line_1_27' title="bbox 200 3187 1332 3275; baseline 0.002 -21"><span class='ocrx_word' id='word_1_188' title='bbox 200 3190 271 3255; x_wconf 90' lang='lat' dir='ltr'><strong>diae</strong></span> <span class='ocrx_word' id='word_1_189' title='bbox 299 3196 412 3275; x_wconf 88' lang='lat' dir='ltr'><strong>poetas</strong></span> <span class='ocrx_word' id='word_1_190' title='bbox 433 3191 558 3256; x_wconf 85' lang='lat' dir='ltr'><strong>fabulas</strong></span> <span class='ocrx_word' id='word_1_191' title='bbox 582 3193 799 3256; x_wconf 82' lang='lat' dir='ltr'><strong>retractavisse</strong></span> <span class='ocrx_word' id='word_1_192' title='bbox 830 3213 901 3256; x_wconf 89' lang='lat' dir='ltr'><strong>curn</strong></span> <span class='ocrx_word' id='word_1_193' title='bbox 923 3191 1018 3256; x_wconf 79' lang='lat' dir='ltr'><strong>Ilruio</strong></span> <span class='ocrx_word' id='word_1_194' title='bbox 1038 3189 1174 3267; x_wconf 86' lang='lat' dir='ltr'><strong>‘Quaest</strong></span> <span class='ocrx_word' id='word_1_195' title='bbox 1194 3187 1332 3257; x_wconf 58' lang='lat' dir='ltr'><strong>Terent?</strong></span> 
     </span>
     <span class='ocr_line' id='line_1_28' title="bbox 198 3293 1331 3381; baseline 0.001 -23"><span class='ocrx_word' id='word_1_196' title='bbox 198 3293 328 3359; x_wconf 89' lang='lat' dir='ltr'><strong>Bonnac</strong></span> <span class='ocrx_word' id='word_1_197' title='bbox 354 3295 445 3374; x_wconf 78' lang='lat'>1843,</span> <span class='ocrx_word' id='word_1_198' title='bbox 468 3315 499 3379; x_wconf 91' lang='lat' dir='ltr'><strong>p.</strong></span> <span class='ocrx_word' id='word_1_199' title='bbox 524 3297 543 3357; x_wconf 89' lang='grc'><strong>9</strong></span> <span class='ocrx_word' id='word_1_200' title='bbox 566 3295 754 3379; x_wconf 83' lang='lat' dir='ltr'><strong>putaverim,</strong></span> <span class='ocrx_word' id='word_1_201' title='bbox 778 3317 839 3380; x_wconf 91' lang='lat' dir='ltr'><strong>quo</strong></span> <span class='ocrx_word' id='word_1_202' title='bbox 862 3297 967 3361; x_wconf 88' lang='lat' dir='ltr'><strong>nescio</strong></span> <span class='ocrx_word' id='word_1_203' title='bbox 998 3317 1040 3360; x_wconf 93' lang='lat' dir='ltr'><strong>an</strong></span> <span class='ocrx_word' id='word_1_204' title='bbox 1061 3297 1240 3381; x_wconf 88' lang='lat' dir='ltr'><strong>pertineant</strong></span> <span class='ocrx_word' id='word_1_205' title='bbox 1263 3295 1331 3359; x_wconf 80' lang='lat' dir='ltr'><strong>An·</strong></span> 
     </span>
     <span class='ocr_line' id='line_1_29' title="bbox 198 3397 733 3483; baseline 0.002 -22"><span class='ocrx_word' id='word_1_206' title='bbox 198 3397 286 3462; x_wconf 90' lang='lat' dir='ltr'><strong>driae</strong></span> <span class='ocrx_word' id='word_1_207' title='bbox 309 3398 434 3483; x_wconf 87' lang='lat' dir='ltr'><strong>prologi</strong></span> <span class='ocrx_word' id='word_1_208' title='bbox 455 3398 554 3462; x_wconf 87' lang='lat' dir='ltr'><strong>verba</strong></span> <span class='ocrx_word' id='word_1_209' title='bbox 576 3420 605 3461; x_wconf 85' lang='lat' dir='ltr'><strong>v.</strong></span> <span class='ocrx_word' id='word_1_210' title='bbox 630 3400 648 3460; x_wconf 88' lang='lat'><strong>9</strong></span> <span class='ocrx_word' id='word_1_211' title='bbox 672 3419 733 3483; x_wconf 88' lang='lat' dir='ltr'><strong>sq.:</strong></span> 
     </span>
    </p>
   </div>
   <div class='ocr_carea' id='block_1_6' title="bbox 351 3535 1154 3931">
    <p class='ocr_par' dir='ltr' id='par_1_8' title="bbox 351 3535 1154 3931">
     <span class='ocr_line' id='line_1_30' title="bbox 351 3535 1089 3614; baseline 0.003 -14"><span class='ocrx_word' id='word_1_212' title='bbox 351 3535 529 3600; x_wconf 80' lang='lat' dir='ltr'><strong>Menander</strong></span> <span class='ocrx_word' id='word_1_213' title='bbox 550 3535 627 3614; x_wconf 81' lang='lat' dir='ltr'><strong>facit</strong></span> <span class='ocrx_word' id='word_1_214' title='bbox 649 3536 809 3600; x_wconf 85' lang='lat' dir='ltr'><strong>Audriam</strong></span> <span class='ocrx_word' id='word_1_215' title='bbox 831 3542 859 3599; x_wconf 83' lang='lat' dir='ltr'><strong>et</strong></span> <span class='ocrx_word' id='word_1_216' title='bbox 882 3535 1089 3602; x_wconf 75' lang='lat' dir='ltr'><strong>Perinthiam.</strong></span> 
     </span>
     <span class='ocr_line' id='line_1_31' title="bbox 353 3639 1105 3722; baseline 0.004 -20"><span class='ocrx_word' id='word_1_217' title='bbox 353 3639 414 3719; x_wconf 80' lang='lat' dir='ltr'><strong>Qui</strong></span> <span class='ocrx_word' id='word_1_218' title='bbox 435 3641 594 3703; x_wconf 82' lang='lat' dir='ltr'><strong>utramuis</strong></span> <span class='ocrx_word' id='word_1_219' title='bbox 615 3647 696 3703; x_wconf 82' lang='lat' dir='ltr'><strong>reate</strong></span> <span class='ocrx_word' id='word_1_220' title='bbox 717 3643 811 3722; x_wconf 79' lang='lat' dir='ltr'><strong>norit,</strong></span> <span class='ocrx_word' id='word_1_221' title='bbox 834 3640 940 3705; x_wconf 83' lang='lat' dir='ltr'><strong>ambas</strong></span> <span class='ocrx_word' id='word_1_222' title='bbox 963 3643 1105 3705; x_wconf 83' lang='lat' dir='ltr'><strong>nouerit:</strong></span> 
     </span>
     <span class='ocr_line' id='line_1_32' title="bbox 351 3742 1154 3829; baseline 0.002 -21"><span class='ocrx_word' id='word_1_223' title='bbox 351 3742 425 3808; x_wconf 89' lang='lat' dir='ltr'><strong>Nou</strong></span> <span class='ocrx_word' id='word_1_224' title='bbox 446 3744 492 3806; x_wconf 86' lang='lat' dir='ltr'><strong>ita</strong></span> <span class='ocrx_word' id='word_1_225' title='bbox 517 3743 665 3807; x_wconf 78' lang='lat' dir='ltr'><strong>dissimili</strong></span> <span class='ocrx_word' id='word_1_226' title='bbox 687 3751 759 3808; x_wconf 83' lang='lat' dir='ltr'><strong>suut</strong></span> <span class='ocrx_word' id='word_1_227' title='bbox 781 3751 978 3829; x_wconf 78' lang='lat' dir='ltr'><strong>aryumeuta,</strong></span> <span class='ocrx_word' id='word_1_228' title='bbox 1001 3752 1028 3808; x_wconf 84' lang='lat' dir='ltr'><strong>et</strong></span> <span class='ocrx_word' id='word_1_229' title='bbox 1051 3751 1154 3810; x_wconf 85' lang='lat' dir='ltr'><strong>tamea</strong></span> 
     </span>
     <span class='ocr_line' id='line_1_33' title="bbox 351 3845 1059 3931; baseline 0.003 -21"><span class='ocrx_word' id='word_1_230' title='bbox 351 3845 510 3910; x_wconf 81' lang='lat' dir='ltr'><strong>Dissimili</strong></span> <span class='ocrx_word' id='word_1_231' title='bbox 531 3849 673 3911; x_wconf 85' lang='lat' dir='ltr'><strong>oratioue</strong></span> <span class='ocrx_word' id='word_1_232' title='bbox 694 3855 767 3911; x_wconf 86' lang='lat' dir='ltr'><strong>suut</strong></span> <span class='ocrx_word' id='word_1_233' title='bbox 784 3847 895 3931; x_wconf 85' lang='lat' dir='ltr'><strong>factae</strong></span> <span class='ocrx_word' id='word_1_234' title='bbox 918 3869 956 3911; x_wconf 90' lang='lat' dir='ltr'><strong>ac</strong></span> <span class='ocrx_word' id='word_1_235' title='bbox 978 3849 1059 3912; x_wconf 84' lang='lat' dir='ltr'><strong>stilo.</strong></span> 
     </span>
    </p>
   </div>
   <div class='ocr_carea' id='block_1_7' title="bbox 199 3982 1331 4167">
    <p class='ocr_par' dir='ltr' id='par_1_9' title="bbox 199 3982 1331 4167">
     <span class='ocr_line' id='line_1_34' title="bbox 301 3982 1331 4070; baseline 0.004 -24"><span class='ocrx_word' id='word_1_236' title='bbox 301 3982 338 4046; x_wconf 90' lang='lat' dir='ltr'><strong>In</strong></span> <span class='ocrx_word' id='word_1_237' title='bbox 362 3984 494 4067; x_wconf 86' lang='lat' dir='ltr'><strong>prologo</strong></span> <span class='ocrx_word' id='word_1_238' title='bbox 516 3983 616 4048; x_wconf 86' lang='lat' dir='ltr'><strong>altero</strong></span> <span class='ocrx_word' id='word_1_239' title='bbox 638 3985 679 4048; x_wconf 86' lang='lat' dir='ltr'><strong>ad</strong></span> <span class='ocrx_word' id='word_1_240' title='bbox 703 3985 864 4070; x_wconf 85' lang='lat' dir='ltr'><strong>Hecyram</strong></span> <span class='ocrx_word' id='word_1_241' title='bbox 893 4008 923 4050; x_wconf 83' lang='lat' dir='ltr'><strong>v.</strong></span> <span class='ocrx_word' id='word_1_242' title='bbox 947 3987 998 4068; x_wconf 84' lang='lat'><strong>21,</strong></span> <span class='ocrx_word' id='word_1_243' title='bbox 1029 4008 1100 4049; x_wconf 90' lang='lat' dir='ltr'><strong>eum</strong></span> <span class='ocrx_word' id='word_1_244' title='bbox 1130 3988 1223 4050; x_wconf 86' lang='lat' dir='ltr'><strong>tertia</strong></span> <span class='ocrx_word' id='word_1_245' title='bbox 1245 3987 1331 4051; x_wconf 87' lang='lat' dir='ltr'><strong>actio</strong></span> 
     </span>
     <span class='ocr_line' id='line_1_35' title="bbox 199 4085 832 4167; baseline 0.008 -19"><span class='ocrx_word' id='word_1_246' title='bbox 199 4085 298 4167; x_wconf 80' lang='lat' dir='ltr'><strong>fieret,</strong></span> <span class='ocrx_word' id='word_1_247' title='bbox 322 4086 401 4149; x_wconf 90' lang='lat' dir='ltr'><strong>nihil</strong></span> <span class='ocrx_word' id='word_1_248' title='bbox 423 4087 542 4150; x_wconf 91' lang='lat' dir='ltr'><strong>dictum</strong></span> <span class='ocrx_word' id='word_1_249' title='bbox 564 4094 612 4152; x_wconf 89' lang='lat' dir='ltr'><strong>est</strong></span> <span class='ocrx_word' id='word_1_250' title='bbox 634 4089 693 4152; x_wconf 90' lang='lat' dir='ltr'><strong>nisi</strong></span> <span class='ocrx_word' id='word_1_251' title='bbox 716 4085 832 4153; x_wconf 80' lang='lat' dir='ltr'><strong>‘refero’</strong></span> 
     </span>
    </p>
   </div>
   <div class='ocr_carea' id='block_1_8' title="bbox 301 4223 1219 4416">
    <p class='ocr_par' dir='ltr' id='par_1_10' title="bbox 301 4223 1219 4416">
     <span class='ocr_line' id='line_1_36' title="bbox 301 4223 1219 4311; baseline 0.004 -24"><span class='ocrx_word' id='word_1_252' title='bbox 301 4223 466 4308; x_wconf 79' lang='lat' dir='ltr'><strong>Hecyram</strong></span> <span class='ocrx_word' id='word_1_253' title='bbox 490 4226 532 4289; x_wconf 86' lang='lat' dir='ltr'><strong>ad</strong></span> <span class='ocrx_word' id='word_1_254' title='bbox 554 4247 610 4290; x_wconf 86' lang='lat' dir='ltr'><strong>uos</strong></span> <span class='ocrx_word' id='word_1_255' title='bbox 634 4227 748 4310; x_wconf 73' lang='lat' dir='ltr'><strong>resero,</strong></span> <span class='ocrx_word' id='word_1_256' title='bbox 771 4248 862 4311; x_wconf 77' lang='lat' dir='ltr'><strong>pamm</strong></span> <span class='ocrx_word' id='word_1_257' title='bbox 885 4228 962 4291; x_wconf 82' lang='lat' dir='ltr'><strong>mihi</strong></span> <span class='ocrx_word' id='word_1_258' title='bbox 979 4248 1039 4311; x_wconf 80' lang='lat' dir='ltr'><strong>per</strong></span> <span class='ocrx_word' id='word_1_259' title='bbox 1062 4228 1219 4291; x_wconf 78' lang='lat' dir='ltr'><strong>silentium</strong></span> 
     </span>
     <span class='ocr_line' id='line_1_37' title="bbox 303 4325 841 4416; baseline 0 -21"><span class='ocrx_word' id='word_1_260' title='bbox 303 4325 483 4413; x_wconf 76' lang='lat' dir='ltr'><strong>Numquam</strong></span> <span class='ocrx_word' id='word_1_261' title='bbox 508 4352 602 4414; x_wconf 80' lang='lat' dir='ltr'><strong>aycre</strong></span> <span class='ocrx_word' id='word_1_262' title='bbox 624 4332 774 4395; x_wconf 75' lang='lat' dir='ltr'><strong>licitumst</strong></span> <span class='ocrx_word' id='word_1_263' title='bbox 796 4354 841 4416; x_wconf 88' lang='lat' dir='ltr'><strong>sq.</strong></span> 
     </span>
    </p>
   </div>
   <div class='ocr_carea' id='block_1_9' title="bbox 0 0 1520 4816">
    <p class='ocr_par' dir='ltr' id='par_1_11' title="bbox 0 0 1520 4816">
     <span class='ocr_line' id='line_1_38' title="bbox 0 0 1520 4816; baseline 0 0"><span class='ocrx_word' id='word_1_264' title='bbox 0 0 1520 4816; x_wconf 95' lang='lat' dir='ltr'><strong> </strong></span> 
     </span>
    </p>
   </div>
  </div>
 </body>
</html>
