2954 4808
665 279 758 364 [151]

385 470 410 522 ἓ.
448 471 493 521 llll
513 471 791 524 CONSliCUTlONl}
813 473 1027 527 rauranum.

244 574 510 640 Consecutionem
535 581 712 659 temporum
737 577 958 642 Ammianeam
983 580 1049 642 fieri
1081 600 1144 643 uon
1169 587 1275 665 potest

140 685 176 743 ut
208 687 387 763 separatam
426 686 660 763 perscrutemur
697 687 792 765 atque
823 703 1021 766 exponamus
1053 705 1073 747 a
1107 684 1275 749 modorum

142 806 210 861 usu,
234 805 303 847 eum
328 784 512 866 praesertim
537 806 613 848 usus
629 793 807 869 temporum
824 795 856 850 et
872 787 1038 851 modorum
1057 788 1088 850 iu
1104 789 1275 851 enuntiatis

139 887 334 953 secundariis
365 893 428 951 tam
450 894 520 952 arte
553 889 635 952 iuter
665 911 699 952 se
731 890 935 970 cohaereant,
968 899 1003 954 ut
1037 891 1098 954 hoo
1128 889 1275 973 neglecto

139 992 219 1056 alter
242 997 326 1055 recte
350 991 494 1074 intellegi
516 1001 665 1075 nequeat.
712 993 915 1079 Quapropter
939 993 1034 1058 malui
1057 995 1087 1057 ia
1106 995 1185 1058 libro
1202 1016 1275 1080 pro·

139 1095 225 1159 ximo
257 1115 324 1157 rem
347 1095 494 1159 continua
524 1095 666 1160 oratioue
697 1102 903 1179 pertractare,
934 1097 979 1161 eis
1004 1105 1109 1162 tamen
1140 1098 1274 1179 omissis,

140 1219 222 1284 quae
245 1199 308 1261 iarn
338 1218 434 1281 supra
466 1218 539 1281 pag.
567 1200 690 1262 16-22
722 1199 892 1283 disputavi,
926 1200 979 1265 ubi
1011 1200 1052 1266 de
1084 1201 1276 1265 coniunctivi

138 1303 429 1387 repraesentatione
466 1301 611 1368 disserui.
667 1303 716 1367 lbi
750 1305 848 1387 igitur
882 1305 1009 1389 singula
1048 1305 1276 1369 sententiarum

139 1428 257 1489 genera
290 1428 471 1492 percurram
507 1414 538 1471 et
573 1427 664 1492 quern
703 1408 866 1472 modorum
904 1418 936 1473 et
971 1417 1149 1493 temporum
1182 1429 1273 1473 usum

139 1512 328 1576 Ammianus
351 1522 479 1575 secutus
504 1511 546 1575 sit
570 1512 745 1577 ostendam.

243 1616 431 1700 Priusquam
455 1623 566 1679 autem
587 1614 627 1677 ad
651 1636 716 1678 rem
740 1616 840 1699 ipsam
864 1615 992 1699 accedo,
1016 1618 1178 1699 nonnulla,
1196 1638 1277 1702 quae

140 1720 233 1785 facile
256 1720 306 1783 hic
330 1719 451 1783 absolvi
475 1724 617 1803 possunt,
650 1719 786 1784 breviter
809 1740 980 1804 exponam.
1027 1722 1213 1785 Ammianus
1244 1722 1276 1784 iu

139 1825 319 1889 universum
358 1845 427 1889 eam
466 1831 648 1909 temporum
686 1825 935 1889 convenientiam
975 1826 1143 1905 observat,
1181 1845 1275 1911 quam

140 1948 256 1992 aureae
285 1927 400 1992 aetatis
430 1928 618 2012 scriptorum
649 1928 821 1993 auctoritas
851 1929 962 1993 statuit
991 1936 1023 1992 et
1059 1929 1276 2012 confirmavit3
1347 1978 1349 1980 ψ

141 2054 204 2096 non
229 2054 300 2096 raro
317 2041 424 2096 tamen
440 2030 554 2096 Graeci
570 2034 722 2098 sermonis
737 2053 830 2096 usum
849 2033 981 2099 orationi
997 2034 1160 2112 immiscet,
1180 2054 1276 2120 saepe

141 2137 313 2221 vulgarem,
337 2135 495 2201 interdurn
519 2137 614 2202 etiarn
638 2137 782 2222 proprias
805 2137 865 2202 sibi
880 2140 969 2221 leges
985 2138 1158 2203 coustituit.
1195 2136 1277 2201 (lon-

140 2240 272 2306 cordant
293 2240 481 2327 plerumque
503 2242 586 2305 inter
607 2261 641 2306 se
664 2242 845 2326 praesentia
869 2248 900 2304 et
922 2242 1029 2305 futura
1052 2241 1277 2305 enuntiationis

140 2345 308 2429 primariae
332 2366 404 2408 curu
427 2344 648 2430 praesentibus
672 2352 704 2410 et
727 2344 876 2428 perfectis
900 2345 1103 2422 coniunctivi,
1130 2353 1276 2429 tempora

139 2456 245 2512 autem
269 2469 342 2513 vere
366 2449 540 2532 praeterita
570 2470 640 2513 cum
672 2447 862 2534 imperfectis
894 2457 926 2512 et
956 2447 1276 2534 plusquamperl'eetis

140 2553 340 2617 coniunctivi.
386 2553 492 2640 Saepe
515 2574 591 2618 vero
614 2575 672 2638 per
687 2553 1013 2639 repraesentationem
1029 2552 1079 2615 vel
1095 2552 1278 2637 praeseutia

140 2656 192 2718 vel
215 2655 355 2739 perfecta
379 2657 570 2721 coniunctivi
593 2677 651 2741 pro
674 2656 865 2740 imperfectis
889 2655 940 2718 vel
955 2653 1275 2740 plusquamperfeetis

140 2766 316 2825 occurrunt.
343 2759 446 2835 Quam
459 2761 784 2846 repraesentationem
797 2759 863 2824 fieri
877 2760 1046 2843 praecipue
1061 2759 1092 2822 iu
1107 2758 1277 2823 enuntiatis

139 2863 295 2945 finalibus,
320 2859 539 2946 consecutivis,
555 2865 793 2948 interrogativis
809 2863 954 2947 obliquis,
978 2862 1078 2927 rarius
1094 2861 1125 2925 in
1146 2863 1278 2948 reliquis

137 2967 202 3031 iam
223 2989 319 3054 supra
342 2989 416 3053 pag.
442 2971 481 3032 16
506 2968 652 3052 exposui.

241 3072 357 3137 Tribus
379 3080 501 3137 tantum
517 3073 594 3137 locis
612 3072 833 3137 coniunctivus
850 3069 1025 3155 imperfecti
1042 3069 1137 3136 foede
1152 3070 1278 3154 irrepsit

137 3197 194 3261 pro
219 3178 422 3243 coniunctivo
446 3177 644 3262 praesentis:

59 3260 67 3274 ⁶
244 3280 278 3365 1)
308 3284 360 3348 28.
393 3287 423 3363 4,
450 3283 488 3345 13
512 3282 694 3347 Poscuntur
723 3283 817 3345 etiam
850 3282 884 3343 in
916 3279 1065 3343 conuiuiis
1095 3279 1279 3363 aliquotiens

138 3388 294 3469 trutinae,
328 3394 363 3450 ut
396 3386 535 3472 adpositi
564 3388 668 3470 pisces
701 3433 708 3450 .
742 3433 780 3449 ..
809 3383 1024 3468 porrderentur
1047 3430 1055 3446 .
1080 3431 1088 3446 .
1113 3432 1120 3446 .
1147 3402 1278 3466 puerum

138 3491 325 3574 raupa-itudo
348 3492 475 3575 saepius
493 3491 683 3575 praedicata
707 3509 771 3553 raon
792 3491 860 3553 sine
876 3487 981 3552 taedio
1000 3487 1277 3570 praesentium...

137 3594 293 3659 laudatur
316 3643 323 3658 .
350 3645 389 3659 ..
420 3596 555 3658 maxilua
588 3615 658 3658 eum
687 3593 762 3657 haee
793 3593 899 3656 euclem
930 3596 1131 3654 numerantes
1161 3589 1280 3652 notarii

138 3700 273 3782 tripinta
300 3718 403 3782 prope
434 3697 594 3762 adsisteret
625 3717 695 3761 eram
719 3747 726 3760 .
750 3746 757 3760 .
783 3747 790 3760 .
824 3694 958 3776 tubulis,
991 3701 1026 3757 nt
1058 3693 1160 3758 deesse
1192 3693 1280 3756 solus

138 3803 289 3885 ruapister
312 3802 381 3866 ludi
403 3801 555 3866 litterarii
576 3801 750 3878 rideretur,
783 3797 818 3883 2)
848 3800 899 3863 25.
925 3799 953 3879 3,
979 3799 1017 3861 17
1051 3817 1105 3861 nec
1135 3815 1182 3859 me
1205 3845 1212 3860 .
1238 3845 1245 3860 .
1271 3845 1278 3860 .

137 3908 248 3990 pravis
264 3906 387 3991 slarpitii
409 3905 588 3970 recordatio
610 3905 739 3989 striapit
762 3904 808 3967 uel
832 3924 902 3967 crura
922 3903 955 3965 in
976 3899 1087 3964 arama
1105 3947 1111 3962 .
1127 3949 1134 3963 .
1153 3950 1160 3965 .
1176 3918 1280 3962 uerren-

138 4010 236 4074 darer
258 4011 304 4075 ret
322 4018 394 4094 post
417 4011 630 4095 principatum
654 4014 847 4092 arescentem,
878 4008 913 4089 3)
938 4008 990 4070 26.
1007 4011 1037 4087 4,
1062 4009 1080 4069 6
1105 4003 1279 4068 Persarum

138 4134 193 4178 rea
215 4136 331 4179 manus
353 4114 515 4179 Armeniis
537 4112 781 4178 iniectabat...
804 4113 919 4175 iniuste
942 4109 1104 4175 causando
1127 4106 1211 4193 quod

138 4218 216 4284 rrilril
241 4219 363 4284 obstare
387 4217 583 4299 delebitque
615 4217 719 4280 minus
746 4237 784 4281 ea
813 4221 1024 4300 recaeperaret.
1069 4211 1182 4276 Altero
1207 4210 1279 4274 loeo

138 4321 206 4408 (25.
231 4328 262 4408 3,
291 4324 344 4405 ll)
368 4321 563 4388 aruendabar
585 4321 703 4386 rectius
726 4320 861 4385 dixisset
885 4317 1089 4399 Ammianus;
1118 4314 1177 4381 sed
1207 4334 1280 4378 eum
