2956 4822
202 298 242 359 el
725 293 815 378 [reo]

201 507 265 551 uon
295 487 428 550 multum
452 486 579 560 aberat,
610 487 685 570 quin
715 486 768 549 illa
792 485 965 552 dominatio
989 493 1058 551 tota
1085 486 1343 569 exstingueretur

201 592 247 654 eis
270 591 360 654 bellis
389 610 472 675 quae
495 590 648 655 Seleucus
672 590 706 654 II
741 612 812 654 oum
835 590 1024 656 Ptolemaeo
1054 590 1217 674 Euergeta
1248 588 1342 654 simul

201 702 300 780 atque
322 717 394 759 oum
417 695 600 760 domesticis
623 694 768 759 hostibus
784 694 920 779 gerebat
933 697 951 760 ¹.
986 695 1090 759 Huius
1113 695 1202 759 urbis
1225 714 1343 779 synoe-

201 800 351 881 cismum,
387 820 482 887 quem
511 821 576 864 nou
610 801 715 864 minus
749 821 847 884 quam
875 800 1025 866 Teiorum
1064 808 1096 863 et
1125 798 1342 863 Lebcdiorum

202 903 385 987 Antigonus
400 903 624 989 imperfectum
639 903 804 988 reliquisse
821 901 959 984 uidetur,
976 903 1188 987 Lysimachus
1204 901 1342 985 excepit.

202 1005 284 1073 Nam
308 1007 402 1072 huius
431 1008 494 1073 loci
522 1008 668 1073 condicio
692 1008 797 1092 aptior
821 1015 901 1090 erat,
924 1029 1020 1093 quam
1043 1012 1080 1071 ut
1102 1007 1341 1091 synoecismum

202 1110 430 1198 huncquoque
446 1112 529 1177 sicut
544 1111 659 1176 Teium
681 1111 818 1175 tolleret.
852 1109 966 1195 Itaque
981 1109 1100 1175 laboris
1117 1129 1212 1194 quem
1228 1109 1344 1173 aduer-

202 1216 304 1281 sarius
327 1216 546 1298 incohauerat,
569 1215 710 1280 fructum
733 1215 793 1278 sibi
815 1215 978 1280 uindicare
1002 1215 1151 1280 malebat.

304 1318 407 1394 Quam
432 1320 563 1384 obrem
587 1340 658 1382 oum
681 1318 765 1383 Telis
789 1319 884 1382 aliter
908 1320 1026 1403 egerit,
1051 1321 1113 1383 iam
1138 1337 1341 1404 quaeramus.

200 1424 342 1489 Dubium
356 1425 440 1490 enim
456 1444 520 1488 uon
539 1429 596 1505 est,
612 1424 687 1509 quin
704 1422 915 1508 Lysimachus
938 1422 1146 1509 prohibuerit,
1171 1422 1343 1508 quominus

201 1529 263 1593 hoc
293 1528 378 1614 quod
411 1530 442 1592 in
473 1530 620 1594 manibus
650 1534 714 1609 est,
750 1527 915 1592 consilium
940 1527 1094 1613 Antigoni
1121 1528 1342 1614 perficeretur.

201 1633 348 1717 (v.p.ll
366 1631 440 1718 sq).
486 1633 595 1716 Atque
626 1632 658 1695 in
682 1631 776 1695 huius
800 1632 906 1695 locum
929 1631 1012 1696 aliud
1037 1631 1213 1696 substituit.
1260 1628 1343 1694 Nam

200 1735 415 1802 Lebediomm
438 1736 548 1801 urbem
573 1736 671 1799 nihilo
695 1735 798 1799 secius
822 1735 971 1816 sustulit,
996 1735 1138 1821 itemque
1160 1734 1343 1819 Colophon·

200 1841 313 1920 iorum,
340 1848 492 1927 utrosque
511 1839 718 1926 Ephesum
742 1838 916 1904 traduxit2.
962 1838 1075 1905 Nouae
1098 1840 1182 1905 euim
1198 1840 1343 1903 ciuitates

200 1964 420 2030 quaecumque
435 1943 663 2022 condebantur,
686 1942 807 2006 forent
824 1943 891 2007 eius
916 1943 1010 2007 rebus
1027 1944 1165 2008 maxime
1184 1944 1343 2024 fenerent,

200 2069 274 2134 spes
298 2049 405 2134 alique
429 2069 501 2113 esse
524 2046 705 2128 uidebatur,
736 2068 842 2133 equo
866 2047 1014 2113 conditae
1038 2055 1070 2112 et
1099 2047 1139 2111 ed
1169 2046 1343 2112 conditoris

201 2151 369 2217 commoda
392 2152 555 2216 institutae
579 2158 696 2216 essent.
740 2149 813 2225 Qua
836 2172 869 2215 re
892 2150 1074 2235 Lysimachi
1099 2173 1163 2215 uon
1190 2152 1344 2215 intererat

200 2254 351 2320 Teiorum
373 2257 538 2320 ciuitatem
561 2255 715 2339 Antigoni
741 2255 874 2320 consilio
898 2256 1018 2338 augeri,
1048 2256 1107 2320 nisi
1131 2255 1213 2320 sieut
1236 2254 1344 2340 Smyr·

200 2379 285 2442 nem,
308 2358 545 2441 Alexandriam,
566 2357 726 2441 Nicaeam,
751 2379 821 2423 eam
844 2359 1035 2425 immutaret.
1082 2360 1141 2424 Oui
1167 2369 1273 2429 tamon
1297 2359 1343 2423 rei

200 2463 296 2528 aliam
319 2463 478 2548 praetulit.

303 2565 452 2653 Ephesus
477 2567 659 2632 enimurbe
683 2589 746 2632 nou
770 2568 874 2632 solum
898 2567 938 2631 ed
969 2567 1218 2632 dominationem
1248 2571 1342 2634 meri·

201 2671 310 2735 timum
334 2670 540 2737 obtinendam
556 2693 633 2758 prae
649 2673 720 2736 aliis
736 2678 917 2757 opportune
934 2671 1122 2737 uidebatur:
1146 2681 1343 2758 quapropter

201 2774 252 2839 hio
285 2777 418 2840 classem
449 2775 634 2861 Antigonus
667 2777 868 2840 constituisse
903 2783 1000 2860 atque
1031 2777 1113 2841 hone
1141 2777 1340 2862 potissimum

201 2878 379 2943 ciuitatium
410 2880 604 2943 Graecarum
628 2900 704 2944 orae
727 2879 826 2943 Asiae
855 2879 1061 2945 occidentalis
1092 2880 1262 2964 praesidio,
1292 2882 1343 2946 cui

201 2980 329 3048 obsides
352 2983 496 3048 Rhodios
519 2983 706 3063 tradiderat,
729 2985 870 3049 firmosse
892 2983 1030 3064 uidetur,
1054 2986 1098 3049 ite
1122 2991 1158 3049 ut
1181 2985 1241 3050 nisi
1258 2985 1342 3051 obsi-

200 3085 297 3152 dione
318 3087 495 3174 Prepelaus
521 3109 592 3154 eam
616 3108 773 3174 occupare
805 3108 868 3152 non
892 3089 1034 3173 posseti.
1081 3090 1342 3164 Quamobrem

200 3190 283 3255 hanc
305 3192 438 3278 primam
456 3193 637 3257 Demetrius
653 3199 808 3256 autumno
830 3195 905 3257 anni
921 3195 984 3258 302
1000 3214 1190 3279 recuperare
1209 3192 1342 3273 studuit,

200 3300 298 3380 atque
322 3296 385 3360 huo
407 3303 481 3381 post
503 3296 626 3361 cladem
642 3297 808 3380 Ipsensem
832 3296 988 3381 confugit.
1034 3296 1099 3362 Sed
1122 3299 1217 3361 etiam
1235 3297 1342 3382 Ephe·

199 3399 318 3463 siorum
341 3400 497 3486 populum
521 3401 553 3464 iu
576 3421 688 3465 eorum
704 3421 838 3465 numero
854 3400 954 3465 fuisse
973 3402 1027 3486 qui
1043 3402 1182 3466 maxime
1198 3403 1341 3467 omnium

200 3501 367 3567 Demetrio
384 3504 541 3588 lauereut,
558 3505 699 3569 eflicitur
712 3526 729 3568 e
745 3505 844 3569 titulis
860 3506 1019 3569 nonnullis
1032 3503 1154 3589 Ephesi
1167 3529 1185 3569 a
1198 3506 1341 3571 Woodio

199 3606 350 3687 iuuentis,
373 3629 508 3693 quorum
534 3608 589 3674 hos
612 3608 769 3674 adieram:
793 3608 828 3689 a]
852 3609 951 3674 lusor.
967 3610 1049 3674 from
1065 3610 1119 3674 the
1135 3609 1172 3675 T.
1189 3611 1225 3674 ol
1237 3610 1341 3674 Diana

199 3729 229 3771 u.
246 3712 275 3786 8,
297 3730 361 3795 quo
385 3713 589 3794 gratulantur
611 3710 741 3797 Ephesii
765 3713 928 3797 Antigono
953 3722 985 3778 et
1007 3714 1184 3793 Demetrio,
1208 3713 1341 3779 uictoria

200 3819 235 3874 ut
251 3813 379 3879 uidetur
400 3815 484 3901 apud
506 3816 648 3901 Cyprum
671 3818 853 3903 nuperrime
877 3827 968 3902 parta
993 3816 1097 3900 (306),
1120 3824 1151 3880 et
1173 3817 1341 3881 sollemnia

199 3917 357 4000 quaedam
381 3918 454 3983 ideo
478 3920 658 3984 instituunt.
695 3919 733 4004 b)
749 3920 865 3985 ibidem
882 3943 911 3984 u.
929 3924 970 3985 25
986 3949 1027 3972 =
1044 3920 1159 4002 Hiclrs,
1181 3921 1237 3986 Gr.
1255 3920 1339 3985 Hist.

199 4018 297 4085 Inscr.
337 4023 415 4102 150,
454 4023 508 4107 qui
541 4024 745 4107 sagacissime
782 4024 823 4088 ad
859 4046 909 4088 res
945 4045 964 4090 a
997 4023 1143 4092 Diodoro
1176 4024 1242 4092 XX
1279 4027 1338 4092 107

274 4137 456 4229 emmim
476 4188 582 4243 purtem
602 4180 639 4232 ΙΙ.
847 4229 850 4235 .

303 4264 312 4300 ²
333 4265 414 4315 Paua.
433 4265 490 4328 19,
509 4267 533 4319 7.
554 4265 607 4317 Vll
625 4265 650 4328 3,
668 4269 683 4319 l
704 4283 745 4345 sq.

303 4349 314 4390 ⁸
333 4350 450 4409 Diodor·
468 4351 522 4413 xx
542 4352 599 4416 lma
618 4356 642 4415 4·
