2970 4814
241 226 282 304 ao
678 267 719 289 -.
766 224 854 319 [roc]
903 267 941 280 -

240 416 405 502 χαίνοντες
432 416 493 508 γὰρ
524 413 647 501 adroic
672 416 731 509 τὴν
761 416 922 509 αἴσθησιν
954 417 1147 507 ποιούμεθα
1174 428 1238 492 τῶν
1266 421 1380 512 elope-

167 607 168 610 ,
243 520 395 608 ρομένων.

329 627 381 692 Ex
405 627 467 692 hoe
482 627 608 693 Meletii
633 618 711 693 looo'
728 628 808 693 illud
832 649 961 714 quoque
977 631 1194 716 cognoscitur,
1217 630 1380 716 quomodo

243 731 364 795 lactum
395 732 454 812 sit,
486 738 522 796 ut
550 730 604 796 Et.
629 730 684 796 Or.
708 735 796 812 4θ,4
820 733 981 798 vocabula
1013 728 1139 818 γνάθος
1173 741 1206 800 et
1238 729 1380 816 χαλινός,

242 857 344 921 quae,
373 837 400 899 si
428 834 574 902 ordinem
603 835 786 900 litterarum
814 839 1020 923 respexeris,
1048 838 1146 923 longa
1178 838 1382 924 seiungenda

244 944 353 1020 erant,
381 960 446 1003 uno
476 939 610 1003 afferret
633 943 757 1003 tenore.
803 939 896 1014 Quae
928 954 1001 1006 oum
1024 942 1197 1007 coniuncta
1225 944 1258 1008 in
1289 943 1383 1010 fonte

243 1063 301 1114 suo
330 1043 545 1128 repperisset,
577 1041 678 1108 Orion
706 1063 764 1129 per
792 1044 1051 1130 neglegentiam,
1086 1067 1171 1131 quae
1200 1046 1380 1112 secuudum

247 1145 465 1232 Etymologiei
489 1145 632 1211 indolem
656 1144 840 1232 separanda
863 1153 966 1227 erant,
989 1170 1055 1213 una
1077 1150 1223 1235 protulit.

334 1287 364 1352 2.
401 1283 455 1349 Or.
482 1287 552 1365 163,
572 1286 610 1348 ta
638 1290 770 1350 exstant
792 1283 890 1349 haee:
921 1281 1065 1372 Xeiiq:
1090 1281 1132 1351 τὰ
1154 1287 1320 1373 θνροόντα
1342 1283 1377 1354 τί

246 1382 370 1471 στόμα,
403 1385 460 1453 καὶ
489 1377 560 1454 οἷον
588 1382 693 1474 ἕχίλη,
722 1382 764 1452 τὰ
792 1382 1001 1453 καλύπτοντα
1023 1386 1080 1454 καὶ
1109 1388 1282 1472 συνέχοντα
1304 1388 1382 1471 τούς

246 1483 394 1582 ὀδόντας·
418 1486 441 1579 ἢ
461 1483 613 1557 ἀπὸτοῦ
636 1484 677 1556 δι’
703 1484 810 1561 αὐτῶν
832 1486 888 1558 τόν
910 1487 1000 1573 χιλόν
1014 1491 1162 1560 τουτέστι
1176 1490 1235 1584 τὴν
1256 1492 1382 1585 τροφὴν

245 1596 423 1683 λαμβάνειν
442 1649 450 1663 .
467 1649 475 1664 .
493 1649 525 1664 ..
548 1599 747 1681 Larcharus,
771 1622 843 1665 eum
867 1599 908 1664 de
930 1599 993 1664 hoo
1015 1600 1087 1665 looo
1111 1600 1274 1685 ageret¹)‚
1298 1600 1379 1665 illud

247 1702 376 1788 quidem
413 1705 582 1790 perspexit
616 1700 704 1790 ἑχίλη
738 1705 931 1770 vocabulum
969 1711 1157 1791 corruptum
1192 1727 1282 1786 esse,
1321 1727 1382 1769 nec

247 1817 356 1872 tamen
380 1808 560 1886 intellexit,
589 1829 686 1894 quam
709 1811 774 1874 levi
797 1810 977 1874 litterarum
1001 1811 1181 1874 mutatione
1211 1809 1286 1873 huic
1309 1810 1380 1874 loco

248 1911 377 1977 medela
401 1913 510 1977 afferri
533 1921 657 2000 posset,
680 1912 736 1977 sed
759 1934 816 1999 pro
833 1909 922 1999 ἕχίλη
939 1912 1144 1978 scribendum
1161 1913 1287 1978 censuit
1301 1907 1381 2000 et'l'q.

161 2025 165 2031 '
243 2015 360 2101 Neque
377 2037 420 2081 ex
435 2015 661 2102 Iltymologioo
684 2016 804 2101 Magno
836 2038 942 2102 neque
969 2038 1011 2082 ex
1035 2017 1186 2083 Gudiano
1209 2018 1382 2104 quicquam

244 2120 326 2185 lueis
358 2120 398 2185 ad
431 2121 517 2185 hunc
549 2122 656 2187 locum
686 2121 856 2186 redundat.
914 2122 1070 2186 Attamen
1103 2143 1200 2207 quarn
1234 2123 1333 2207 longe
1364 2144 1383 2187 a

245 2246 401 2310 germana
430 2225 569 2290 lectione
598 2225 799 2291 aberraverit
821 2225 1018 2306 Larcherus,
1050 2227 1263 2311 gravissimus
1286 2227 1383 2292 testis

246 2335 296 2393 est
325 2329 497 2405 Meletius,
533 2329 588 2414 qui
618 2330 804 2416 incorrupta
835 2326 937 2415 ipsius
967 2329 1082 2394 Sorani
1116 2329 1252 2394 exhibet
1281 2330 1384 2394 verba

245 2455 278 2519 p.
300 2435 423 2513 76,13:
456 2427 498 2497 τὰ
526 2430 563 2497 δὲ
590 2426 858 2521 ἐπικαλύπτοντα
887 2427 926 2498 τό
954 2427 1062 2516 στόμα
1089 2429 1180 2518 χείλη
1206 2433 1382 2499 καλοῦνται

246 2531 316 2603 ἀπὸ
342 2537 401 2602 τοῦ
426 2532 537 2616 κλαίοι,
571 2532 671 2602 οἱονεὶ
700 2533 799 2623 χείλη,
826 2532 868 2603 τὰ
897 2538 1061 2623 θνροῦντα
1088 2534 1145 2602 καὶ
1168 2532 1318 2602 κλαίοντα
1344 2532 1384 2603 τό

246 2635 355 2724 στόμα
376 2638 433 2705 καὶ
455 2636 533 2719 τούς
555 2632 692 2719 ὀδόντας
714 2647 747 2706 et
770 2663 800 2726 q.
824 2662 892 2727 sqq.
933 2641 1037 2706 Vides
1061 2641 1161 2727 igitur
1183 2661 1254 2704 eam
1279 2641 1383 2728 ipsam

248 2745 414 2817 notionem
448 2741 561 2826 aleia,
597 2747 689 2809 ouius
718 2746 840 2810 auxilio
869 2745 1014 2810 Soranus
1044 2745 1201 2829 originem
1234 2744 1383 2808 vocabuli

245 2845 335 2936 χείλη
365 2850 491 2935 aperire
521 2855 658 2913 conatus
690 2856 774 2929 erat,
811 2851 952 2935 itemque
986 2849 1193 2935 participium
1224 2844 1384 2928 κλείοντα,

247 2952 331 3038 qnod
354 2953 415 3018 hoe
438 2955 509 3017 loco
532 2953 664 3017 maximi
688 2960 739 3018 est
761 2954 927 3033 momenti,
957 2952 1043 3039 apud
1067 2951 1224 3017 Orionem
1248 2971 1382 3038 prorsus

248 3058 431 3122 evanuisse.

333 3163 511 3227 Praeterea
543 3162 593 3227 his
624 3162 768 3243 duobus,
801 3182 884 3247 quae
918 3161 1030 3240 attuli,
1062 3161 1224 3248 exemplis
1260 3162 1384 3248 optime

249 3265 464 3332 demonstrari
489 3272 607 3353 potest,
631 3265 791 3352 quomodo
809 3265 909 3331 Orion
934 3288 952 3331 e
976 3271 1130 3330 contextu
1154 3266 1228 3330 libri
1246 3264 1384 3331 Soranei

247 3372 402 3437 lemmata
425 3392 484 3436 sua
500 3370 712 3457 decerpserit,
736 3370 901 3457 decerptis
921 3371 1170 3457 originationem
1186 3370 1383 3436 adiunxerit.

247 3475 418 3540 Meletium
442 3475 528 3539 enim
548 3475 599 3538 his
623 3475 702 3538 loeis
720 3474 838 3539 Sorani
851 3475 960 3557 verba,
984 3474 1093 3560 qualia
1115 3476 1148 3539 in
1171 3475 1242 3560 ipso
1268 3475 1385 3539 Sorani

247 3578 328 3643 libro
345 3578 530 3659 exstabant,
546 3577 777 3665 perscripsisse
799 3580 886 3643 omni
903 3586 1092 3665 exemptum
1109 3586 1158 3643 est
1170 3578 1386 3645 dubitatione.

843 3691 942 3757 Orion
954 3699 1064 3757 autem
1076 3693 1145 3758 lere
1158 3692 1385 3776 haec(163,15

929 3779 1027 3865 sos->2

249 3931 309 3946 ...
331 3875 374 3946 τὰ
396 3879 433 3946 δὲ
453 3872 612 3944 inostro
633 3880 694 3945 τοῦ
709 3873 793 3960 ὠτός
888 3876 1061 3947 Χαλινό.·
1082 3875 1124 3945 τὰ
1147 3874 1305 3946 ’ὑποκάτω
1322 3883 1387 3946 τῶν

248 3979 393 4070 γνάθοι
417 3980 563 4069 λέγονται
586 3980 642 4049 καὶ
672 3983 791 4065 χαλι-
844 3981 985 4071 γνάθων,
1003 3974 1073 4051 οἷον
1085 3981 1199 4066 χανινό
1211 4011 1284 4050 τινα
1297 3978 1385 4065 όντα,

277 3742 423 3808 Soranus
448 3743 546 3827 igitur
568 3743 760 3829 scripserat:

320 4177 340 4245 1)
360 4176 401 4229 at.
421 4176 465 4229 Or.
486 4192 511 4244 p.
534 4176 582 4229 163
601 4174 665 4228 asin.
683 4176 707 4230 9.
