2956 4822
185 309 247 371 102
707 303 796 389 [ros]

286 495 349 562 Ill.
394 496 500 560 Tertia
524 496 609 560 tituli
631 503 733 581 parte,
758 517 840 582 quae
861 497 971 582 paullo
994 504 1068 582 post
1091 497 1223 559 alteram
1241 516 1318 559 con·

181 600 298 684 scripta
320 610 369 664 est
385 602 427 680 (v.
444 600 510 682 91),
535 602 665 665 ciuitate
683 600 848 687 Smyrnaei
864 603 986 665 donant
1002 602 1130 665 colonos
1146 609 1179 664 et
1201 600 1317 665 milites

180 705 286 788 regios
321 706 374 789 qui
408 704 693 788 Palaemagnesiae
725 704 871 768 collocati
904 712 1002 768 erant.
1059 705 1103 768 Hi
1134 724 1264 790 quoque
1299 725 1319 767 a

181 807 316 872 Seleuco
341 808 496 873 defecisse
522 808 683 889 uidentur,
714 815 907 894 quapropter
931 809 1097 894 Smyrnaei
1129 809 1225 871 etiam
1256 807 1318 872 hoc

181 911 378 998 praesidium
397 920 434 976 ut
456 913 488 976 in
511 914 594 998 regis
617 913 711 978 fidem
743 913 943 995 reducerent,
973 934 1051 978 suae
1083 911 1200 975 dicioni
1232 911 1318 975 subi·

182 1017 328 1081 ciendum
350 1018 518 1102 putabant.
564 1016 662 1081 Cuius
685 1018 730 1080 rei
748 1038 843 1081 causa
859 1018 972 1101 legatis
992 1018 1032 1080 ad
1049 1017 1316 1100 Palaemagnetes

180 1121 294 1203 missis,
326 1119 395 1186 lore
426 1128 463 1185 ut
492 1123 624 1205 stipsis
653 1122 766 1185 similia
796 1128 892 1211 atque
915 1121 1120 1205 Magnetibus
1150 1118 1318 1184 commoda

181 1224 443 1307 concederentur,
464 1227 491 1290 si
506 1226 669 1312 praefecto
686 1247 705 1289 a
721 1226 848 1290 ciuitate
864 1227 959 1290 misso
976 1234 1141 1312 portarum
1158 1224 1265 1288 claues
1286 1231 1318 1286 et

181 1328 359 1393 custodiam
382 1331 505 1395 castelli
529 1315 701 1410 traderent,
724 1331 949 1416 promiserunt.
994 1331 1081 1404 Quas
1113 1327 1316 1393 condiciones

181 1453 254 1497 oum
286 1433 331 1497 illi
363 1435 561 1520 acciperent,
593 1443 721 1520 pactum
758 1435 885 1519 quidem
919 1457 989 1498 cum
1019 1435 1064 1498 eis
1093 1454 1156 1498 uon
1185 1432 1317 1510 factum,

180 1558 286 1622 neque
309 1538 434 1603 colonia
456 1540 600 1605 militaris
631 1560 714 1624 quae
736 1539 1020 1623 Palaemagnesiae
1051 1538 1204 1604 collocata
1235 1542 1316 1617 erat,

181 1641 307 1706 sublata
330 1649 388 1725 est,
418 1643 472 1707 sed
504 1642 564 1708 hoc
592 1643 703 1728 populi
726 1644 805 1709 scito
830 1644 996 1729 Smyrnaei
1019 1642 1062 1707 eis
1085 1641 1248 1706 ciuitatem
1271 1640 1317 1703 ita
1438 1671 1441 1677 ·

181 1744 350 1828 dederunt,
373 1755 409 1812 ut
432 1748 525 1812 simul
548 1749 579 1811 in
602 1749 714 1812 militia
740 1749 828 1832 regia
855 1754 1109 1833 perseuerarent,
1140 1752 1171 1810 et
1198 1744 1315 1809 ciuium

181 1850 431 1935 Smyrnaeorum
452 1852 523 1917 iure
551 1852 741 1918 fruerentur.
787 1853 900 1937 Itaque
933 1852 1074 1916 coloniae
1106 1847 1250 1913 condicio
1285 1856 1318 1913 et

181 1955 252 2018 iura
274 1954 336 2020 hoc
358 1956 469 2040 populi
484 1957 564 2022 scito
589 1979 650 2023 non
674 1959 892 2022 immutantur.
939 1955 1053 2021 Coloni
1077 1975 1170 2036 agros
1193 1952 1252 2016 sibi
1267 1974 1316 2017 as·

181 2059 321 2142 signatos
355 2061 507 2125 retinent:
541 2063 610 2126 iure
643 2062 788 2125 nimirum
823 2082 862 2125 eo
898 2067 1030 2125 utuntur
1060 2058 1144 2145 qnod
1177 2059 1208 2121 in
1241 2077 1316 2121 con-

180 2162 343 2228 stituenda
373 2164 499 2230 colonia
528 2187 644 2250 arege
675 2167 719 2231 eis
753 2165 863 2231 datum
895 2171 978 2247 erat,
1010 2165 1084 2228 item
1114 2163 1230 2226 milites
1261 2160 1315 2245 qui

180 2272 308 2351 praeter
330 2267 458 2334 colonos
482 2271 513 2334 in
537 2270 669 2335 castello
693 2278 777 2352 sunt,
800 2270 926 2354 legibus
944 2269 1142 2334 militaribus.
1178 2265 1314 2349 Utrique

181 2369 359 2455 praefectos
382 2394 458 2437 suos
481 2375 629 2456 retinent,
662 2396 854 2460 quamquam
876 2373 1039 2458 imperinm
1071 2370 1192 2435 castelli
1222 2388 1315 2452 prae·

181 2473 267 2538 fecto
290 2494 310 2538 a
333 2475 464 2540 ciuitate
486 2479 581 2541 misso
606 2477 755 2541 traditur:
780 2479 833 2562 qni
857 2485 963 2542 tamen
986 2498 1048 2541 non
1069 2475 1314 2559 Smyrnaeorum

181 2576 238 2641 sed
261 2578 345 2662 regis
367 2580 495 2644 nomine
520 2580 580 2645 hoc
603 2602 733 2646 munere
756 2581 845 2665 fungi
869 2582 996 2645 iubetur
1020 2579 1062 2660 (v.
1087 2579 1127 2641 96
1150 2575 1221 2662 sq).

286 2681 399 2747 Caucis
422 2682 454 2746 iu
477 2683 696 2769 prioreparte
719 2685 884 2770 expositis,
911 2687 944 2749 in
967 2683 1069 2747 altera
1099 2681 1313 2745 decernuntur

180 2783 277 2850 haec:

226 2889 258 2970 1)
291 2889 337 2954 Ut
352 2889 455 2954 coloni
469 2889 734 2976 Palaemagnetes
750 2893 835 2956 ciues
848 2890 1012 2975 Smyrnaei
1024 2890 1086 2953 sint
1097 2890 1221 2972 integro
1234 2888 1312 2951 iure.

225 2994 259 3075 2)
289 2994 334 3058 Ut
366 3015 460 3079 agros
493 2995 562 3080 qui,
579 2996 625 3059 eis
655 2996 806 3081 assignati
831 2996 910 3077 sint,
940 2995 1098 3059 retineant
1121 2992 1165 3075 (v.
1191 3013 1221 3077 p.
1246 2988 1314 3074 90),

291 3097 466 3185 eademque
489 3121 551 3184 qua
575 3106 670 3165 autea
691 3101 891 3165 immunitate
914 3099 1068 3163 fruantur.

224 3200 259 3283 3)
286 3200 332 3267 Ut
354 3202 400 3268 eis
423 3204 474 3288 qui
498 3203 583 3289 agris
607 3211 745 3279 careant,
770 3212 917 3288 equestre
941 3202 1105 3269 heredium
1134 3198 1266 3285 singulis
1294 3217 1312 3260 a

286 3306 467 3392 Smyrnaeis
490 3307 689 3373 condonetur
711 3309 827 3374 linibus
850 3309 971 3373 castelli
993 3308 1142 3372 uicinum.

171 3421 172 3424 ’
223 3409 257 3490 4)
287 3408 333 3473 Ut
356 3410 452 3474 etiam
475 3411 589 3476 ceteris
611 3411 762 3476 militibus
795 3412 907 3476 ciuitas
938 3417 969 3477 et
998 3410 1178 3473 immunitas
1208 3408 1311 3473 detur.

287 3512 414 3579 Horum
437 3515 498 3579 tria
527 3535 647 3599 genera
676 3523 767 3580 sunt:
796 3516 909 3581 cohors
934 3514 1085 3594 Timonis,
1110 3513 1228 3577 Persae
1252 3512 1312 3577 sub

287 3616 413 3684 Omaue
433 3619 598 3703 praefecto
622 3621 655 3683 iu
676 3620 807 3684 castello
828 3619 986 3698 collocati,
1009 3619 1147 3703 denique
1170 3638 1312 3682 mercan-

285 3722 365 3786 narii
380 3722 629 3808 Smyrnaeorum
651 3725 704 3808 qui
721 3746 792 3788 cum
808 3725 953 3789 Menecle
969 3722 1134 3808 praefecto
1150 3721 1190 3785 ad
1206 3728 1312 3786 custo-

285 3824 369 3889 diam
392 3827 514 3893 castelli
536 3827 768 3914 suscipiendam
793 3827 878 3892 missi
902 3833 1001 3892 erant.

222 3926 256 4008 5)
287 3928 332 3993 Ut
364 3931 511 3996 omnibus
545 3932 590 3997 eis
624 3951 704 4015 quos
739 3930 779 3996 ad
811 3954 842 3997 n.
873 3935 892 3994 4
922 3930 1123 4012 enumerani,
1153 3930 1313 3995 frumenta

286 4030 484 4118 Qrarpajaarc
494 4035 517 4115 ¹)
542 4043 573 4101 et
596 4035 754 4122 stipendia
784 4033 923 4119 (ὀψώνια
933 4035 979 4119 ²),
1010 4057 1093 4121 quae
1116 4035 1310 4122 aliquamdiu

180 4189 382 4198 -----——..„.⁴

281 4275 289 4310 ¹
310 4272 353 4326 ct.
375 4274 470 4338 Polyb.
491 4274 528 4326 Vl
546 4274 589 4339 38,
606 4276 631 4328 3.
668 4276 772 4342 1X27,
794 4279 833 4331 11.

281 4358 353 4421 ²01.
374 4359 471 4430 Polyb.
492 4362 719 4429 maala-15.
755 4363 982 4434 166,ao.11;
1018 4363 1109 4432 ot,1;
1145 4366 1231 4433 ttae
