3030 4816
252 1161 407 1226 Homines
437 1160 536 1242 dceti,
566 1160 620 1246 qui
651 1160 691 1224 de
721 1159 801 1223 erasi
831 1166 863 1223 et
892 1159 1060 1243 aphaeresi
1082 1159 1285 1244 scripserunt,

147 1265 293 1351 quamuis
306 1265 459 1328 dialectos
472 1264 612 1328 Graecas
624 1283 688 1327 non
701 1263 921 1346 neglegerent,
934 1269 1040 1326 tamen
1053 1283 1125 1327 cum
1138 1264 1285 1350 exempla

145 1392 185 1435 ex
210 1370 283 1433 solis
306 1368 372 1433 iere
389 1368 596 1452 scriptoribus
611 1368 810 1450 colligerent,
835 1386 949 1450 parum
971 1365 1118 1430 idoneam
1134 1368 1174 1431 ad
1192 1390 1284 1432 usum

147 1474 262 1538 Graeci
285 1473 438 1537 sermonis
466 1472 560 1556 plane
593 1468 818 1555 explicandum
848 1469 1014 1535 materiem
1045 1481 1285 1555 congesserunt,

145 1576 303 1662 siquidem
327 1587 358 1640 et
380 1576 550 1660 scriptores
574 1576 634 1659 ipsi
652 1595 722 1638 eam
739 1595 802 1658 qua
818 1573 934 1657 uulgus
951 1575 1101 1639 utebatur
1116 1562 1284 1640 dialectum

146 1703 208 1745 non
234 1701 346 1765 puram
369 1678 577 1744 reddiderunt
601 1687 633 1741 et
663 1679 853 1763 scriptorum
883 1677 983 1741 uerba
1013 1677 1109 1741 dubia
1139 1680 1284 1746 codicum

145 1806 241 1848 uranu
271 1785 461 1868 scriptorum
492 1781 555 1865 fide
589 1790 718 1845 seruata
748 1788 833 1845 sunt.
879 1780 984 1844 Purae
1014 1789 1123 1846 autem
1154 1791 1187 1849 et
1218 1784 1284 1850 fere

145 1890 288 1972 integrae
313 1887 532 1950 dialecticum
555 1888 586 1949 in
610 1885 872 1970 inscriptionibus
896 1905 936 1948 ex
965 1885 1107 1971 plurimis
1131 1885 1285 1953 Graeciae

146 1993 290 2077 partibus
314 1990 448 2054 seruatis
472 1988 581 2059 insint,
612 1989 669 2053 has
693 1988 872 2073 quaestioni
895 1989 935 2052 de
958 1989 1039 2052 crasi
1062 1998 1095 2053 et
1117 1991 1285 2076 aphaeresi

146 2095 363 2161 instituendae
386 2115 443 2179 pro
467 2092 676 2158 fundamento
701 2092 794 2178 posui
812 2100 940 2157 auctore
957 2092 1097 2171 Rudelfo
1114 2094 1283 2178 Schoellio‚

148 2200 325 2263 studiorum
354 2219 499 2262 meorum
528 2187 932 2279 fautore'humanissim03
962 2199 1015 2281 qui
1046 2199 1133 2283 qnod
1161 2201 1284 2284 Argen·

145 2305 242 2368 torati
278 2302 495 2367 liberalissime
529 2299 569 2365 ad
605 2302 847 2386 inscriptionum
880 2300 1021 2367 studium
1054 2324 1106 2367 me
1138 2303 1284 2389 adduxit,

143 2409 268 2492 gratias
292 2407 322 2471 ei
345 2427 405 2490 ago
428 2406 649 2490 amplissimas.

431 2828 549 2911 Pras
577 2828 742 2911 PRIOR.
765 2829 822 2912 ΒΕ
851 2830 997 2914 untur.

68 3009 70 3013 Ι
145 3066 292 3131 CAPUT
320 3068 336 3131 I
367 3118 374 3132 .
403 3065 463 3130 Du
486 3066 717 3133 UOOABULI
741 3067 898 3133 cunsls
922 3068 1123 3135 ΝΟΤΙΟΝΕ
1145 3070 1202 3134 ΕΤ
1224 3069 1284 3134 ΒΕ

500 3197 697 3263 CRASEOS
719 3197 921 3265 LEGIBUS.

246 3388 283 3453 L.
306 3387 486 3453 Ahrensius
509 3389 653 3473 plurimis
676 3411 717 3454 ex
741 3390 970 3455 recentioribus
994 3393 1209 3476 grammaticis
1227 3392 1282 3458 ad·

141 3493 313 3578 stipulatus
336 3491 368 3555 in
394 3494 714 3559 commentatiuncula
740 3493 799 3576 „de
824 3495 904 3558 crasi
921 3504 953 3559 et
970 3495 1155 3580 aphaeresi“
1181 3495 1283 3580 (Stol-

141 3597 260 3681 bergae
292 3596 493 3681 Hercynicae
530 3601 626 3676 1845)
662 3621 716 3683 pg.
749 3602 764 3662 1
800 3601 903 3664 crasin
939 3600 985 3663 his
1020 3602 1129 3666 definit
1160 3602 1283 3666 verbis:

141 3699 269 3779 „Orasis
293 3700 338 3778 fit,
362 3722 433 3765 cum
459 3703 579 3768 uocalis
602 3724 717 3769 uocem
742 3702 893 3769 claudens
918 3727 990 3769 cum
1013 3707 1172 3789 sequentis
1195 3706 1283 3771 uocis

139 3805 244 3868 uocali
262 3805 372 3869 initiali
389 3804 420 3868 in
439 3828 534 3870 unam
552 3807 707 3892 syllabam
725 3806 960 3892 coniungitur.“
995 3811 1148 3875 Attamen
1161 3811 1283 3895 antiqui

138 3909 336 3990 grammatici
372 3909 488 3974 Graeci
522 3911 621 3994 louge
654 3912 748 3976 aliter
782 3932 862 3976 uoce
896 3914 950 3978 illa
987 3921 1130 3980 utuntur.
1192 3914 1281 3988 Quos

138 4010 265 4095 quidem
297 4011 512 4077 Buttmannus
542 4015 574 4076 in
604 4017 813 4099 grammatica
845 4016 877 4098 (I
906 4039 959 4103 pg.
992 4021 1054 4082 112
1085 4016 1173 4100 adn.)
1205 4020 1282 4083 scite

137 4117 259 4179 monuit
282 4117 505 4181 commissuras
535 4117 672 4182 duarum
703 4119 901 4204 syllabarum
932 4123 962 4185 in
994 4122 1117 4188 duabus
1149 4124 1281 4188 uocibus

137 4241 195 4283 nec
219 4222 347 4285 nomine
370 4241 429 4284 nee
452 4224 713 4305 pronuntiatione
736 4226 905 4308 seiungere
937 4226 978 4290 ab
1007 4229 1168 4293 uocalium
1198 4250 1283 4293 com·

138 4323 279 4388 missoris
302 4325 357 4407 eis,
381 4346 463 4409 quas
486 4348 549 4393 una
572 4328 603 4392 in
628 4349 708 4393 uoce
738 4330 838 4413 fiunt;
871 4331 966 4395 immo
996 4342 1168 4417 utrumque
1195 4354 1287 4395 com-
