2956 4822
683 319 777 404 [1511
1258 314 1300 379 so

160 515 198 579 ad
225 514 355 579 modum
377 513 539 579 Lebedius
572 535 648 598 ager
672 513 767 578 Teius
800 512 902 576 taetus
932 518 1031 587 esset,
1062 509 1122 573 nisi
1147 507 1300 591 Antigoni

160 618 291 684 consilio
314 640 420 682 rerum
444 619 600 689 maiorum
623 618 671 681 uis
693 617 926 682 interuenisset.
958 614 1052 689 Quod
1075 614 1169 677 aliter
1192 618 1299 675 censet

160 721 308 787 Kuhnius
342 722 561 806 (Entstehung
588 721 645 785 der
677 720 808 785 Staedte
845 742 876 805 p.
910 721 972 783 358
1004 718 1082 804 sq.),
1113 720 1168 806 qui
1202 725 1299 788 etiam

162 827 306 890 ciuitates
336 846 446 889 eorum
469 825 680 907 permansisse
703 824 822 888 iudicat
846 829 955 888 eontra
978 824 1193 889 testimonium
1216 825 1299 890 Pau·

159 931 267 995 sanine
299 929 330 1010 (I
352 932 381 1010 9,
409 928 452 1010 7),
482 949 585 1014 neque
608 928 675 991 ullo
702 927 794 993 modo
818 926 962 1011 probari,
994 949 1097 1014 neque
1120 929 1193 993 inde
1216 930 1299 995 effici

161 1041 275 1116 potest,
306 1032 388 1117 qnod
419 1038 529 1117 postea
550 1038 582 1095 et
604 1030 754 1095 Lebedus
783 1038 815 1094 et
838 1029 1001 1115 Colophon
1024 1031 1169 1096 ciuitates
1192 1054 1299 1098 rursus

160 1140 321 1204 exstitere.
354 1136 404 1201 De
430 1158 491 1221 qua
507 1136 635 1221 quidem
658 1156 693 1200 re
716 1135 862 1200 dubitare
878 1157 940 1199 non
964 1136 1047 1211 licet,
1070 1137 1203 1201 testibus
1226 1158 1297 1201 cnm

160 1241 229 1305 aliis
259 1248 326 1304 turn
349 1240 484 1304 Horatio
514 1238 630 1323 (Epist.
654 1238 670 1302 I
696 1242 744 1317 ll,
770 1242 805 1303 7:
839 1240 906 1304 Scis
929 1238 1078 1303 Lebedus
1101 1239 1178 1325 quid
1208 1240 1299 1321 siti).

160 1345 361 1430 Quamquam
385 1344 598 1409 Lebediornm
625 1341 782 1426 χιλιαστὺς
812 1345 909 1408 etiam
939 1344 1169 1428 imperatorum
1192 1351 1297 1409 aetate

159 1448 279 1534 Ephesi
301 1450 463 1513 inuenitur
486 1448 542 1523 (cf.
568 1447 683 1512 Wood.
706 1447 726 1510 l.
747 1468 773 1511 c.
800 1445 897 1512 lusor.
913 1447 996 1511 from
1019 1446 1073 1511 the
1095 1446 1298 1530 Augusteum

159 1575 188 1616 n.
221 1552 267 1635 6).
322 1553 424 1616 Multo
456 1560 531 1616 ante
561 1559 669 1615 autern
701 1550 858 1616 Lebedios
889 1551 931 1615 ab
963 1551 1110 1636 Ephesiis
1144 1552 1301 1638 ὁιοικισμῷ

159 1664 321 1741 separatos
357 1677 444 1737 esse,
482 1655 555 1719 inde
588 1656 748 1740 sequitur,
786 1656 870 1740 quod
905 1655 1122 1719 Attalidarum
1153 1661 1298 1738 ternpore

159 1760 295 1824 artifices
327 1759 533 1844 Dionysiacos
566 1759 598 1823 in
632 1760 794 1822 ciuitatem
827 1767 1017 1844 receperunt
1050 1757 1183 1836 (Strabo
1216 1756 1299 1821 XIV

159 1885 189 1948 p.
221 1864 310 1943 643).
363 1863 443 1927 Erat
477 1871 584 1927 autem
615 1862 829 1927 Lebediornm
858 1864 970 1928 ciuitas
1000 1864 1097 1928 etiarn
1120 1862 1299 1927 Pausaniae

160 1965 242 2044 (VII
265 1970 294 2048 5,
320 1965 376 2048 11)
400 1975 432 2030 et
454 1966 633 2031 Ptolomaei
656 1965 703 2049 (V
728 1969 757 2048 2,
783 1964 817 2049 ’1)
841 1967 1046 2052 temporibus.

263 2070 412 2134 Teiorum
443 2076 475 2132 et
506 2069 720 2133 Lebediornm
752 2070 966 2154 synoecismus
999 2070 1147 2133 nimirum
1186 2068 1299 2134 eodem

160 2175 289 2239 oonsilio
314 2174 354 2237 ab
377 2173 539 2257 Antigono
562 2174 724 2238 institutus
748 2182 796 2238 est
820 2181 916 2258 atque
940 2175 1037 2238 ceteri
1059 2194 1140 2259 quos
1163 2194 1300 2238 comme·

160 2279 281 2342 morani
312 2299 435 2342 omnes:
469 2279 588 2342 seilicet
622 2280 778 2357 maxime,
808 2285 844 2343 nt
875 2280 990 2360 socios,
1025 2279 1122 2342 immo
1154 2299 1188 2342 re
1222 2299 1300 2342 uera

160 2383 304 2446 ciuitates
327 2382 459 2467 imperio
482 2403 538 2446 suo
561 2383 717 2447 subiectas
740 2382 800 2447 sibi
824 2388 1023 2467 compararet
1052 2382 1132 2446 tales
1164 2402 1300 2466 quarum

159 2487 324 2550 uoluntate
356 2491 389 2550 et
420 2486 541 2549 uiribus
572 2506 707 2569 regnum
737 2508 829 2550 snum
859 2485 1034 2550 fulciretur.
1079 2485 1193 2570 Itaque
1216 2485 1299 2549 uires

160 2610 268 2654 aarum
308 2611 427 2674 sugere
458 2589 616 2673 Antigoni
651 2592 791 2654 maxime
823 2591 985 2655 intererat.
1040 2590 1178 2654 Graecas
1215 2590 1300 2653 enirn

160 2692 256 2758 Asiae
287 2695 431 2758 ciuitates
465 2695 521 2758 illo
558 2704 699 2779 tempore
729 2696 841 2759 florere
873 2694 1011 2780 quodam
1044 2694 1138 2759 modo
1170 2693 1299 2758 desiisse

159 2803 255 2882 atque
279 2819 352 2863 aere
375 2799 479 2863 alieno
503 2819 670 2884 oppressas
692 2798 804 2878 fnisse,
835 2819 852 2863 e
876 2799 967 2862 titulo
987 2800 1054 2883 ipso
1077 2797 1298 2881 cognoscimus

160 2899 193 2983 (ἓ
216 2903 246 2966 4.
276 2902 337 2983 10).
382 2901 495 2989 Neque
519 2905 632 2966 mirum
657 2910 704 2968 est
735 2903 826 2969 bellis
856 2905 918 2968 illis
941 2904 1121 2989 perpetuis,
1152 2902 1298 2988 adquae

159 3005 287 3088 regibus
310 3006 430 3071 auxilia
454 3009 578 3072 mittere
601 3007 813 3091 cogebantur,
837 3028 891 3072 eas
914 3008 1085 3090 laborasse,
1108 3007 1300 3071 commercia

160 3129 269 3173 earnm
293 3111 435 3177 iacuisse.
474 3112 567 3176 Certe
584 3111 736 3176 Teiorum
751 3112 864 3175 ciuitas
881 3112 984 3177 nescio
1007 3133 1048 3175 ex
1071 3133 1133 3197 quo
1155 3119 1299 3196 tempore

160 3213 357 3298 aliquantum
389 3216 553 3280 deminuta
582 3224 660 3280 erat.
716 3214 800 3278 Nam
838 3216 907 3279 fieri
937 3237 1046 3301 posse,
1080 3222 1116 3281 ut
1153 3215 1299 3280 omuibus

160 3315 309 3381 Lebediis
341 3326 467 3403 praeter
500 3321 648 3404 pristinos
678 3320 795 3383 incolas
830 3319 921 3384 sedes
954 3320 988 3383 in
1022 3319 1100 3384 urbe
1134 3326 1297 3405 parentur,

159 3421 341 3505 Antigonus
363 3429 470 3487 censet
493 3422 523 3503 (ξ
547 3420 594 3505 2).

262 3526 348 3590 Huic
370 3527 467 3610 igitur
490 3529 634 3591 miseriae
657 3549 715 3591 rex
738 3528 783 3592 ita
801 3526 919 3592 mederi
936 3527 1075 3607 uolebat,
1098 3536 1133 3591 ut
1155 3528 1300 3592 ciuitates

158 3631 297 3694 minores
335 3631 480 3708 tolleret,
515 3652 688 3716 earumque
719 3631 841 3695 ciuibus
870 3631 942 3695 illas
974 3631 1183 3716 amplificaret
1220 3652 1299 3715 quas

159 3732 263 3797 denuo
296 3735 493 3798 efflorescere
516 3755 609 3819 posse
636 3756 708 3818 spes
731 3743 807 3798 erat
848 3734 919 3809 Qua
942 3735 974 3798 in
997 3756 1032 3798 re
1055 3741 1121 3799 tam
1144 3735 1299 3799 beneuole

158 3858 255 3921 quam
270 3837 445 3921 prudenter
459 3859 532 3902 eum
556 3839 658 3921 egisse
674 3838 893 3902 concedamus.
928 3838 1012 3902 Nam
1028 3847 1063 3902 ut
1077 3838 1139 3903 boc
1154 3839 1297 3903 omittam

159 3940 254 4004 nrbes
269 3962 401 4023 magnas
424 3942 606 4006 ciuitatibus
621 3942 785 4006 diminutis
806 3941 893 4006 haud
910 3943 1004 4008 facile
1028 3942 1157 4007 defendi
1172 3963 1266 4028 posse
1273 3942 1297 4022 ²,

158 4054 244 4109 certe
269 4046 367 4109 multo
391 4047 511 4111 maiora
534 4046 699 4110 commoda
723 4067 858 4130 magnae
881 4047 1027 4112 ciuitates
1050 4069 1146 4133 quam
1177 4067 1298 4132 paruae

68 4174 71 4179 ·
158 4148 281 4214 ciuibus
309 4150 481 4234 praebent,
515 4149 670 4235 siquidem
700 4151 775 4215 illos
806 4152 906 4218 multo
937 4150 1062 4216 facilins
1090 4156 1234 4243 sumptus
1256 4151 1297 4220 ad

263 4375 274 4419 ³
293 4374 335 4428 Gt.
355 4375 455 4456 Polyb·
474 4376 502 4437 11
520 4376 563 4441 55,
581 4376 606 4429 9.
627 4377 649 4428 V
668 4377 711 4439 93.
728 4377 753 4441 b,
