2954 4808
203 285 254 349 54,
397 201 400 213 ⁹
726 275 818 360 [166]

202 474 273 538 lam
289 471 446 557 particula
460 472 488 535 si
503 469 588 555 apud
605 469 809 533 Ammianum
826 466 921 533 modo
939 488 1072 531 scissum
1093 474 1133 532 et
1148 470 1382 555 temporalem

203 585 236 643 ct
272 575 539 655 condicionalem,
578 572 670 639 modo
706 593 794 637 mere
831 572 1042 657 temporalem
1080 572 1216 651 habet,
1255 575 1307 639 ita
1346 582 1381 638 ut

201 680 398 767 frequentior
428 680 497 744 eius
527 700 602 744 usus
626 698 721 763 quam
752 685 929 742 ceterarum
958 677 1211 763 particularum
1249 689 1382 766 tempo·

202 785 315 850 ralium
339 786 390 850 sit.
436 782 598 847 Particula
622 804 691 847 com
715 781 889 846 secundum
912 781 1016 844 locum
1049 781 1199 865 obtinet,
1238 786 1380 849 tertium

203 889 383 954 coniunctio
422 886 484 952 nbi.
542 887 636 952 Hanc
672 887 860 972 particulam
899 885 1092 950 Ammianus
1144 888 1247 954 vitat.
1313 888 1379 963 Qui

202 991 326 1057 etiamsi
357 991 529 1077 scriptores
562 991 700 1075 optimae
738 991 851 1053 aetatis
884 987 1059 1072 exscribat,
1090 1009 1158 1073 pro
1201 993 1378 1077 particula

201 1096 255 1160 obi
288 1096 485 1160 usitatiorem
521 1095 550 1158 si
586 1094 770 1176 substituit,
802 1099 903 1179 atque
936 1093 1032 1158 ctiam
1066 1093 1099 1157 in
1139 1104 1308 1181 tempore
1343 1106 1377 1162 et

200 1200 295 1266 modo
329 1197 482 1282 eligendis
514 1220 592 1264 suae
625 1198 724 1284 ipsius
756 1197 944 1282 proprietati
976 1195 1139 1280 indulget.
1187 1200 1250 1264 Ad
1288 1201 1374 1267 hano

200 1324 267 1368 rem
291 1303 573 1369 demonstrandam
597 1323 695 1366 unum
719 1302 824 1366 citabo
841 1302 924 1366 Livii
947 1302 1062 1379 locum,
1087 1323 1188 1386 quem
1217 1305 1266 1370 ab
1288 1308 1371 1370 Am-

199 1408 307 1473 miano
338 1415 501 1493 receptum
525 1405 746 1471 Michaelis
773 1405 810 1470 de
831 1405 997 1469 Ammiani
1016 1404 1212 1472 Marcellini
1243 1411 1370 1485 studiis

201 1511 414 1577 Ciceronianis
436 1510 584 1576 Vrastisl.
603 1513 691 1575 1874*
710 1508 800 1596 (pag.
816 1509 850 1590 4)
873 1508 1033 1575 indicavit.
1077 1509 1199 1577 Livius
1218 1513 1367 1579 XXVII

201 1618 252 1696 49,
277 1618 291 1679 1
318 1616 362 1698 id,
385 1615 452 1680 irbi
481 1617 602 1680 saevire
623 1614 729 1679 belnae
751 1635 790 1678 oc
813 1634 906 1678 ruere
927 1615 963 1678 in
990 1634 1064 1678 snos
1087 1626 1271 1700 coeperant
1294 1641 1364 1684 nra·

199 1721 318 1802 gister.
344 1769 351 1784 .
377 1770 384 1784 .
416 1718 573 1802 adigebat.
628 1717 748 1783 Contra
772 1718 960 1782 Ammianus
980 1740 1019 1782 ex
1034 1738 1094 1781 suo
1114 1729 1209 1785 more
1227 1723 1362 1788 scribit:

200 1825 250 1887 25.
276 1827 305 1904 l,
332 1824 372 1886 14
393 1829 422 1887 et
444 1825 593 1908 magistri
622 1824 657 1887 si
674 1822 835 1906 ferociens
865 1823 987 1886 animal
1015 1823 1096 1886 ciras
1127 1829 1361 1908 exsuperasset

199 1929 335 2011 regentis
360 1978 367 1992 .
391 1976 430 1991 ..
463 1926 636 1991 vertebram
665 1928 729 1990 icto
761 1927 899 1990 rnoeirno
929 1925 1138 1993 terebrabant.
1189 1928 1249 1995 De
1284 1953 1358 1996 sen·

199 2030 306 2094 tentiis
340 2029 611 2094 condicionalibus
640 2029 796 2094 iterativis
832 2036 896 2093 tam
928 2030 1022 2114 plene
1055 2028 1200 2115 disputat
1240 2032 1355 2099 Dede-

199 2135 323 2198 riehsus
339 2131 428 2219 (pag.
445 2136 475 2199 8.
493 2133 541 2218 9),
558 2142 593 2197 ut
616 2132 693 2198 nihil
709 2132 843 2198 habeam
860 2132 946 2219 quod
963 2133 1088 2199 addam.
1123 2134 1162 2199 In
1180 2135 1234 2201 his
1251 2137 1355 2220 igitur

91 2280 92 2284 =
199 2239 355 2304 iterativis
387 2237 546 2302 Graecum
580 2237 710 2302 modum
743 2238 887 2324 sequitur
918 2238 1114 2303 Ammianus.
1164 2240 1230 2307 Ubi
1266 2244 1352 2308 enim

199 2341 315 2407 Graeci
339 2342 541 2406 coniunctivo
566 2341 617 2407 vel
640 2343 816 2426 praesentis
840 2343 892 2407 rel
915 2343 1021 2408 aoristi
1043 2342 1153 2408 addita
1183 2349 1352 2430 particula

198 2442 235 2509 ἄν
257 2452 401 2527 utuntur,
428 2445 470 2509 ibi
496 2444 684 2510 Ammianus
707 2448 897 2532 plerumque
927 2447 1165 2511 coniunctivum
1196 2450 1349 2534 perfecti,

197 2549 299 2614 rarius
323 2549 500 2635 praesentis
518 2550 625 2635 ponit;
648 2549 704 2614 ubi
719 2550 804 2636 apud
820 2551 891 2615 illos
916 2552 1075 2637 optativus
1092 2560 1146 2616 aut
1162 2557 1348 2638 praesentis

197 2660 253 2719 aut
289 2653 398 2718 aoristi
431 2654 463 2720 in
498 2676 557 2719 usu
589 2661 653 2738 est,
686 2655 729 2719 ibi
763 2655 814 2720 hic
849 2656 1031 2741 imperfecti
1066 2657 1116 2720 vel
1152 2658 1346 2744 plusquam-

196 2757 330 2842 perfecti
354 2759 556 2823 coniunctim
579 2761 690 2824 utitur.
737 2759 800 2835 oui
822 2765 900 2824 usus
917 2781 988 2824 cum
1003 2759 1077 2824 inde
1094 2782 1113 2825 a
1128 2760 1213 2826 Livii
1233 2770 1345 2830 aetate

198 2882 215 2925 e
251 2860 447 2928 Graecorum
483 2863 660 2928 imitatione
691 2864 722 2928 in
758 2863 880 2930 litteras
917 2886 1065 2931 romanas
1096 2867 1346 2950 transduxisset,

198 2964 239 3029 ab
263 2965 445 3050 Ammiano,
477 2973 513 3032 ut
538 2974 608 3032 erat
633 2967 762 3034 natione
788 2967 940 3054 Graecus,
962 2970 1134 3055 praecipue
1163 2972 1344 3039 colebatur.

197 3067 392 3135 Rarissimae
415 3071 513 3154 igitur
535 3080 612 3136 sunt
636 3071 842 3155 exceptiones
858 3073 889 3138 iu
913 3074 1077 3139 sententiis
1092 3074 1251 3140 iteratiris
1268 3097 1344 3142 con·

198 3171 417 3258 dicionalibus,
446 3196 551 3260 neque
574 3175 640 3240 ulla
665 3177 801 3242 occurrit
825 3178 855 3240 in
880 3178 1045 3244 sententiis
1068 3198 1150 3263 quae
1181 3181 1345 3264 particula

197 3278 225 3339 si
246 3275 501 3345 introducuntur.
548 3278 653 3353 Quam
677 3280 719 3344 ob
743 3302 809 3345 rem
826 3280 1041 3346 Dederichsns
1056 3289 1142 3346 recte
1157 3282 1247 3367 apud
1264 3284 1344 3349 Am·

198 3380 340 3445 mianum
369 3381 451 3446 hanc
480 3383 588 3467 legem
620 3385 729 3450 valere
760 3386 933 3465 contendit,
957 3383 1047 3472 'quae
1078 3407 1143 3450 nou
1172 3386 1280 3452 solum
1311 3390 1344 3454 in

199 3484 469 3551 condicionalibus
492 3488 659 3553 sententiis
682 3489 839 3553 iterativis
863 3489 919 3555 sed
944 3492 1040 3555 ctiam
1058 3491 1089 3554 in
1106 3493 1344 3576 temporalibus

198 3586 300 3652 valet:
1043 3672 1045 3675 Ι

302 3689 342 3755 Α.
375 3690 418 3756 In
440 3695 599 3778 generalis
626 3696 764 3761 notionis
786 3703 814 3760 et
842 3698 973 3761 iterator
995 3699 1128 3762 aetianis
1157 3701 1345 3784 annuntiatis,

198 3815 278 3881 qnae
299 3795 441 3861 cnonas
461 3797 565 3863 ualent
583 3799 784 3884 temporibus,
806 3820 874 3865 eom
889 3809 1012 3866 scaritos
1028 3803 1124 3886 legen
1138 3801 1346 3886 Ammianus,

198 3905 234 3962 nt
255 3919 376 3983 semper
398 3903 432 3964 in
450 3904 580 3985 protasi
595 3905 775 3988 praesentis
799 3912 855 3969 ant
875 3904 1009 3988 perfecti
1034 3907 1279 3988 coniunctiorem,
1311 3912 1346 3975 in

200 4002 333 4086 apodasi
355 4011 459 4069 annin
474 4006 682 4072 indicativam
694 4010 942 4092 praesentiscat
956 4009 1071 4093 sirtori
1085 4017 1142 4073 aot
1161 4012 1349 4093 imperativi

200 4105 369 4187 adhiberet,
391 4116 516 4192 excepto
538 4130 601 4174 nno
625 4112 698 4176 ioco·
716 4109 784 4194 (16.
810 4115 839 4195 7,
864 4113 897 4194 9)
922 4133 982 4199 qno
1006 4114 1233 4198 coniunctione,
1254 4125 1283 4181 et
1314 4121 1348 4182 in

194 4213 324 4292 protasi
345 4219 372 4276 et
394 4214 428 4275 in
451 4213 585 4298 opodosi
606 4217 734 4299 lenitur.
782 4214 842 4280 Cui
865 4214 930 4300 legi
952 4218 1014 4281 hoc
1036 4215 1163 4300 addam,
1187 4219 1277 4303 qnod
1304 4221 1347 4287 ad

199 4333 290 4376 usum
314 4314 542 4400 particularum
566 4341 636 4383 anm
659 4327 692 4384 et
713 4319 767 4384 nbi
789 4321 943 4406 pertinet:
966 4321 1154 4407 particulam
1175 4345 1248 4393 cnm
1266 4351 1348 4395 non·
