2970 4814
562 286 605 300 -
650 241 738 338 [237]
783 287 825 301 -
1218 252 1256 315 61

126 437 180 505 κοί
210 434 242 504 οί
271 432 460 527 ὀφθαλμοί·
501 433 522 527 ἢ
551 432 622 506 άπὸ
649 441 709 506 τοῦ
736 435 921 526 γλαάσσειν,
952 436 972 507 ὅ
1000 438 1069 506 ε’στι
1100 435 1258 525 λάμπειν·

125 540 183 608 καί
200 537 345 631 Ὄμηρος

404 624 495 715 ,ἔρρε
517 624 601 719 κακὴ
624 624 744 718 γλήνη“
767 630 821 717 (ΙΙ.
847 633 877 696 Θ
902 631 988 716 164),

128 755 168 825 τὰ
196 754 294 825 λευκὰ
319 760 384 825 τῶν
412 751 599 847 ὀφθαλμῶν
624 757 770 846 λέγειιθ).
816 759 833 825 δ
861 755 1077 848 ἐπιπεφυκὼς
1103 758 1140 826 δὲ
1162 756 1260 842 χιτῶν

125 858 287 949 λογάδες
309 861 467 928 καλεῖται.
507 857 632 950 είριγται
655 862 691 928 δέ
713 853 784 930 οἷον
806 858 950 946 λοχάδες,
973 861 1007 928 έν
1029 853 1083 943 αἷς
1105 859 1140 929 αί
1164 859 1259 949 κόραι

124 966 258 1048 λοχῶσι,
292 963 348 1030 καί
373 954 444 1031 οἷον
465 963 557 1048 λέχος
579 961 663 1031 είσὶν
685 959 815 1045 αὐταῖς·
845 961 868 1056 ἢ
890 957 1148 1046 οἷον-λευκάδες,
1172 961 1257 1032 κατὰ

125 1068 308 1156 συγγένειαν
328 1070 388 1136 τοῦ
409 1078 429 1134 κ
449 1064 533 1153 πρὸς
553 1064 592 1136 τὸ
615 1079 649 1155 γ’
678 1064 702 1158 ἢ
731 1064 782 1136 ὅτι
805 1070 976 1150 λοξοῦνται
1000 1068 1033 1136 έν
1053 1071 1101 1159 τῷ
1122 1067 1257 1155 βλέπειν

125 1168 210 1239 κατὰ
231 1170 292 1253 τάς
313 1168 590 1262 ἕπιστροφάςῑῑγ
624 1171 839 1259 Καλλίμαχος
861 1176 914 1261 (fr.
933 1178 993 1239 132
1012 1175 1126 1260 Schn.)

862 1284 975 1369 ,ὅστις
993 1280 1145 1375 ἆλιτρούς

315 1384 487 1478 ,αὐγάζων
508 1395 677 1476 καθαραῖς
699 1383 737 1456 οδ
760 1387 897 1458 δύναται
919 1387 1074 1479 λογάσινίέ

127 1501 183 1569 καί
209 1498 354 1590 Σώφρων
375 1501 409 1569 έν
435 1495 700 1591 Θυννοθήροις*)

316 1614 440 1695 ,λοξῶν
461 1610 522 1693 τὰς
543 1604 707 1700 λογάδαςθ
730 1616 781 1700 (fr.
798 1619 839 1680 59
863 1615 913 1682 ed.
930 1615 1081 1701 Botzon).

125 1742 272 1831 λέγονται
296 1742 333 1810 δὲ
354 1741 410 1809 καί
429 1741 650 1829 δέργματα·
673 1743 795 1829 δέρξεις
814 1740 875 1831 γὰρ
898 1741 932 1812 αί
949 1744 1085 1831 βλέψεις
1108 1739 1177 1812 άπὸ
1193 1746 1258 1810 τῶν

124 1845 334 1932 βλεπομένων
354 1845 410 1912 καί
434 1847 493 1935 τῆς
515 1843 674 1933 ἐνεργείας
695 1849 754 1913 τοῦ
777 1847 963 1935 δέρκεσθαι,
988 1840 1059 1915 οἷον
1079 1845 1118 1916 τὸ
1134 1843 1259 1935 βλεπό-

124 1974 221 2035 μενον
250 1950 439 2037 διέρχεσθαι
452 1952 503 2036 12).
541 1949 689 2039 διαφέρει
718 1951 754 2018 δέ
782 1946 864 2038 ἷίψις
891 1946 1048 2039 ὁράσεως,
1080 1948 1130 2019 ὅτι
1160 1946 1260 2041 ἡμὲν

125 2049 266 2139 ὅρασις
296 2049 402 2139 ὅρισίς
430 2080 481 2134 τις
510 2046 594 2121 εἶναι
623 2055 727 2138 δοκεῖ,
758 2049 781 2146 ἢ
807 2056 885 2136 τοδς
907 2051 1014 2143 ὅρους,
1047 2054 1195 2124 τουτέστι
1217 2051 1259 2121 τὰ

124 2158 255 2246 πέρατα
277 2161 342 2225 τῶν
366 2155 536 2244 σωμάτων,
559 2155 932 2246 καταλαμβάνουσαῑίγ
955 2159 979 2249 ἡ
996 2153 1151 2246 δὲ’·ίίψις
1173 2155 1258 2246 άψις

123 2260 176 2342 τίς
204 2261 353 2330 ἐστικαὶ
385 2264 509 2349 ψαῦσις
539 2265 604 2329 τῶν
632 2264 770 2351 ὁρατῶν
785 2260 980 2352 κατανόησιν
1010 2262 1190 2351 ποιουμένη
1203 2265 1256 2351 ¹⁴).

123 2362 162 2433 τὸ
186 2366 222 2433 δέ
244 2363 471 2433 ἐπικαλύπτον
493 2366 596 2452 δέρμα
622 2363 679 2435 τὸν
708 2362 887 2457 ὀφθαλμὸν
907 2366 1111 2456 βλέφαρον
1132 2364 1259 2454 λέγεται

123 2468 179 2535 καί
203 2466 362 2556 ταρσός.
407 2468 610 2558 βλέφαρον
631 2469 699 2555 μέν,
729 2467 845 2538 διὰτὸ
868 2468 1128 2559 προφαίνεσθαι,
1158 2465 1182 2559 ἢ
1203 2466 1260 2537 διὰ

123 2569 161 2640 τὸ
189 2569 346 2661 α’ίρεσθαι
375 2566 456 2640 αδτδ
489 2572 522 2639 έν
547 2576 595 2663 τῷ
623 2572 774 2658 βλέπειν·
810 2569 833 2663 ἢ
860 2568 912 2642 ὅτι
939 2575 998 2640 τοῦ
1026 2573 1161 2660 βλέπειν
1188 2572 1259 2639 ἐστὶ

124 2678 230 2765 φᾶρος
243 2679 294 2763 ¹⁵).
338 2672 480 2763 ταρσός
502 2675 547 2759 δέ,
575 2673 668 2763 παρὰ
691 2673 733 2753 τὸ7
752 2673 995 2762 τερσαίνεσθαι,
1023 2672 1122 2767 ἤγουν
1144 2674 1259 2765 ξηραί-

124 2786 253 2862 νεσθαι,
277 2775 334 2846 διὰ
356 2775 394 2846 τὸ
418 2772 560 2865 άσαρκον
575 2773 685 2861 αίτοῦ,
709 2778 784 2846 ἐπεὶ
807 2779 862 2846 καί
886 2775 924 2847 τὸ
946 2786 1006 2847 τοῦ
1021 2775 1127 2859 ποδὸς
1140 2776 1260 2867 πεδίον

123 2881 245 2971 ταρσδς
266 2884 392 2972 λέγεται
408 2887 466 2970 ¹⁶)·
493 2883 549 2950 καί
567 2880 712 2971 Ὄμηρος
1362 2872 1365 2878 ’

216 3009 292 3089 ,νῦν
313 3006 351 3074 δέ
370 3001 403 3091 μ’
422 3001 614 3094 ἐπιγράψας
634 3002 756 3094 ταρσὸν
778 3001 884 3086 ποδὸς
906 3000 1013 3088 εἷίχεαι
1036 2999 1164 3085 αίίτωςέέ

579 3113 632 3199 (ιι.
653 3119 693 3178 A
712 3113 799 3199 εει).

125 3238 161 3307 αἱ
189 3240 225 3307 δὲ
256 3240 333 3328 περὶ
363 3233 462 3308 αὐτὸν
483 3238 590 3326 τρίχες
611 3237 860 3330 βλεφαρίδες
882 3236 1190 3327 προσαγορεύονται,
1221 3237 1256 3307 αἱ

125 3344 163 3411 δὲ
183 3339 336 3432 δπεράνω
358 3346 422 3411 τῶν
444 3338 629 3433 ὀφθαλμῶν
648 3342 770 3428 ε’ξοχαί,
793 3343 826 3411 ἐν
849 3335 903 3423 αἷς
925 3341 960 3410 αί
983 3340 1089 3428 τρίχες
1108 3346 1259 3412 ἵστανται

125 3444 305 3537 σντοιχιγδόν,
335 3442 482 3537 ὀφρύος
509 3451 697 3517 καλοῦνται·
726 3444 799 3538 ἤτοι
821 3442 995 3536 ῶποφρίες
1017 3441 1101 3514 εἰσίν
1123 3443 1144 3537 ἢ
1166 3443 1260 3514 ὠπό-

124 3578 207 3640 ρυες,
235 3548 328 3639 παρὰ
350 3548 388 3620 τὸ
412 3558 563 3641 φρουρεῖν
590 3552 647 3619 καί
675 3549 814 3640 ῥύεσθαι
836 3548 896 3631 τὰς
918 3542 1023 3631 ῶπας,
1047 3544 1117 3617 άπό
1139 3575 1175 3617 τε
1196 3552 1261 3616 τῶν

125 3651 256 3742 ὄμβρων
283 3654 340 3722 καί
366 3657 431 3721 τῶν
458 3651 601 3742 ὕπερθεν
623 3653 781 3742 ἱδρώτων·
813 3650 1026 3744 ἢώποφύες,
1051 3651 1087 3720 αὶ
1110 3652 1168 3720 ἐπὶ
1195 3655 1260 3719 τῶν

125 3753 227 3826 ῶπῶν
249 3763 446 3848 πεφυκυῖαι·
478 3754 500 3848 ἢ
528 3750 598 3826 οἷον
620 3753 814 3847 ὠποροφάες
835 3756 927 3840 είσίν,
958 3749 1028 3825 οἷον
1056 3751 1172 3846 δροφοι
1196 3758 1260 3823 τῶν

125 3859 227 3931 ὠπῶν
241 3868 292 3950 ¹⁷).
343 3861 419 3944 τοὺς
452 3864 488 3931 δὲ
518 3861 818 3952 μεγαλοφθάλμους
851 3862 907 3929 καὶ
942 3855 1050 3941 άτενὲς
1084 3861 1261 3948 ἐνορῶντας

123 3965 434 4057 λιροφθάλμους
459 3968 544 4049 τινὲς
565 3962 747 4053 ῶνάμασαν,
778 3964 870 4055 παρὰ
892 3963 930 4034 τὸ
959 3963 1034 4032 λίαν
1060 3964 1125 4031 τινί
1153 3987 1259 4052 προσ-

196 4195 221 4264 *)
241 4194 288 4249 cfr.
306 4194 443 4249 Botzon:
471 4192 505 4247 de
524 4192 666 4262 Sophrona
685 4196 714 4247 et
731 4192 877 4246 Xenarcho
896 4189 1106 4260 mimographis.
1142 4190 1218 4246 1Q56.
