2970 4814
646 334 688 344 -
735 296 822 385 [τοι]
870 336 910 345 -

297 488 365 557 173
389 480 612 576 όφθαλμοίε
635 480 673 554 οὐ
694 482 794 572 μόνον
809 475 984 576 ὀφθαλμοὶ
999 485 1157 573 λέγονται,
1181 481 1264 553 ἀλλὰ
1287 485 1344 552 καὶ

208 588 288 681 φόη
314 587 399 658 κατὰ
428 587 485 659 τὸν
513 588 654 682 ποιητὴν
680 590 737 657 καὶ
760 585 923 677 όμματα
950 590 1007 658 καὶ
1034 584 1127 658 όσσε
1149 589 1206 657 καί
1229 580 1343 669 οῖπες.

208 696 265 763 καί
294 691 501 786 ὀφθαλμοὶ
530 693 599 780 μέν,
637 692 730 783 παρὰ
760 690 798 765 τό
833 689 983 786 ὀφθῆναι
1015 694 1168 780 παρέχειν
1195 690 1344 760 ἅπαντα·

209 796 293 866 κατὰ
323 798 360 866 δέ
380 825 472 879 τινας
495 793 664 887 όφθαλλοί
685 797 770 880 τινές
791 796 883 880 εἰσιν,
915 798 951 880 ἐξ
979 787 1024 864 ὧν
1045 794 1177 865 ἅλλεται
1204 792 1223 888 ἡ
1248 789 1344 884 όψις·

208 899 231 993 ἢ
252 897 353 970 ιόπιῦν
375 898 526 987 θάλαμοι
536 904 573 988 ²).
609 899 689 992 φάη
712 902 757 985 δέ,
781 899 832 970 ότι
856 901 891 985 ἐξ
915 896 1021 970 αὐτῶν
1043 904 1114 991 (μοῖς
1135 900 1343 989 προέρχεται·

208 1001 231 1097 ἢ
253 1001 304 1073 ότι
327 1001 437 1095 φωτός
459 1002 524 1073 εἰσι
547 1006 687 1093 κριτικοὶ
709 1005 766 1073 καὶ
790 1004 987 1092 δεκτικοίλ)·
1010 1005 1068 1072 καί
1084 1001 1229 1095 Ὅμηρος

335 1113 470 1203 ,,κόσε*)
494 1118 531 1186 δέ
551 1145 609 1204 μιν
630 1115 775 1209 κεφαλὴν
796 1118 853 1186 καί
877 1113 978 1208 όμφω
1001 1115 1088 1208 φόεα
1110 1113 1216 1185 καλό“

584 1223 660 1309 (Od.
685 1227 768 1288 π15
792 1256 832 1279 =
855 1249 874 1309 ρ
898 1221 963 1311 39).

211 1329 374 1420 όμματα
407 1333 459 1417 δέ,
499 1325 569 1401 οἷον
602 1333 708 1419 ίματα
738 1334 795 1401 καὶ
828 1331 971 1422 όρματα,
1006 1330 1121 1423 ἐπειδὴ
1156 1333 1207 1401 δι’
1236 1328 1343 1401 αὐτῶν

213 1433 349 1528 ἀφίεται
372 1437 429 1505 καί
453 1433 594 1526 ὁρμᾶται
617 1435 655 1507 τὸ
678 1438 711 1506 ἓν
732 1443 803 1519 τοῖς
825 1434 1018 1528 ὀφθαλμοῖς
1035 1441 1164 1524 πνεῦμα
1175 1440 1211 1526 ³).
1254 1435 1286 1505 οῖ
1309 1438 1345 1506 δὲ

211 1540 345 1623 Αἰολεῖς
376 1537 546 1610 όππατα
576 1541 705 1629 λέγουσι
736 1540 829 1630 παρὰ
855 1540 932 1624 τοὺς
954 1533 1095 1629 dnae).
1139 1541 1285 1630 λέγονται
1309 1543 1345 1610 δὲ

211 1645 305 1736 παρὰ
324 1653 373 1740 τῷ
387 1653 509 1739 ποιητῇ
524 1643 630 1733 όσσε,
654 1646 747 1738 παρὰ
761 1646 819 1740 τὴν
835 1649 904 1719 ἕσιν
924 1650 980 1718 καὶ
994 1646 1095 1740 βολὴν
1114 1650 1174 1739 τῆς
1188 1642 1345 1735 όψειυς5)·

212 1752 268 1820 καί
286 1749 431 1842 Ὅμηρος
472 1758 476 1765 ’

303 1850 403 1940 ,,όσσε
424 1856 462 1924 δέ
483 1853 516 1924 οῖ
539 1856 620 1943 πυρὶ
642 1853 871 1942 λαμπετόωντι
893 1855 1021 1945 ἐίκτην(
1045 1857 1100 1943 (ΙΙ.
1115 1862 1155 1933 A
1171 1857 1255 1942 104),

212 1977 270 2047 καὶ
293 1974 395 2046 πόλιν
417 1976 545 2061 ,κείνου
567 1975 628 2066 γὰρ
647 1976 773 2046 τοιοίδε
795 1974 897 2059 πόδες
916 1975 1045 2045 τοιαίδε
1071 2003 1107 2045 τε
1128 1983 1232 2065 χεῖρες

416 2076 623 2172 ,ὀφθαλμῶν
644 2107 680 2150 τε
700 2079 820 2168 βολαί*
844 2083 920 2170 (od.
943 2083 964 2149 δ
989 2087 1049 2148 149
1065 2081 1138 2170 sq.).

212 2196 317 2286 ὦπες
339 2206 384 2289 δέ,
408 2197 478 2274 οῖον
501 2200 587 2281 ὀπαί
608 2230 692 2286 τινες
715 2195 811 2273 οὖσαι
833 2209 893 2296 τῆς
911 2208 1028 2296 ψυχῆς,
1052 2190 1169 2283 δι”ὧν
1190 2200 1228 2271 τὸ
1243 2199 1346 2270 κατό-

214 2333 323 2400 στημα
350 2313 409 2402 τῆς
438 2313 546 2400 ψυχῆς
573 2315 759 2397 θεωρεῖται.
805 2307 944 2393 σώζεται
971 2309 1008 2377 δὲ
1034 2308 1067 2376 ἐν
1094 2307 1267 2388 συνθέτοις
1288 2306 1345 2374 καὶ

213 2417 268 2481 νῦν
290 2409 383 2500 παρὰ
406 2416 453 2503 τῷ
474 2410 538 2501 βίην
560 2410 598 2481 τὸ
622 2407 772 2500 όνομαθ).
803 2407 966 2480 ὖπιόπια
988 2409 1049 2501 γὰρ
1063 2411 1189 2499 λέγεται
1211 2408 1254 2478 τὰ
1278 2406 1344 2479 ὑπὸ

213 2514 291 2597 τοὺς
312 2507 418 2598 ὦπας,
442 2512 462 2584 ό
483 2516 553 2583 ε’στι
574 2514 651 2597 τοὺς
666 2511 872 2605 ὀφθαλμούς,
896 2512 1110 2602 πελιοίματα·
1133 2512 1178 2595 ὡς
1200 2515 1237 2582 δέ
1251 2541 1344 2597 τινες,

213 2618 266 2688 ὅτι
287 2614 356 2710 όπῇ
370 2620 427 2687 καὶ
442 2617 584 2710 τρήματι
598 2616 789 2706 ἒοίκασινλ).
812 2619 959 2707 λέγονται
981 2619 1018 2686 δὲ
1039 2618 1096 2686 καὶ
1119 2613 1228 2702 όπαί,
1252 2616 1345 2706 παρὰ

213 2721 252 2792 τὸ
276 2718 354 2814 ὀπή.
401 2719 469 2813 ὀπὴ
493 2723 529 2791 δὲ
550 2717 624 2790 κατ’
646 2718 867 2811 Ἀριστόνικον
888 2721 1008 2811 κυρίως
1030 2722 1099 2791 ἐστὶ
1115 2718 1220 2804 τόπος
1235 2748 1347 2812 τετρη-

213 2825 322 2913 μένος,
350 2821 409 2916 όιφ’
441 2814 479 2894 οὗ
504 2852 555 2907 τις
581 2823 716 2895 δύναται
746 2820 948 2918 όπήσασθαι
974 2827 1031 2895 καί
1056 2826 1342 2916 περιβλέψασθαι,

214 2925 259 3012 ὡς
280 2927 318 2999 τὸ
1067 2986 1072 2996 .

393 3019 554 3104 ,,θεοῦ**)
578 3011 782 3100 δ’ἒποπίζεο
803 3018 922 3108 μῆνιν“
946 3018 1020 3104 (od.
1044 3042 1060 3085 ε
1086 3019 1170 3103 146),

218 3133 290 3205 ἀντί
317 3140 376 3205 τοῦ
405 3135 578 3226 προόραῧ).
623 3134 643 3229 ἡ
672 3139 708 3206 δὲ
734 3135 826 3228 κόρη
852 3141 917 3206 τῶν
939 3133 1124 3229 ὀφθαλμῶν
1152 3138 1208 3205 καὶ
1232 3132 1346 3227 γλήνη

214 3239 345 3331 λέγεται
371 3244 429 3312 καὶ
455 3241 544 3333 ἰ’λη.
565 3242 658 3335 κόρη
680 3245 748 3331 μέν,
781 3238 851 3313 οἷον
877 3242 964 3335 χόρη,
995 3240 1064 3314 ἀπὸ
1093 3249 1153 3313 τοῦ
1175 3238 1220 3313 δι’
1247 3239 1348 3334 αὐτῆς

214 3351 349 3435 χεῖσθαι
378 3343 416 3416 τὸ
443 3343 595 3436 ὁρατικὸν
621 3351 765 3433 πνεῦμα,
793 3345 862 3417 ἔστι
893 3349 930 3416 δὲ
952 3344 1116 3440 ὓμροφυὴς
1142 3348 1198 3416 καὶ
1223 3344 1303 3435 ὑγρὰ
1325 3342 1345 3436 ἡ

215 3447 308 3541 κόρη·
338 3447 360 3541 ἢ
382 3445 532 3520 ἀπὸτοῦ
553 3458 669 3536 κυρεῖν,
694 3450 713 3521 ό
734 3453 804 3521 ἐστι
827 3452 1057 3536 καλλωπίζειν,
1080 3450 1137 3521 τόν
1159 3448 1346 3543 ὀφθαλμόν.

215 3556 272 3623 καί
294 3553 374 3646 κόρη
400 3560 420 3646 ἡ
448 3553 633 3644 παρθένος,
664 3560 683 3646 ἡ
710 3554 864 3645 καθαρὰν
890 3557 947 3625 καὶ
976 3551 1128 3647 όίφθορον
1150 3554 1269 3640 ἔχουσα
1291 3552 1348 3644 τὴν

215 3658 387 3749 ἡλικίανλ).
431 3658 494 3750 ίλη
517 3657 565 3740 (λε’,
596 3655 665 3729 ἀπὸ
693 3661 751 3752 τῆς
773 3658 927 3752 εἶλήσεως
948 3661 1005 3729 καί
1032 3664 1092 3752 τῆς
1113 3661 1172 3728 ἐπὶ
1194 3657 1236 3728 τὰ
1259 3656 1348 3727 κότου

216 3767 329 3853 φορᾶς.
374 3760 490 3855 γλήνη
512 3761 561 3847 δέ,
585 3762 678 3853 παρὰ
699 3761 738 3834 τὸ
760 3759 801 3833 δι’
828 3761 934 3833 αίτῶν
955 3763 1011 3834 τὸν
1038 3768 1112 3834 νοῦν
1126 3766 1347 3853 μαληνιᾶσθαι

215 3870 255 3958 τῇ
281 3865 434 3957 ποικιλίᾳ
458 3871 521 3936 τῶν
544 3871 681 3957 ὁρατῶν·
712 3872 769 3958 τῆς
791 3866 851 3958 γὰρ
874 3866 1061 3950 διαθέσεως
1081 3871 1141 3937 τοῦ
1163 3871 1220 3937 νοῦ
1242 3871 1348 3936 δεκτι·

302 4076 327 4142 *)
346 4074 386 4128 De
404 4074 530 4130 codicum
549 4075 757 4130 Homerieorum
781 4076 928 4146 seripturis
945 4077 1023 4143 ναῖοι,
1046 4075 1141 4142 κύσσε,
1162 4077 1258 4142 κῦσσε,
1282 4075 1347 4129 κύσε

219 4160 254 4212 cf.
273 4159 313 4213 La
331 4160 425 4214 Roche
443 4161 480 4214 ud
499 4161 549 4216 Od.
567 4181 585 4214 π
607 4164 639 4217 15
659 4164 687 4216 et
705 4163 741 4216 ad
760 4162 809 4217 Od.
828 4182 844 4234 ρ
863 4164 904 4216 39.

284 4248 324 4315 *’)
343 4248 490 4302 Homerus:
515 4247 584 4308 Διός.
