2956 4822
591 270 593 274 ⁸
657 323 747 410 [115]
1230 335 1269 398 ro

237 520 319 585 Tum
348 525 432 584 certe
460 526 496 582 ut
518 517 675 582 Lebedios
709 518 741 582 in
772 519 935 583 ciuitatem
965 522 1158 604 reciperent,
1184 522 1270 589 Teiis

137 648 192 691 rex
219 624 392 707 mandauit.
432 622 524 696 Quod
548 623 670 686 duobus
693 623 795 686 modis
818 624 885 687 fieri
908 626 1029 708 potuit:
1053 634 1108 689 aut
1132 628 1270 692 enimin

134 731 282 794 Teiorum
306 727 406 790 tribus
429 725 563 790 Lebedii
587 726 732 790 distribui
756 733 811 790 aut
834 748 875 790 cx
899 729 944 791 eis
966 751 1049 793 noua
1076 730 1176 794 tribus
1199 753 1270 796 con·

134 836 221 899 stitui
252 833 363 918 potuit.
416 830 477 894 Illo
511 830 602 893 modo
634 829 799 913 Magnetes
829 832 860 894 in
893 831 1178 916 Smyrnaeorum¹,
1212 835 1271 900 hoo

134 938 266 1003 Lebedii
289 944 399 1021 postea
423 936 454 998 in
471 934 680 1018 Ephesiorum
690 934 714 1013 2,
739 935 912 1000 Pcreenses
936 937 966 998 in
984 936 1266 1018 Melitaecnsiumi,

134 1044 220 1107 Stirii
250 1042 281 1104 in
312 1038 568 1102 Medeoniorum¹
602 1039 764 1101 ciuitatem
798 1041 916 1123 recepti
945 1048 1028 1104 sunt.
1074 1042 1180 1126 Atque
1209 1043 1270 1107 hoc

134 1125 230 1210 etiam
253 1144 310 1207 Tei
341 1164 380 1206 ex
406 1143 489 1225 regis
519 1142 650 1205 consilio
674 1141 853 1205 faciendum
884 1144 980 1207 fuisse
1003 1166 1020 1207 c
1043 1145 1060 1225 ξ
1084 1148 1102 1208 3
1126 1155 1269 1230 apparet,

133 1252 187 1314 ubi
221 1247 354 1311 Lebedii
388 1252 422 1309 ut
455 1267 547 1309 suum
581 1247 762 1330 sepulturae
800 1248 902 1310 locum
937 1247 1074 1311 habeant
1108 1251 1267 1316 statuitur.

135 1350 228 1416 Certe
251 1349 293 1414 ἐπ’
319 1349 373 1436 ἴσῃ
394 1352 443 1411 καὶ
465 1346 555 1434 ὁμοίᾳ
579 1349 712 1413 Lebedii
743 1357 833 1413 erant
856 1349 1046 1434 recipiendi,
1070 1352 1090 1416 i.
1114 1374 1141 1417 e.
1166 1354 1210 1416 ita
1234 1362 1270 1419 ut

134 1457 273 1519 omniurn
297 1456 402 1517 iurum
425 1475 558 1538 quorum
591 1455 686 1517 ceteri
710 1455 779 1517 Teii
811 1463 842 1517 ct
872 1455 930 1538 ipsi
954 1456 1123 1539 participes
1144 1457 1267 1541 fierent,

134 1561 302 1646 praecipue
326 1561 400 1623 iuris
423 1559 565 1641 suffragii
589 1572 620 1622 et
646 1550 721 1623 iuris
743 1559 908 1640 honorum,
933 1581 1065 1643 quorum
1082 1560 1268 1646 plerumque

133 1669 266 1747 utroque
289 1663 340 1726 uel
364 1663 464 1725 altero
488 1662 637 1725 carebant
661 1664 727 1725 iure
751 1662 888 1725 ciuitatis
911 1662 1018 1726 donati
1028 1662 1050 1726 ⁵.

220 1766 342 1830 Deinde
356 1766 395 1829 de
406 1766 621 1829 Lobediorum
633 1767 711 1828 urhe
725 1773 755 1828 et
768 1786 846 1847 agro
861 1766 957 1828 uerba
970 1767 1037 1829 fieri
1051 1787 1176 1832 necesse
1189 1776 1268 1835 erat.

133 1871 226 1933 lllanr
238 1869 322 1932 haud
334 1870 429 1933 dubio
442 1869 570 1948 destrui,
584 1869 715 1932 deorum
728 1869 854 1953 templis
864 1877 987 1932 tantum
998 1872 1148 1953 exceptis,
1160 1893 1268 1955 regem

132 1975 266 2040 iussisse,
290 1994 351 2056 quo
375 1973 477 2035 minus
501 1973 632 2036 Lebedii
656 1973 816 2035 occasione
849 1971 924 2035 data
950 1973 981 2035 in
1005 1974 1153 2056 pristinas
1175 1976 1267 2041 sedes

132 2085 375 2151 reuerterentur,
400 2078 534 2140 efficiam
559 2085 590 2140 et
614 2099 656 2141 ex
686 2077 872 2160 synoeoismi
896 2076 1108 2161 Ephesiorum
1132 2100 1152 2142 a
1174 2079 1267 2164 Lysi·

133 2180 243 2244 macho
260 2181 417 2243 instituti6
440 2182 675 2264 comparatione
691 2187 722 2243 ct
738 2179 810 2242 inde
828 2179 910 2263 quod
934 2183 964 2244 in
981 2202 1019 2243 ea
1042 2202 1123 2265 quae
1139 2189 1266 2247 seruata

136 2292 192 2364 est,
217 2285 301 2347 tituli
325 2291 415 2368 parte
437 2304 591 2368 nusquam
608 2284 689 2346 ratio
704 2282 840 2346 habetur
855 2305 965 2346 corum
981 2284 1196 2350 Lebediorunr
1213 2288 1266 2370 qui

132 2389 164 2451 in
187 2409 244 2451 sua
266 2388 344 2451 urbe
364 2388 560 2472 permansuri
584 2388 655 2450 sint.
704 2387 807 2471 Atque
823 2386 986 2451 domorum
1003 2388 1266 2454 destruendarum

133 2493 235 2576 pretia
257 2491 407 2555 Lebediis
430 2513 448 2553 a
467 2491 615 2554 Teiorum
648 2491 776 2554 ciuitate
799 2491 1002 2575 rependenda
1024 2493 1137 2575 fuisse,
1165 2495 1265 2558 altero

132 2597 216 2678 regis
249 2595 352 2658 edicto
384 2594 531 2657 docemur
555 2593 588 2674 (ξ
615 2593 677 2674 13).
724 2595 794 2667 Qua
817 2616 850 2657 re
873 2616 913 2657 nc
936 2596 1098 2678 utriusque
1129 2597 1265 2662 ciuitatis

133 2699 333 2761 contentione
350 2698 424 2761 illae
440 2697 550 2761 domus
567 2698 816 2761 aestimarentur.
831 2696 1009 2779 Antigonus
1026 2698 1115 2761 iussit
1131 2698 1265 2764 arbitros
1359 2757 1363 2769 ,.

131 2802 171 2863 ad
195 2801 275 2864 hanc
305 2822 372 2863 rem
395 2799 618 2884 perficiendam
642 2821 680 2860 ex
709 2799 772 2861 alia
795 2799 932 2882 quadam
963 2800 1091 2863 ciuitate
1114 2801 1262 2867 arcessi⁷.

132 2905 216 2979 Quos
248 2925 264 2968 e
296 2903 367 2967 Coie
398 2903 567 2967 sumendos
598 2903 694 2966 fuisse
717 2925 733 2966 e
757 2924 785 2967 v.
814 2905 874 2965 119
907 2904 1075 2984 coniciam,
1107 2904 1162 2968 ubi
1190 2926 1262 2970 cum

130 3010 267 3072 ciuitatis
290 3009 408 3070 nomini
431 3008 564 3070 lacunae
587 2986 724 3091 spatium
740 3007 883 3070 sufficere
907 3029 968 3070 non
988 3008 1144 3089 uideatur,
1168 3030 1263 3073 causa

130 3120 237 3174 antem
260 3112 315 3174 uix
338 3111 483 3193 indagari
507 3111 620 3194 possit,
652 3132 707 3173 cur
734 3110 927 3192 unde‘leges
950 3120 1181 3175 arcesserentur
1203 3132 1260 3176 rex

234 3322 242 3354 ¹
262 3318 302 3369 Cf.
319 3317 390 3369 infra
410 3318 445 3369 ΙΙ.

232 3403 302 3455 ²Cf.
322 3421 348 3468 p.
367 3404 400 3454 54
419 3419 459 3470 sq.

234 3488 303 3541 ⁸Cf.
324 3489 396 3540 infra
414 3489 457 3540 ΙΙΙ
478 3488 511 3539 de
530 3488 746 3541 Melitacenshrm
766 3493 794 3541 ct
814 3490 986 3541 Percennium
1006 3490 1171 3557 sympolitia.

233 3581 242 3616 ⁴
263 3576 303 3627 Gi.
323 3575 395 3627 infra
416 3574 452 3624 IV
472 3574 506 3624 de
526 3576 730 3626 Medeoniorum
751 3584 777 3626 et
797 3576 938 3627 Stiriorum
957 3576 1119 3643 sympolitia

233 3661 302 3713 ⁵Cf.
322 3662 429 3712 titulum
457 3660 600 3726 Ephesium
627 3661 831 3727 Dittenhergeri
856 3661 984 3727 Syllogac
1009 3661 1060 3713 253
1082 3679 1116 3704 =
1139 3661 1178 3713 Le
1196 3660 1260 3724 Bas,

127 3750 194 3802 Asis
226 3747 351 3799 Mincurc
391 3745 451 3799 136⁸
481 3763 506 3796 v.
538 3748 588 3798 41:
623 3753 663 3798 ani
697 3753 720 3798 εἴ
747 3768 812 3806 τινες
847 3748 874 3799 δὲ
904 3747 1162 3817 πεπολιτογρᾰφηνται
1191 3755 1259 3818 μέχρι

127 3835 176 3889 τόν
194 3839 239 3887 νῦν
253 3836 355 3903 χρόνον,
374 3834 434 3884 εἶναι
453 3829 549 3890 πάντας
567 3833 687 3898 ἓντίμους.
723 3832 839 3883 Athenis
865 3832 983 3884 caruisse
1001 3831 1184 3898 dqpcnorq'rom
1201 3833 1260 3884 iure

128 3922 321 3974 archemorum
348 3917 524 3969 nanciscendi
553 3923 670 3969 constat.
707 3917 830 3969 Ceterum
859 3916 893 3969 cf.
923 3918 993 3969 tituli
1020 3917 1160 3984 Smyrnaei
1186 3919 1260 3970 infra

128 4007 250 4059 enarrari
270 4003 298 4057 11
316 4002 332 4071 S
350 4003 375 4057 6.
395 4003 466 4055 tituli
485 4003 625 4055 Stiriensia
645 4019 670 4054 v.
685 4001 794 4063 10-18,
813 4019 837 4053 v.
856 4001 890 4055 29
908 4019 967 4071 sqq.
998 4004 1051 4056 Ubi
1072 4003 1144 4071 qnod
1165 4002 1258 4056 Mede·

128 4094 253 4146 oniornm
282 4090 458 4156 magistratui
490 4090 516 4140 in
545 4090 684 4155 republica
713 4089 857 4140 Stiriorum
888 4091 1009 4154 gerenda
1036 4090 1096 4141 iura
1123 4088 1257 4156 quaedam

112 4205 114 4208 >
128 4179 325 4239 attribuuntur,
344 4176 516 4242 sympolitiac
535 4191 588 4227 non
603 4176 766 4242 synoecismi
779 4173 917 4241 proprium
936 4188 998 4225 essa
1010 4173 1085 4226 inira
1098 4174 1256 4228 uidebimur.

231 4263 301 4314 ‘Ch
321 4278 347 4328 p.
365 4260 398 4314 54
417 4277 475 4329 sqq.

230 4350 300 4400 'Ch
319 4345 334 4412 ἓ
356 4349 392 4399 14.

1117 4431 1153 4486 gc
