2954 4808
648 292 738 378 [143]
1220 294 1258 356 31

127 514 198 558 rum
221 488 427 556 conformatio
452 487 538 551 urbis
561 485 700 551 Amidae
722 485 925 567 describitur3
948 488 1059 572 itaquo
1075 508 1145 550 com
1169 487 1265 551 turris

127 595 268 661 nondum
289 595 394 659 deleta
418 599 511 672 esset,
535 611 700 678 perperam
721 589 814 674 fnit
829 591 988 655 Ammiani
1010 590 1132 655 calamo
1150 590 1268 655 excidit

126 706 285 786 praerat.
331 697 447 762 Similis
471 697 558 762 locus
582 706 630 760 est
654 697 706 760 21.
732 697 761 775 b,
786 698 804 758 3
833 697 888 781 qni
908 695 979 759 licet
1008 716 1103 778 asper
1133 702 1209 759 esset
1238 701 1267 758 et

120 804 331 888 formidatus,
359 799 554 866 tolerabilior
580 807 684 864 tamen
704 799 773 882 fnit
795 807 824 864 et
841 799 1076 884 praeferendas
1099 851 1107 866 .
1131 850 1138 863 .
1162 846 1170 863 .
1193 806 1266 864 ante

125 909 209 973 dicto
233 907 365 991 (Rustic
389 903 545 985 Iuliano);
583 907 634 968 14.
664 906 702 979 5,
732 906 752 967 2
781 905 880 987 fecit3
916 907 966 970 16.
998 908 1036 988 5,
1067 903 1086 966 5
1117 904 1267 968 Iulianus

125 1032 225 1076 aero.
253 1061 260 1076 .
288 1058 312 1091 .,
342 1010 483 1096 quotiens
512 1007 627 1086 noluit,
657 1007 817 1091 eolpllaoit
846 1016 875 1073 et
899 1059 906 1074 .
932 1055 939 1072 .
968 1057 975 1072 .
998 1028 1169 1092 excerpens
1195 1055 1203 1070 .
1227 1059 1234 1074 .
1260 1057 1268 1074 .

125 1116 243 1179 occulte
264 1112 426 1178 Mercurio
448 1111 662 1195 supplicabam
688 1113 738 1179 15.
762 1114 828 1188 9,8
852 1119 880 1176 et
902 1110 998 1176 bardi
1019 1113 1140 1194 quidem
1155 1111 1267 1196 fortia

125 1220 267 1282 eirornm
283 1265 290 1280 .
308 1265 315 1280 .
335 1265 342 1280 .
350 1217 448 1299 facta
465 1265 472 1279 .
487 1262 516 1280 ..
535 1215 743 1294 carrtitornnt,
756 1214 891 1300 sniapes
909 1215 1120 1281 ...sublimia
1132 1221 1269 1279 naturae

125 1322 266 1406 pandere
288 1319 499 1398 conabantnr3
534 1324 580 1385 15.
607 1322 657 1401 11,
682 1322 701 1383 6
732 1316 925 1402 repebantnr
952 1367 960 1383 .
985 1369 993 1384 .
1017 1368 1025 1384 .
1049 1308 1204 1384 Gallim.
1228 1369 1236 1385 .
1260 1366 1269 1384 .

125 1432 278 1509 potestate
299 1427 334 1487 in
354 1431 464 1508 partes
487 1423 588 1486 divisa
612 1428 775 1508 quattuor,
808 1443 945 1509 quaram
964 1421 1179 1487 Narbonensis
1201 1444 1268 1487 nna

132 1527 333 1594 Viennensem
349 1529 439 1591 intra
454 1547 486 1591 se
507 1525 728 1591 continebat..
746 1550 775 1591 ..·
797 1528 901 1591 altera
923 1525 1095 1608 Aquitanis
1112 1535 1267 1612 praeerat

127 1680 156 1701 ..
171 1657 195 1700 ..¹
205 1634 398 1717 superiorem
412 1679 418 1694 .
433 1681 440 1696 .
457 1680 464 1694 .
477 1630 683 1695 Germania-m
693 1629 868 1716 Belposqne
880 1631 962 1695 dnae
970 1631 1206 1696 iurisdictiones
1218 1680 1226 1697 .
1239 1679 1247 1696 .
1260 1679 1269 1696 .

126 1759 253 1817 renere3
285 1739 337 1801 21.
362 1740 393 1817 6,
416 1733 661 1819 bparabantnr
689 1735 788 1799 nibilo
814 1737 919 1799 asinus
950 1743 1150 1800 antenorem
1179 1743 1270 1818 atque

128 1842 265 1906 ciciliam
290 1842 502 1904 instrumenta
524 1838 675 1906 bellorum
697 1846 725 1903 et
749 1837 927 1923 erepebatnr
957 1846 1138 1904 termarum
1168 1859 1270 1923 eques·

128 1947 226 2009 triam
249 1964 400 2009 nnmerns
419 1945 556 2028 parique
577 1943 682 2007 stridis
704 1942 919 2026 supplementa
948 1944 1121 2029 lepionibns
1146 1946 1270 2028 scripta

126 2058 201 2115 sant
305 2051 463 2133 omneque
478 2049 556 2112 ordo
578 2096 637 2113 ...
662 2047 851 2130 venabatur3
875 2050 928 2112 31.
945 2052 974 2130 6,
1000 2052 1016 2113 7
1044 2049 1268 2114 incendiorum

127 2153 346 2238 mapnitndine
365 2159 479 2216 cuncta
487 2150 691 2238 slaprabant,
715 2201 773 2218 ...
797 2157 911 2234 raptae
924 2159 998 2217 snnt
1016 2160 1135 2218 matres
1158 2205 1166 2221 .
1184 2205 1217 2220 ..
1238 2163 1269 2221 et

126 2256 256 2341 puberes
279 2307 286 2322 .
313 2308 320 2322 .
345 2304 352 2321 .
376 2258 474 2321 tracti
496 2263 578 2322 sunt.

231 2360 293 2425 ΙΙΙ.
339 2361 433 2436 Quod
458 2367 565 2426 autem
587 2361 760 2426 sescenties
789 2361 980 2446 perfectum,
998 2382 1056 2446 pro
1087 2362 1270 2449 plusquam-

129 2465 271 2550 perfecto
296 2466 435 2549 positum
458 2473 515 2548 est,
548 2464 580 2528 id
603 2465 680 2531 vitio
706 2466 759 2529 rix
791 2465 884 2529 aliter
914 2471 1031 2550 vertas,
1060 2466 1121 2531 nisi
1152 2467 1205 2548 ita,
1235 2475 1270 2532 ut

130 2568 332 2632 Ammianum
355 2570 406 2632 vel
427 2569 594 2653 vulgarem
616 2569 669 2631 vel
691 2571 798 2654 potius
815 2568 973 2634 Graecum
996 2569 1156 2655 quendam
1174 2571 1270 2654 patrii

129 2672 284 2736 sermonis
308 2692 400 2736 usum
423 2673 455 2736 in
470 2673 601 2737 latinam
617 2673 760 2757 linguam
776 2675 977 2738 transtulisse
992 2681 1097 2757 putes.
1134 2671 1268 2739 Constat

130 2775 214 2840 enim
231 2775 372 2839 Graecos
396 2775 427 2838 in
450 2796 554 2840 rerum
578 2783 739 2860 gestarum
761 2779 942 2842 narratione
958 2778 1075 2843 aoristo
1092 2777 1139 2841 uti
1155 2779 1269 2859 solere,

129 2880 183 2944 ubi
208 2880 344 2944 Romani
375 2880 546 2963 scriptores
577 2881 890 2967 plusquamperfecto
922 2886 1062 2946 utantur.
1107 2882 1267 2968 Imprimis

129 2985 161 3048 iu
184 2983 349 3048 sententiis
372 2983 566 3048 secundariis
590 3006 627 3048 aa
650 2985 850 3069 potissimum
873 2985 905 3049 in
929 2986 1101 3051 enuntiatis
1128 2988 1269 3052 relativis

130 3096 163 3155 et
185 3087 375 3169 causalibus,
406 3107 489 3172 quae
518 3108 537 3151 a
568 3088 844 3153 coniunctionibus
875 3089 968 3174 quod,
999 3091 1074 3174 qaia
1105 3091 1270 3175 incipiunt,

130 3192 208 3258 haec
232 3200 412 3276 temporum
435 3195 641 3257 commutatio
666 3214 759 3257 suum
782 3192 880 3258 habet
903 3193 1018 3259 locum.
1063 3194 1208 3259 Primum
1230 3215 1270 3261 ea

129 3296 279 3383 exempla
306 3296 478 3381 proferam,
509 3320 550 3363 ex
581 3298 694 3382 quibus
727 3297 902 3383 perfectum
934 3299 965 3360 in
998 3299 1269 3364 enuntiationibus

129 3401 283 3485 primariis
313 3421 376 3464 non
400 3408 488 3466 reete
517 3422 575 3486 pro
606 3401 920 3487 plusquamperfecto
950 3401 1026 3486 poni
1057 3403 1180 3467 elucet:
1218 3405 1270 3470 20.

130 3509 159 3583 9,
183 3507 202 3567 8
225 3505 520 3587 inopistrnmenim
542 3505 722 3590 officioram
749 3507 814 3568 iam
842 3506 967 3590 pridem
997 3507 1064 3590 ipse
1085 3508 1272 3573 Anatolium

130 3609 306 3687 ordinarit3
332 3610 382 3671 14.
406 3609 437 3689 2,
461 3614 499 3691 93
523 3612 574 3674 21.
600 3612 650 3690 11,
674 3612 713 3691 2;
738 3611 788 3675 27.
812 3613 843 3692 3,
867 3613 904 3689 3;
928 3611 980 3675 27.
1004 3614 1036 3678 5.
1059 3612 1088 3674 3.
1134 3610 1202 3674 Iam
1226 3633 1269 3676 ex

129 3711 289 3791 sescentis,
314 3732 396 3796 quae
420 3713 452 3775 in
474 3713 598 3778 schedis
615 3713 749 3778 collecta
764 3712 879 3795 habeo,
905 3714 1059 3799 exemplis
1074 3731 1177 3798 pauca
1197 3736 1267 3799 per·

129 3817 274 3897 scribam,
310 3816 364 3880 ubi
397 3816 573 3900 perfectum
608 3836 759 3902 perverse
796 3837 854 3902 pro
888 3817 1205 3903 plusquamperfecto
1234 3821 1267 3885 in

129 3921 303 3986 enuntiatis
326 3920 521 3986 secundariis
544 3922 677 4006 legitur:

232 4025 272 4090 Α.
317 4024 500 4089 Sententiae
524 4027 685 4090 relativae.
734 4028 783 4091 14.
807 4027 837 4104 3,
861 4029 881 4089 4
904 4044 1035 4090 enarrem
1055 4026 1175 4090 indicio
1193 4047 1269 4110 pro·

129 4129 225 4209 ditas,
248 4131 324 4212 qai.
343 4178 350 4192 .
369 4178 376 4193 .
400 4128 444 4192 ad
460 4130 631 4212 praesidia
647 4130 801 4194 descivere
814 4129 973 4211 Romano,
997 4177 1055 4195 ...
1080 4129 1268 4211 tabescebam

131 4236 178 4296 14.
205 4235 253 4310 11,
278 4235 317 4296 19
340 4234 395 4317 qni
414 4234 574 4317 praefmt3
607 4236 656 4298 14.
681 4237 731 4314 11,
754 4239 796 4299 24
819 4242 847 4299 et
869 4255 932 4299 non
955 4236 1012 4299 din
1036 4242 1149 4318 postea
1179 4234 1268 4300 ambo

129 4334 296 4399 cremabili
316 4345 415 4402 morte
436 4337 594 4424 absmnpti
614 4346 698 4419 sunt,
721 4340 775 4424 qni
798 4360 865 4403 enm
890 4390 947 4405 ...
973 4339 1017 4403 acl
1040 4360 1134 4424 usqne
1152 4342 1270 4424 plapas
