2956 4822
202 274 241 338 rs
720 268 812 355 [114]

199 469 319 552 potitus
331 473 378 532 est
389 466 413 531 ¹:
429 466 636 552 Lysimachus
648 472 757 550 postea
773 464 904 529 testibus
916 463 1095 528 Pausania2
1111 471 1142 528 et
1154 464 1332 551 Strabone³

199 572 413 636 Lebediorum
443 572 554 635 urbem
581 571 716 635 sustulit.
769 569 859 644 Quod
883 570 987 633 facere
1018 591 1079 633 non
1112 572 1282 653 potuisset,
1307 571 1332 633 si

200 675 356 758 Antigoni
388 675 551 740 consilium
582 675 759 759 perfectum
782 680 872 737 esset.
919 672 1037 737 Omnes
1066 674 1150 736 enim
1174 673 1333 737 Lebedios

198 778 379 862 Antigonus
402 778 502 841 Teum
525 778 734 841 translaturus
757 777 853 841 eratl.

302 882 501 967 Quamquam
525 903 591 945 rem
615 881 698 946 ellici
720 888 862 966 coeptam
887 903 953 945 esse
976 890 1110 966 apparet
1144 882 1217 945 inde
1249 883 1330 966 quod

199 986 353 1071 Antigoni
376 988 479 1051 edicta
502 987 599 1071 lapidi
622 988 773 1050 mandata
795 996 882 1051 sunt:
906 987 990 1072 qnod
1007 987 1126 1050 factum
1149 1010 1214 1050 non
1238 995 1329 1065 esset,

199 1093 225 1155 si
248 1093 292 1156 rei
316 1099 486 1175 antequam
502 1091 710 1165 incoharetur,
733 1092 803 1154 finis
819 1091 984 1176 impositus
1007 1100 1098 1154 esset.
1133 1090 1214 1154 Cum
1237 1092 1332 1175 igitur

200 1195 379 1259 incohatam
419 1216 488 1258 eam
525 1196 702 1279 relinquere
732 1194 800 1258 Teii
831 1216 907 1258 uere
936 1195 1010 1257 anni
1042 1195 1104 1257 302
1139 1195 1238 1258 coacti
1261 1196 1332 1274 sint,

199 1298 285 1362 haud
307 1299 402 1382 longe
425 1321 444 1362 a
467 1300 601 1362 ueritate
625 1299 857 1377 aberrabimus,
888 1299 913 1362 si
937 1319 1019 1361 anno
1043 1300 1105 1361 303
1128 1298 1208 1362 haec
1231 1299 1333 1363 edicta

199 1400 355 1484 Antigoni
378 1402 495 1486 scripta
518 1423 586 1465 esse
609 1409 793 1465 statuemus.

302 1505 398 1569 Initio
422 1506 505 1568 tituli
528 1505 612 1569 hand
636 1526 737 1589 pauca
760 1504 908 1568 uidentur
929 1505 1067 1589 periisse.
1113 1506 1202 1578 Quae
1225 1526 1332 1589 super·

199 1615 271 1670 sunt
295 1609 327 1671 in
350 1630 445 1672 uersu
471 1612 499 1689 l,
521 1610 671 1673 litterae.
691 1659 697 1672 .
714 1636 730 1671 v
746 1633 778 1671 rs
795 1634 831 1670 πε
848 1657 855 1672 .
873 1657 880 1671 .
900 1659 906 1672 .
923 1609 997 1693 quid
1022 1609 1083 1672 sihi
1103 1610 1214 1691 uelint,
1239 1631 1331 1674 nemo

200 1710 326 1775 dixerit.

303 1815 423 1879 Tamen
437 1817 573 1901 quadam
586 1838 655 1880 oum
672 1816 905 1901 probabilitate,
922 1816 1035 1900 quibus
1051 1816 1090 1879 de
1106 1816 1199 1880 rebus
1214 1816 1333 1881 dictum

201 1919 296 1984 fuerit
319 1922 350 1983 in
374 1922 436 1985 illis
459 1922 512 2006 qui
537 1923 697 2006 perierunt
719 1921 863 1984 uersibus
886 1921 1065 1984 conieceris.

302 2024 414 2109 Neque
444 2027 528 2089 euim
557 2025 605 2089 his
639 2026 751 2088 litteris
781 2046 837 2088 rex
873 2025 1009 2109 primum
1040 2046 1111 2088 cum
1135 2023 1220 2088 Teiis
1254 2046 1334 2088 com·

201 2129 374 2192 muninauit
407 2130 573 2192 consilium
610 2129 768 2193 Lebedios
797 2128 898 2192 Teum
930 2127 1169 2192 transducendi:
1200 2135 1333 2212 utraque

202 2231 286 2293 enim
309 2232 420 2294 ciuitas
435 2233 557 2314 legatos
580 2232 620 2295 ad
644 2254 716 2296 enm
741 2233 869 2295 miserat
892 2233 944 2316 qui
971 2231 1077 2296 uerbis
1100 2252 1170 2294 cnm
1196 2252 1271 2314 rege
1295 2230 1333 2294 de

201 2354 239 2396 ea
262 2355 296 2397 re
320 2334 479 2417 agerent⁵.
512 2335 711 2419 Quamquam
734 2356 798 2398 non
821 2334 910 2397 illum
933 2335 987 2399 sed
1003 2334 1143 2398 Graecos
1165 2334 1251 2418 ipsos
1268 2335 1334 2398 eius

203 2439 323 2502 consilii
340 2447 482 2502 auctores
498 2439 594 2502 luisse
610 2460 687 2502 caue
703 2439 852 2502 conicias:
878 2441 930 2522 qui
948 2439 1119 2517 ciuitatem,
1144 2439 1221 2518 iura,
1245 2438 1335 2502 sedes

202 2562 274 2604 suas
297 2562 392 2625 quam
415 2542 505 2604 inuiti
530 2541 722 2624 reliquerint,
743 2541 1009 2626 Colophoniorum
1032 2541 1123 2605 docet
1139 2542 1334 2625 exemplum,
1389 2578 1391 2583 ·

202 2644 255 2726 qni
283 2647 350 2706 non'
378 2644 477 2706 multo
509 2653 578 2728 post
608 2665 703 2728 quam
741 2645 801 2708 hae
834 2646 959 2708 litterae
992 2645 1085 2708 datae
1117 2650 1203 2723 sunt,
1239 2645 1334 2706 armis

203 2745 402 2830 Lysimacho,
426 2749 478 2830 qui
502 2746 664 2830 Ephesum
687 2769 739 2811 eos
763 2749 1000 2812 transducturus
1023 2756 1111 2828 erat,
1142 2748 1333 2821 restiterunt,

202 2850 257 2911 sed
273 2850 305 2911 ui
321 2851 449 2912 tandem
466 2851 566 2913 coacti
582 2850 681 2914 suntt
714 2855 820 2935 Atque
843 2853 968 2916 nomine
992 2851 1116 2935 quidem
1143 2851 1233 2914 liberi
1256 2851 1332 2913 socii

203 2954 286 3036 regis
302 2961 392 3016 erant
408 2954 532 3034 Graeci,
556 2956 608 3036 qui
632 2957 656 3018 si
680 2977 736 3018 sua
759 2963 869 3039 sponte
882 2956 1077 3040 synoecismo
1094 2978 1126 3019 se
1143 2958 1332 3039 coniungere

203 3056 387 3135 uoluissent,
410 3058 441 3119 in
465 3057 546 3121 hanc
569 3079 634 3120 rem
658 3080 692 3122 se
715 3059 913 3142 interponere
937 3060 1020 3141 regis
1044 3080 1105 3121 non
1129 3059 1331 3122 interfuisset.

306 3159 404 3242 Regis
412 3163 509 3242 igitur
518 3163 602 3224 iussn
614 3163 843 3246 synoecismum
853 3162 1040 3241 institutum,
1053 3162 1176 3245 legatos
1184 3161 1331 3226 Teiorum

203 3262 462 3327 etLebedioruur
486 3266 595 3328 missos
618 3286 685 3329 csse
713 3286 867 3329 censeam.
903 3264 1015 3349 Itaque
1038 3265 1122 3329 illius
1145 3272 1213 3329 erat
1235 3287 1329 3350 quarn

204 3366 450 3431 luculentissime
467 3368 598 3431 Graecis
621 3368 848 3448 demonstrare,
872 3369 1009 3453 ipsorum
1033 3369 1227 3452 potissimum
1253 3390 1334 3432 com·

204 3470 300 3533 modo
335 3492 368 3535 se
405 3471 464 3536 hoc
498 3473 625 3535 oonsilio
659 3472 838 3556 prouidere.
891 3470 981 3545 Quod
1019 3472 1050 3533 in
1086 3473 1187 3555 prima
1222 3471 1333 3535 harum

204 3573 381 3637 litterarum
403 3580 494 3658 parte
516 3576 697 3660 expositum
719 3575 816 3639 fuisse
839 3574 1005 3638 coniciam.

309 3879 317 3911 ¹
338 3874 447 3926 Diodor.
468 3873 518 3926 XX
540 3873 596 3926 107.

307 3962 318 3998 ²
337 3963 350 4015 I
367 3962 417 4026 9,7.
441 3961 564 4023 v113‚o.

308 4049 318 4082 ⁸
337 4049 401 4101 XIV
422 4066 446 4117 p.
466 4047 524 4102 640.

308 4136 377 4187 ‘Gt
397 4135 411 4201 ἓ
431 4135 444 4185 4
464 4144 490 4187 et
509 4135 533 4189 ῡ.

310 4220 521 4274 ‘ffiufflm

308 4307 319 4343 ⁸
337 4307 454 4360 Pausan.
474 4309 486 4361 1
504 4308 528 4369 9,
545 4307 569 4359 l.
600 4306 641 4359 Ol.
655 4321 726 4374 quae
739 4320 822 4374 supra
841 4306 953 4374 exposui
967 4324 991 4375 p.
1003 4305 1026 4359 7.
