2954 4808
687 310 776 396 [rsa]
1258 317 1298 379 es

161 508 273 590 colens,
296 507 379 593 quod
390 507 552 590 praesenti
571 526 689 592 qaoque
708 506 907 589 pepercisset,
932 505 1080 568 caritates
1095 505 1162 569 eius
1179 556 1185 569 .
1204 556 1211 570 .
1231 554 1237 570 .
1259 506 1304 569 ad

161 612 307 676 orientem
331 611 436 675 redire
458 611 557 675 tutius
578 610 748 694 inperauit.

490 815 515 854 F.
543 813 715 854 sturemare
739 810 973 853 commonemus.

265 922 316 987 De
345 921 573 988 sententiarum
606 921 868 988 condicionalium
898 943 958 985 usu
991 941 1060 985 cum
1085 921 1302 987 Dederichsus

162 1029 292 1113 egregie
316 1027 425 1112 egerit,
449 1027 530 1091 hanc
552 1047 620 1092 rem
640 1031 813 1091 retractare
836 1025 924 1091 nolo.

161 1220 197 1274 II.
216 1219 263 1272 Dll
277 1218 611 1273 couluuomoulssus
622 1218 699 1272 OUM
710 1217 802 1272 sobo
813 1217 1032 1271 mumurrvo
1044 1217 1303 1274 consensuum.

265 1342 371 1406 Ratae
393 1348 468 1406 sunt
490 1340 574 1426 apud
599 1341 803 1406 Ammianum
821 1361 878 1404 eae
900 1341 1078 1406 sententiae
1093 1339 1302 1406 secundariae

162 1445 437 1512 coniunctionibus
460 1444 671 1527 introductae,
694 1447 726 1510 iu
751 1446 866 1531 quibus
883 1442 996 1509 modus
1013 1445 1232 1509 coniunctivae
1255 1444 1304 1508 in·

162 1551 290 1617 dicativi
321 1550 426 1614 locum
458 1551 588 1614 omnino
618 1570 774 1635 nusquam
806 1549 982 1635 usurpavit.
1023 1548 1184 1622 Quattuor
1206 1549 1302 1635 parti-

163 1656 254 1720 culac
269 1655 357 1719 solae
371 1653 578 1718 indicativum
594 1673 717 1717 merum
734 1658 918 1718 servarunt:
936 1659 1116 1738 postquam,
1131 1652 1285 1738 quamdiu
1292 1675 1306 1734 ;

162 1760 321 1846 quonium,
343 1755 429 1844 quia.
475 1757 526 1822 ux
549 1757 597 1821 his
619 1758 773 1844 quamdiu
791 1764 823 1823 et
843 1758 917 1843 quia
941 1777 1067 1845 semper
1090 1777 1160 1820 cum
1185 1756 1303 1822 indica·

163 1861 227 1925 tivo
252 1863 496 1947 coniunguntur,
516 1869 683 1948 postquam
707 1869 739 1928 et
761 1863 908 1952 quoniam
932 1861 1064 1951 singulis
1081 1866 1205 1930 tautum
1223 1861 1303 1930 locis

164 1987 235 2030 cum
259 1966 469 2032 coniunctivo.

515 2175 541 2214 Δ.
564 2175 736 2216 §numurus
754 2175 946 2218 TEMPORALES.
1049 2172 1053 2179 ’

267 2287 295 2350 l.
329 2284 503 2370 Postquam
533 2284 722 2369 particulam
750 2284 938 2370 plerumque
968 2287 1159 2371 perfecti
1189 2289 1302 2354 indi·

161 2389 331 2453 cativus
354 2391 514 2475 sequitur:
541 2393 589 2454 16.
607 2392 656 2473 10,
673 2392 714 2454 20
736 2390 848 2476 quibus
861 2393 1000 2476 percitus
1016 2395 1196 2458 tricensimo
1214 2401 1302 2478 past·

161 2514 254 2579 quant
279 2495 441 2578 inpressas
462 2502 507 2559 est
521 2495 572 2559 die
587 2543 595 2559 .
611 2543 642 2559 ..
666 2494 705 2558 ab
727 2494 802 2560 urbe
822 2495 986 2580 profectus
1003 2547 1010 2561 .
1028 2548 1035 2562 .
1055 2549 1063 2563 .
1086 2498 1119 2561 in
1135 2497 1303 2581 lllyricmn

154 2596 331 2681 festinavit.
386 2596 520 2661 Poterat
562 2597 623 2662 hoc
662 2600 734 2663 loco
778 2599 1089 2685 plusquamperfecto
1134 2602 1180 2665 uti
1223 2602 1300 2665 Am·

161 2699 303 2781 mianus,
336 2720 432 2786 quem
464 2698 672 2764 differentiam
704 2701 806 2783 illam,
840 2722 921 2787 quae
953 2704 1037 2766 inter
1062 2703 1238 2787 perfectum
1270 2712 1303 2770 et

160 2801 510 2887 plusquamperfectum
541 2803 723 2888 intercedit,
754 2825 819 2869 non
850 2807 926 2870 satis
964 2826 1089 2870 curasse
1123 2805 1302 2874 docuimus.

162 2907 245 2972 Saue
259 2906 286 2969 is
303 2905 432 2990 quidem
447 2913 613 2992 postquam
626 2928 697 2971 cum
713 2909 1027 2996 plusquamperfecto
1040 2911 1151 2996 iungit,
1167 2913 1221 2977 ubi
1233 2935 1303 3001 pcr-

161 3010 279 3076 fectum
297 3009 534 3075 commendatur
552 3032 611 3075 usu
627 3011 763 3077 Liviana
782 3033 819 3077 ac
839 3012 994 3078 Tacitino.
1029 3011 1098 3079 Nec
1113 3015 1304 3082 dissimiliter

160 3114 348 3180 Ammianus
370 3114 516 3200 perfecto
540 3137 615 3180 usus
645 3124 695 3181 est
723 3116 785 3181 hoc
817 3138 944 3203 quoque
976 3117 1063 3183 loco:
1097 3121 1148 3184 20.
1181 3123 1231 3200 ll,
1263 3123 1299 3185 11

144 3220 277 3284 'decimo
300 3220 404 3305 itaque
423 3226 591 3305 postquam
611 3222 757 3304 puqnari
781 3228 922 3306 coeptum
944 3228 988 3286 est
1015 3222 1075 3305 die,
1101 3275 1108 3290 .
1135 3275 1142 3291 .
1167 3275 1174 3290 .
1198 3232 1303 3299 trans-

157 3322 243 3402 ferri
262 3324 431 3407 placuerat
452 3324 562 3388 molem
584 3326 696 3389 arietis
718 3346 869 3410 nunqnam
893 3324 951 3410 (=
971 3335 1142 3414 postquam
1166 3329 1302 3414 pugnari

160 3431 311 3510 coeptum
328 3432 405 3509 erat,
422 3425 577 3512 placuit);
597 3428 677 3493 conf.
688 3429 801 3495 etiem:
823 3432 870 3496 18.
884 3432 940 3508 l,l
961 3430 1134 3517 Postquam
1150 3453 1277 3516 repes..
1293 3484 1301 3500 .

158 3531 316 3594 transiere
337 3529 511 3610 laetissimi,
535 3581 543 3596 .
567 3581 575 3596 .
601 3582 608 3597 .
632 3534 820 3617 quievimus3
847 3537 895 3599 16.
922 3536 971 3618 12,
995 3538 1037 3599 43
1060 3536 1116 3601 sed
1133 3543 1300 3622 postquam

158 3633 330 3697 comminus
350 3641 473 3699 centum
497 3642 551 3719 est,
568 3637 781 3721 pnqnaiatur
800 3637 935 3723 paribus
958 3639 1015 3704 diu
1037 3642 1207 3705 mennatis.

261 3735 385 3801 Duobis
408 3736 487 3802 locis
509 3745 676 3825 postquam
699 3761 770 3804 cum
788 3740 1100 3826 vplusquamperfecti
1130 3743 1302 3811 indicativo

159 3841 367 3906 construitur:
394 3844 442 3907 14.
466 3843 497 3926 2,
525 3846 563 3907 12
585 3851 750 3929 postquam
774 3845 895 3910 adurat
914 3847 1019 3931 timor,
1041 3849 1125 3912 oicas
1141 3849 1304 3932 opulentos

68 4004 70 4007 .
157 3945 266 4010 adorti
282 3992 289 4006 .
306 3995 339 4010 ..
364 3946 501 4031 dipressi
522 3954 611 4027 sunt;
645 3950 694 4013 l‘l.
721 3950 835 4028 12,16
867 3950 1027 4035 inperelmt
1052 3959 1156 4017 autem
1177 3950 1210 4018 se
1227 3960 1302 4037 post

156 4048 233 4114 naec
254 4050 414 4115 mammas
437 4070 588 4116 numerus
617 4057 817 4117 catervarum
841 4102 849 4118 .
872 4102 880 4118 .
905 4102 931 4135 .,
955 4055 1108 4139 suspendi
1136 4078 1157 4121 a
1179 4057 1301 4142 iuputis

157 4154 224 4217 suis
246 4153 373 4238 qiadios
396 4153 634 4239 obsecrantium,
661 4163 827 4242 postquam
850 4158 1051 4225 Araharium
1080 4162 1199 4245 inpune
1230 4181 1300 4226 con·

154 4264 306 4342 perorant
327 4257 518 4323 abscessisse.
934 4256 936 4259 ’

261 4361 384 4426 Unicus
415 4362 468 4427 illc
501 4364 609 4443 locus,
644 4385 707 4450 quo
738 4366 1043 4454 plusquamperfecti
1078 4368 1300 4442 coniunctivae
