2954 4822
222 267 262 329 ιι
660 301 702 311 -
749 260 837 350 [roa]
883 300 925 312 -

223 456 312 521 sibus
337 455 519 542 strophiois,
543 475 604 520 acc
627 461 738 520 tamen
762 455 849 519 omni
872 460 1038 542 exparte,
1063 462 1233 542 metraque
1251 455 1362 521 ellico·

222 568 335 627 rcntur
366 583 481 648 parurn
508 561 701 648 probabilia.
751 560 846 625 Haec
878 560 965 624 enim
997 560 1062 624 illis
1093 559 1294 648 respondent
1326 563 1358 626 in

224 666 444 752 antistropha:

266 777 292 853 ὦ
314 783 537 873 καλλίπυργον
559 782 682 874 σοφίαν
702 781 909 872 κλεινοτάτην
932 784 1096 867 ἐπασκῶν,
1297 820 1360 859 1024

265 883 310 970 ὡς
331 884 393 980 ἡδύ
417 913 477 956 σου
498 893 587 955 τοῖσι
609 885 720 975 λόγοις
742 890 874 976 σῶφρον
896 884 1030 956 ἔπεστιν
1051 884 1164 970 ὄνθος.

269 988 460 1078 εὐδαίμονες
482 986 513 1057 δ’
532 983 616 1082 ἦσαν
631 986 679 1079 ἄρ’
699 989 731 1060 οί
754 993 871 1076 ζῶντες
891 986 956 1059 τότ’
975 991 1033 1059 ἐπί
1056 996 1121 1060 τῶν
1142 993 1320 1080 προτέρων.

268 1094 354 1184 πρὸς
376 1088 433 1164 οόν
454 1091 543 1178 τόδ’,
567 1087 595 1162 ὦ
616 1099 848 1186 κομψοπρεπῆ
869 1099 997 1182 μοῦσαν
1018 1092 1107 1180 ἔχων,
1299 1132 1361 1171 20³0

267 1204 318 1268 dei
340 1224 377 1267 σε
399 1200 502 1289 λέγειν
523 1227 556 1267 τι
579 1197 700 1282 καινὸν,
724 1194 769 1281 ὡς
789 1195 1005 1288 ηὐδοκίμηκεν
1026 1196 1116 1292 ἁνήρ.

810 1334 830 1356 ο
954 1347 969 1357 .

871 1482 902 1500 Α

729 1521 745 1530 -
774 1507 1047 1544 ..υυυ,.υυ.

311 1767 350 1831 In
366 1767 417 1832 his
434 1766 544 1832 verbis
561 1774 594 1832 ct
609 1827 624 1835 .
639 1825 655 1835 .
667 1809 688 1834 ο
700 1784 741 1836 a
757 1767 891 1833 offendit
907 1790 965 1854 pro
982 1826 998 1834 -
1012 1826 1027 1835 .
1041 1811 1061 1835 ο
1074 1827 1089 1836 .
1106 1769 1258 1855 positum,
1280 1789 1365 1853 quae

226 1895 305 1937 sane
329 1873 460 1958 quidem
488 1872 520 1935 in
548 1872 698 1936 maximis
728 1871 869 1936 licentiis
894 1872 1096 1937 numeranda
1127 1879 1192 1952 est,
1217 1873 1278 1936 etsi
1301 1893 1363 1936 non

225 1982 316 2040 caret
340 1977 501 2063 exemplis
525 1976 628 2062 (vesp.
652 1978 724 2040 530.
755 1976 895 2041 dcharn.
919 1978 1010 2042 1158.
1039 1975 1158 2041 Anacr.
1183 1976 1221 2039 fr.
1242 1978 1298 2055 32,
1320 1975 1365 2059 2),

225 2100 332 2164 neque
355 2078 522 2163 probabile
553 2084 605 2141 cst
627 2077 764 2141 formam
788 2136 831 2145 --
845 2120 894 2144 o-
917 2078 949 2140 in
972 2077 1065 2141 initio
1089 2078 1186 2141 trium
1210 2099 1364 2142 versuum

227 2205 262 2248 se
294 2183 527 2269 excipientium
559 2183 700 2268 positam
733 2202 818 2247 esse.
860 2181 1140 2246 verisimillimum
1178 2202 1252 2246 essa
1286 2181 1365 2245 mibi

227 2287 356 2352 videtur
403 2285 535 2351 crcdera
577 2308 650 2350 cum
689 2285 875 2366 Diodorfio,
922 2285 1087 2372 stropham
1133 2283 1359 2372 imperfectam

227 2391 376 2456 relictam
409 2412 483 2455 csse
512 2411 532 2452 a
563 2397 676 2476 poeta,
708 2391 760 2454 cui
790 2397 907 2476 postea
937 2398 1100 2455 corrector
1130 2389 1366 2477 antistropham

228 2514 415 2580 exaequare
440 2493 618 2572 studuerit,
650 2494 711 2557 nisi
734 2493 829 2557 malis
854 2494 1013 2579 suspicari
1036 2493 1175 2558 eandem
1200 2494 1366 2559 licentiam

228 2600 259 2662 in
273 2598 477 2683 antistropha
493 2598 564 2661 sola
579 2603 711 2683 poetam
725 2596 787 2661 sibi
804 2597 989 2678 indulsisse,
1006 2619 1103 2684 quam
1116 2599 1146 2662 in
1161 2597 1367 2683 Lysistratae

230 2703 373 2766 carmine
397 2701 493 2765 modo
518 2700 659 2765 laudato.

317 2822 444 2886 Similia
460 2822 580 2887 cadunt
593 2824 625 2887 iu
640 2822 783 2887 Nubium
801 2844 932 2888 carmen
946 2825 1114 2886 700-705
1129 2855 1167 2876 =
1182 2824 1365 2901 804-810,

229 2927 346 3011 dequo
362 2926 435 2990 vide
452 2926 546 3008 infra,
566 2935 663 3014 atque
680 2928 713 2991 in
725 2926 1028 2992 Ecclesiaausarum
1051 2948 1181 2991 carmen
1195 2930 1366 2991 soa—972

232 3064 270 3085 =
290 3034 472 3114 973-976,
496 3031 536 3095 de
561 3054 626 3118 quo
651 3035 682 3096 in
707 3034 813 3118 capite
837 3032 888 3096 Ill
912 3033 1006 3118 plura
1029 3032 1144 3096 dicam.

315 3274 431 3340 Tribus
448 3275 527 3339 locis
544 3295 607 3339 non
625 3275 657 3338 in
675 3274 766 3338 initio
784 3274 949 3359 strophae,
967 3275 1025 3339 sed
1041 3276 1073 3339 in
1086 3275 1195 3340 media
1212 3274 1366 3359 strophae

229 3385 321 3465 parta
337 3437 352 3445 -
366 3437 381 3446 .
395 3420 442 3445 ο.
461 3400 533 3443 cum
555 3379 743 3442 choriambo
770 3379 938 3442 coniunxit
963 3379 1213 3464 Aristophanes:
1238 3380 1268 3442 in
1293 3400 1364 3442 rar-

228 3485 314 3548 mine
338 3484 394 3547 illo
419 3483 679 3567 simplicissimae
702 3505 741 3547 ac
765 3482 928 3549 dilucidae
952 3483 1076 3549 formae

510 3612 607 3695 equit.
633 3615 803 3677 oar-sos
820 3644 859 3665 =
878 3615 1047 3676 sar-aas
1064 3614 1087 3694 ι)

538 3723 632 3795 ἵππι’
659 3723 742 3811 δίναξ
765 3726 937 3812 Πόσειδον,
961 3720 989 3819 ᾧ

539 3832 766 3922 χαλκοκρότων
787 3839 905 3903 ἳππων
927 3834 1052 3916 κτύπος

541 3940 597 4006 καί
621 3937 835 4027 χρεμετισμὸς
858 3935 997 4021 ἁνδάνει,

540 4043 595 4110 καί
619 4043 836 4132 κυανέμβολοι
859 4045 942 4112 θοαί

302 4242 321 4304 ¹)
341 4239 376 4291 W
379 4238 497 4308 ostphal,
517 4237 563 4291 11¹
583 4255 609 4307 p.
627 4237 687 4290 835.
723 4236 823 4300 Christ,
842 4236 967 4291 ΜολιίΙι2
988 4254 1014 4305 p.
1032 4236 1091 4289 sul.
