2970 4814
568 345 608 356 -
656 306 743 396 [roe]
791 342 830 356 -
1223 312 1263 374 sa

129 500 221 580 tetis,
250 500 423 578 Isocratis,
455 488 638 578 Sosicratis,
668 497 807 565 Sostrati
835 500 1021 565 nominibus
1044 499 1221 566 identidem
1244 524 1264 567 a

127 603 268 668 librariis
290 603 462 669 confusum
485 623 558 668 essa
582 609 718 669 constat.

213 705 324 772 Unum
351 706 436 793 quod
466 706 544 771 mihi
572 706 658 771 obici
685 708 789 794 possit
817 707 879 772 hoc
907 715 973 773 est:
1008 728 1081 773 oum
1109 707 1263 775 Meletius

125 812 279 892 omnium,
295 830 434 897 quorum
448 809 588 896 vestigia
600 817 733 876 secutus
750 817 810 892 cst,
827 809 996 877 auctorum
1011 813 1142 877 nomina
1154 813 1200 877 ita
1212 811 1262 877 di·

127 936 242 1000 gerere
251 914 412 995 videatur,
424 921 461 978 ut
475 920 628 980 accurate
642 915 796 980 observet
808 916 968 1002 cuiusque
980 917 1101 982 aetatis
1114 915 1261 981 ordinem

126 1041 190 1085 uno
216 1019 351 1085 Socrate
374 1018 453 1099 hoc,
478 1039 574 1105 quem
597 1019 759 1085 contendo
782 1040 855 1084 esse
879 1019 1050 1100 Soranum,
1073 1026 1214 1107 excepto
1227 1020 1262 1105 ¹),

126 1131 260 1211 propter
280 1124 315 1188 id
337 1124 443 1210 ipsum
461 1123 577 1189 Sorani
599 1144 718 1189 nomon
741 1124 802 1189 hoo
819 1125 891 1188 looo
908 1123 1062 1189 substitui
1084 1145 1149 1188 non
1163 1145 1262 1211 posse

126 1251 185 1316 pro
202 1229 345 1294 Socratis
368 1229 517 1303 nomine;
545 1216 633 1294 certe
655 1228 836 1310 Maletum,
860 1229 887 1295 si
912 1228 1071 1294 Soranum
1095 1235 1265 1296 auctorem

127 1333 264 1400 laudare
286 1333 461 1413 voluisset,
491 1339 567 1399 anto
592 1332 754 1399 Galenum
782 1355 858 1399 eum
886 1335 1128 1400 nominatorum
1150 1334 1262 1400 fuisse.

213 1438 319 1514 Quam
342 1438 384 1503 ad
406 1437 626 1503 obiectionem
654 1437 860 1503 refutandam
885 1438 1026 1503 sufficiet
1048 1459 1181 1505 monere
1203 1460 1264 1525 per

128 1548 231 1611 totum
261 1542 405 1608 medium
433 1562 550 1607 aevum
582 1562 687 1628 aeque
719 1548 818 1628 atque
852 1548 965 1608 nostra
998 1548 1106 1608 aetate
1134 1543 1262 1629 Hippo·

126 1651 249 1713 cratem
282 1652 317 1712 et
344 1645 506 1712 Galennm
534 1667 612 1732 prae
640 1646 761 1712 ceteris
789 1646 925 1711 medicis
954 1646 1104 1712 omnibus
1136 1668 1264 1712 summa

126 1751 249 1816 fructos
279 1770 354 1816 esse
382 1751 596 1843 auctoritate,¹
624 1755 739 1836 utpote
768 1750 823 1837 qui
856 1756 1023 1837 tamquam
1052 1742 1122 1816 κατ’
1148 1745 1262 1839 ἐξοχήν

126 1854 245 1919 medici
269 1854 488 1935 haberentur,
518 1855 564 1918 ita
593 1860 630 1919 ut
659 1855 789 1919 nomina
811 1873 924 1919 eorum
947 1853 1040 1940 quasi
1063 1855 1261 1921 columinum

124 1959 205 2023 artis
253 1957 401 2023 medicae
448 1957 641 2044 plerumque
683 1958 856 2023 coniuncta
896 1958 1057 2043 legantur.
1123 1958 1262 2025 Accedit

125 2061 212 2148 quod
235 2063 431 2149 scriptorum
454 2083 539 2148 quae
563 2061 737 2127 laudantur
757 2060 970 2147 Hippocratis
994 2068 1028 2127 et
1044 2060 1162 2139 Gelani
1185 2063 1262 2151 περὶ

126 2160 256 2253 φύσεως
278 2161 419 2232 παιδίου
440 2162 497 2231 καί
521 2157 651 2251 ἀνδρός,
675 2160 752 2250 περὶ
775 2158 905 2252 ptores
925 2159 1058 2251 μορίων,
1082 2163 1160 2253 περὶ
1182 2162 1262 2252 κρά-

128 2293 211 2336 σεων
233 2271 320 2336 idam
343 2271 413 2337 fere
437 2277 487 2336 est
509 2276 752 2357 argumentum,
776 2270 865 2334 nulla
887 2270 956 2336 fere
980 2269 1091 2336 addita
1113 2273 1263 2339 vocabuli

125 2374 351 2460 origination'e,
380 2394 452 2441 oum
470 2373 614 2457 Soranus
636 2379 720 2439 teste
742 2374 876 2439 Meletio
904 2369 1118 2460 ἐτυμολογίας
1138 2375 1263 2459 μᾶλλον

125 2533 337 2604 comprobatum
354 2535 404 2598 est,
419 2532 506 2587 etiam
519 2532 596 2588 loeus
608 2532 657 2587 illa
673 2532 748 2602 apud
760 2531 804 2587 Or.
818 2532 876 2596 185,
888 2532 921 2585 18
931 2531 1083 2589 Philoxeno
1097 2533 1263 2589 tribuendus

125 2623 175 2686 est,
194 2637 260 2674 nam
278 2619 313 2674 da
332 2619 428 2674 eodem
448 2614 597 2679 ἀκόλαστος
610 2618 746 2675 vocabulo
759 2618 844 2674 verba
855 2617 925 2672 facit
937 2620 1041 2675 auctor.
1077 2620 1154 2676 Idem
1168 2620 1262 2676 dicen·

125 2707 191 2762 dum
210 2710 252 2762 est
270 2706 304 2762 de
317 2706 362 2762 Or.
372 2708 454 2772 90,8:
473 2706 633 2777 κρούειν...
652 2704 721 2760 οὕτω
741 2706 883 2775 Φιλονίιίης
901 2706 932 2761 ἐν
950 2709 987 2780 τῷ
1004 2707 1066 2777 περὶ
1078 2708 1260 2780 Ἑλληνισμοῦ.

125 2793 242 2849 Accedit
264 2793 340 2862 quod
361 2792 453 2864 ipsum
472 2792 696 2863 Etymologicum
721 2792 892 2859 Gudianum,
923 2792 1026 2862 inquo
1053 2793 1123 2849 alias
1147 2795 1262 2850 nomina

125 2880 309 2949 Philoxenus,
343 2880 446 2935 Philon
481 2883 534 2935 eto.
561 2880 725 2950 plerumque
754 2879 975 2949 confunduntur,
1000 2881 1051 2935 sub
1078 2898 1145 2936 voce
1171 2881 1260 2950 κρούω

124 2967 257 3023 distincte
275 2967 390 3022 exhibet
409 2965 556 3022 Philoxeni
574 2983 687 3021 nomen:
710 2966 753 3021 Et.
772 2966 842 3020 Gud.
861 2967 965 3032 349,ss
982 2967 1083 3040 κρούω·
1109 2966 1167 3023 ἔστι
1185 2970 1261 3039 ῥῆμα

124 3055 192 3125 κοῶ,
218 3053 388 3128 ποριίγωγον
408 3054 480 3125 κρόω
499 3053 544 3107 κοί
562 3055 726 3126 πλεονασμῷ
743 3054 792 3105 τοῦ
810 3072 826 3105 ιι
846 3053 1004 3122 κρούω...
1023 3050 1093 3106 οἱίτω
1111 3053 1259 3116 Φιλόξενος.

124 3141 156 3194 In
172 3140 298 3196 ‘Zonarae
315 3140 404 3195 lexico
423 3140 568 3195 duodecim
588 3139 684 3194 insunt
705 3139 814 3209 glossae
828 3139 953 3194 Philonis
969 3139 1082 3194 nomine
1098 3140 1260 3211 insignitae,

124 3246 194 3298 quas
206 3228 243 3283 ad
256 3246 339 3282 unam
353 3245 448 3282 omnes
460 3228 496 3282 ad
506 3226 691 3281 Philoxenum
703 3229 844 3280 auctorem
857 3224 947 3280 redire
959 3225 1143 3280 demonstrari
1158 3229 1259 3297 potest.

124 3315 230 3371 Eodem
251 3315 372 3386 denique
395 3314 477 3370 modo
495 3332 545 3384 pro
565 3313 706 3373 Φιλόξενος
726 3311 787 3382 περὶ
806 3314 965 3384 ῥηματικῶν
990 3308 1137 3383 ὀνομάτων
1154 3314 1261 3369 tradita

124 3406 190 3458 sunt
213 3421 276 3458 cum
299 3400 358 3456 alia
382 3403 443 3456 tum
468 3400 557 3454 Φίλων
581 3403 619 3460 εἰς
637 3400 667 3455 τό
686 3399 845 3472 ῥηματικόν,
870 3401 922 3454 ato.
948 3399 1033 3454 Vides
1055 3400 1150 3470 igitur,
1175 3419 1260 3469 quam

123 3490 205 3546 facile
218 3489 351 3546 confundi
369 3488 477 3560 possint
489 3488 632 3561 Σωκράτης
649 3491 678 3544 et
690 3488 815 3559 Σωρανός
826 3487 948 3553 uomina,
967 3505 1030 3542 cum
1048 3506 1099 3558 pro
1119 3487 1261 3550 Φιλόξενος

125 3577 236 3632 nomine
249 3579 360 3632 exstent
372 3574 465 3631 variae
477 3575 611 3630 laet-iones
623 3576 689 3630 hae:
710 3575 796 3640 Φίλος,
816 3574 913 3640 Φίλων,
933 3573 1082 3643 Φιλονίδης,
1099 3573 1259 3645 Φιλόιλωρος,

126 3665 282 3724 Φιλόπονος.

190 3754 211 3819 ¹)
229 3751 415 3821 Hippocrates
432 3749 570 3804 roo-377
589 3768 614 3804 a.
633 3749 695 3805 Chr.

227 3838 349 3893 Galenus
367 3854 389 3891 c.
403 3836 490 3890 130-
503 3838 574 3905 post.
587 3853 613 3890 a.
622 3837 675 3892 200
692 3855 719 3906 p.
737 3837 799 3892 Chr.

227 3923 348 3978 Soranus
367 3921 582 3992 (imperantibus
601 3922 722 3977 Traiano
741 3925 770 3977 et
789 3921 932 3977 Hadriano
950 3921 1072 3975 tta-138
1089 3940 1116 3991 p.
1130 3921 1205 3989 Chr.)

228 4009 348 4064 Basilius
366 4027 389 4063 ο.
407 4009 553 4063 329-379.

227 4095 376 4167 Gregorius
394 4095 536 4165 Nysaanns
554 4113 577 4149 o.
595 4095 683 4150 331-
697 4095 789 4150 eutr.

226 4183 436 4251 chrysostomus
454 4199 477 4235 o.
495 4181 641 4236 art-407.

227 4268 346 4338 (tyrillus
364 4286 387 4323 c.
405 4268 551 4323 ato-444.
