3030 4816
674 307 766 394 [345]
1249 308 1290 373 53

151 502 238 567 haud
260 502 425 588 probabile
448 523 518 566 esse
541 501 719 566 accuratius
742 524 774 586 p.
799 502 837 565 13
862 499 1157 565 demonstravimus.
1204 499 1289 576 Quid

151 608 246 692 igitur
270 606 310 671 de
333 606 404 672 iure
426 640 466 652 -
490 604 531 670 de
555 626 618 692 quo
641 605 719 668 nibil
746 602 899 668 traditum
930 603 1102 682 babemus,
1132 643 1166 654 -
1191 604 1291 671 verba

150 712 317 793 iaciamus,
341 731 405 796 quo
428 711 461 775 iu
483 730 568 774 nova
589 708 699 773 fabula
721 713 815 793 poeta
838 729 914 773 usus
940 707 996 783 sit,
1027 709 1059 771 iu
1084 714 1193 774 vetere
1216 729 1292 774 uus-

153 838 246 903 quam
273 815 374 880 usus?
418 814 550 879 Rectius
581 835 659 879 sane
688 821 721 879 et
751 813 924 898 simplicius
953 820 1130 878 statuemus
1160 821 1290 896 poetam

152 941 225 985 oum
252 919 354 1003 prima
384 919 511 984 actione
540 918 635 982 etiam
666 938 775 983 ornnes
808 917 946 1003 reliquas
980 918 1121 984 actiones
1154 919 1290 1002 emptori

151 1023 328 1089 tradidisse.
373 1022 487 1107 Neque
511 1043 574 1107 quo
599 1043 663 1088 uuo
686 1023 742 1087 illa
763 1024 921 1088 sententia
947 1023 1155 1090 fundamento
1179 1023 1290 1088 nititur

152 1150 247 1195 versu
277 1128 359 1212 prol.
391 1126 408 1190 Ι
438 1126 602 1213 Hecyrae:
643 1128 744 1191 noluit
780 1129 895 1191 iterum
930 1127 1068 1212 referre,
1110 1135 1146 1192 ut
1177 1129 1291 1192 iterum

151 1239 253 1316 posset
275 1232 417 1314 uendere,
445 1231 477 1295 id
501 1232 577 1296 satis
600 1232 726 1296 firmum
750 1239 808 1297 est.
854 1231 947 1307 Quae
975 1233 1071 1297 verba
1101 1253 1291 1318 quamquam

152 1343 238 1401 recte
271 1335 418 1400 Donatus
453 1336 607 1421 explieat,
644 1341 775 1419 poetam
811 1333 969 1420 Hecyram
1006 1344 1158 1421 quaestus
1192 1357 1289 1401 eausa

151 1442 266 1505 iterum
290 1438 469 1504 vendidisse
492 1459 594 1523 neque
618 1439 725 1503 statim
748 1439 867 1504 referre
890 1439 1046 1522 voluisse⁴
1078 1448 1185 1505 tamen
1209 1440 1289 1506 iilud

151 1545 279 1608 minime
293 1545 440 1628 probant,
460 1550 589 1628 poetam
606 1543 798 1621 Ambivium,
813 1545 840 1608 si
855 1545 983 1630 quidem
1002 1544 1165 1632 Hecyram
1183 1544 1287 1611 denuo

152 1669 249 1734 agere
272 1648 400 1714 domiuo
423 1649 532 1734 gregis
555 1648 586 1711 iu
609 1647 713 1713 animo
735 1647 856 1727 fuisset,
885 1654 995 1714 vetare
1025 1650 1178 1733 potuisse.
1224 1649 1287 1714 Sed

153 1755 227 1840 quid
251 1773 370 1839 quaeso
392 1751 531 1817 Ambivii
553 1753 706 1818 iuteresse
732 1753 855 1837 potuit,
885 1761 923 1818 ut
952 1753 1093 1819 fabulam
1123 1755 1289 1840 explosam

152 1860 268 1923 iterum
289 1858 467 1942 iterumque
490 1856 604 1921 daret?
649 1856 733 1938 Alia,
756 1864 792 1920 ut
823 1858 867 1922 ita
899 1857 1011 1939 dicam,
1041 1858 1109 1923 fieri
1139 1880 1288 1946 novaque

152 1961 332 2028 delectandi
354 1963 403 2028 vis
419 1961 570 2047 Hecyrae
593 1968 726 2027 exactae
742 1962 817 2027 addi
832 1961 981 2045 debebat,
1004 1971 1040 2028 ut
1056 1963 1162 2029 denuo
1180 1972 1288 2051 empta

152 2074 251 2134 staret
273 2089 378 2153 neque
400 2066 432 2131 id
455 2067 641 2132 Terentium
664 2067 791 2152 effugit:
814 2068 922 2154 itaque
944 2069 1008 2154 ‘pro
1030 2065 1125 2134 nova'
1145 2069 1288 2135 fabulam

154 2172 277 2238 rettulit
298 2173 317 2236 i.
341 2192 367 2236 e.
398 2178 603 2238 retractatam
636 2179 668 2238 et
697 2171 908 2239 emendatam.
955 2173 1028 2248 Qua
1059 2173 1099 2239 de
1129 2194 1164 2238 re
1194 2195 1291 2260 supra

154 2275 384 2362 disputavimus
408 2300 438 2362 p.
462 2281 480 2340 8
505 2284 537 2341 et
560 2278 602 2342 50
623 2298 668 2362 sq.

255 2379 410 2445 Redimus
441 2380 540 2466 igitur
570 2380 609 2444 ad
640 2380 807 2448 Ritschelii
836 2382 1039 2461 senteutiam,
1070 2402 1163 2466 quam
1193 2404 1290 2466 supra

153 2484 245 2549 nobis
281 2483 426 2549 videmur
463 2485 554 2548 novis
589 2486 784 2569 argumentis
827 2487 1062 2551 corroborasse:
1114 2484 1290 2550 dominis

153 2609 334 2674 gregum,
366 2588 517 2673 quippe
551 2589 618 2674 qui
647 2590 829 2674 agendas
862 2588 1028 2654 fabulas
1058 2610 1185 2655 novas
1217 2611 1288 2655 suo

155 2691 342 2777 periculo
379 2698 504 2777 atque
542 2714 591 2757 ex
632 2701 752 2776 parte
797 2694 882 2759 suis
926 2694 1127 2779 impensis
1172 2714 1289 2758 oura-

154 2797 326 2875 vissent,
350 2795 510 2860 easdem
533 2796 705 2861 relictas
725 2819 831 2881 esse,
854 2805 897 2863 ut
919 2797 1289 2884 exrelatisquaes·

156 2902 237 2963 turn
260 2899 458 2965 facerent.
