3030 4816
224 270 266 334 34
744 267 836 352 [aas]

224 461 293 526 fieri
315 466 456 545 poterat,
487 467 523 525 ut
551 482 623 526 reus
653 468 727 527 anta
758 482 846 543 eum,
876 463 929 547 qui
958 462 1193 546 postulaverat,
1225 481 1365 525 eausam

224 565 352 631 diceret.
390 564 485 641 Quod
508 565 590 632 enirn
614 565 669 631 Th.
691 565 843 651 Lcdewip
866 565 978 631 ‘Ueber
1000 568 1060 632 den
1075 564 1194 631 Kanon
1209 565 1262 629 des
1283 562 1364 630 Uol·

225 671 328 735 cetins
350 666 522 753 Sedipe'tns’
547 672 629 735 1842
645 692 674 755 p.
692 673 731 735 15
756 670 795 734 de
818 676 1022 755 παραγραφῆς
1043 670 1168 735 actione
1191 667 1364 752 cogitavit:

224 771 327 841 ‘Denn
349 773 508 838 vielleieht
532 775 659 859 eignete
683 774 747 840 sich
776 773 828 840 die
852 774 954 839 Saohe
984 798 1021 839 nu
1052 774 1138 841 einer
1167 768 1362 856 παραγραφή

224 918 265 928 -
296 877 347 942 bei
379 876 435 941 der
470 877 526 942 der
559 878 763 963 Angeklagte
795 886 899 943 auerst
933 878 1052 958 redete,
1085 876 1124 943 ci.
1156 875 1257 940 Meier
1290 872 1361 938 und

223 981 413 1063 Sohdmann,
436 982 503 1046 An.
520 981 657 1047 Process
682 1004 712 1068 p.
729 982 790 1047 647
812 982 933 1046 -und
956 981 1012 1046 der
1027 981 1102 1045 Alte
1120 979 1231 1065 schlug
1245 977 1360 1043 diesen

224 1085 311 1171 Weg
336 1087 398 1165 ein,
422 1108 474 1150 um
499 1087 586 1152 einer
600 1087 809 1170 griindlichen
823 1086 1073 1169 Untersuchang
1089 1107 1145 1150 aus
1161 1083 1234 1148 dem
1251 1081 1362 1168 Wege

223 1212 262 1254 zu
285 1185 406 1274 gehen’,
429 1189 460 1253 id
485 1191 614 1255 minime
636 1191 793 1276 probavit.
827 1190 909 1255 Nam
931 1197 967 1256 ut
989 1191 1279 1276 praetermittamus
1303 1208 1361 1252 ex·

224 1295 397 1379 ceptionis,
422 1295 538 1379 qualis
561 1295 724 1360 differatur
745 1296 785 1360 ad
809 1296 892 1360 aliud
910 1295 1023 1375 iorum,
1045 1295 1076 1358 in
1094 1293 1248 1360 eiusmodi
1263 1312 1363 1357 eausa

223 1398 344 1463 nullum
366 1399 472 1463 locum
495 1420 582 1482 esse,
612 1402 797 1485 praesertim
820 1402 853 1465 in
876 1400 1056 1480 comoedia,
1087 1400 1142 1464 ubi
1170 1404 1361 1484 argumenta

224 1508 418 1582 tractantur,
448 1523 513 1566 non
537 1503 764 1568 advocatorum
787 1513 871 1569 artes
893 1504 1010 1569 actioni
1039 1503 1204 1569 scaenicae
1225 1523 1360 1586 prorsus

222 1607 366 1672 inutiles:
388 1609 464 1693 ipsis
488 1609 550 1672 illis
566 1608 680 1688 verbis,
702 1609 815 1694 quibus
830 1608 961 1674 Donato
985 1615 1116 1675 auctore
1132 1629 1232 1673 senex
1248 1627 1359 1671 eoram

222 1711 327 1776 iudice
349 1732 477 1777 oausam
501 1710 590 1776 dicit:

351 1815 563 1898 Athenienses,
586 1816 697 1881 bellum
721 1839 789 1881 enen
812 1817 1039 1882 Rhodiensibus

352 1920 441 2000 Quod
456 1921 573 2005 faerit,
595 1921 672 2006 qnid
694 1943 749 2006 epo
770 1922 821 1987 hie
840 1921 1047 2005 praedicem?

223 2023 400 2109 Lcdewipii
430 2026 537 2109 opinio
569 2025 741 2107 refutatur,
775 2026 889 2111 quibus
921 2027 1027 2091 statim
1059 2026 1193 2090 mediam
1225 2025 1257 2088 in
1288 2044 1359 2089 rem

224 2149 415 2212 causamque
438 2128 680 2211 introducimur,
712 2151 815 2214 neque
839 2131 1025 2216 exceptione
1049 2131 1145 2195 utitur
1168 2129 1223 2194 sed
1247 2135 1358 2192 narrat

223 2252 336 2313 senex,
360 2254 421 2317 quo
445 2240 589 2318 tempore
607 2234 787 2299 thesaurum
804 2233 981 2301 condiderit
996 2235 1027 2299 in
1044 2236 1200 2321 sepulcro.
1234 2231 1357 2296 Maiore

223 2336 418 2420 opinoriuro
433 2337 587 2422 Ladewe'p
607 2339 789 2404 διαδικασίαν
806 2338 861 2419 (de
876 2361 938 2424 qua
955 2338 993 2404 cf.
1010 2339 1112 2406 Meier
1128 2346 1159 2404 et
1174 2337 1357 2403 Schiimann

223 2439 243 2504 l.
273 2459 300 2504 c.
331 2460 362 2525 p.
395 2439 470 2522 368)
500 2461 748 2509 commemorare
780 2443 893 2529 potuit.
945 2443 1039 2508 Certe
1069 2443 1095 2507 si
1125 2441 1291 2508 statuimus
1324 2440 1357 2504 in

223 2543 396 2629 exemplari
420 2545 544 2610 Graeco
567 2567 631 2611 non
655 2552 720 2610 tam
743 2547 783 2612 de
805 2546 916 2612 fraude
938 2548 1021 2611 senis
1044 2557 1150 2612 actum
1175 2565 1357 2630 essequam

223 2649 444 2729 quaestionem
465 2650 564 2715 fuisse
588 2650 752 2734 eiusmodi,
775 2657 848 2717 uter
870 2653 939 2715 iure
965 2652 1025 2716 sibi
1047 2651 1233 2715 thesaurum
1254 2649 1356 2713 vindi·

223 2758 318 2831 caret,
341 2760 447 2817 utrum
469 2754 495 2818 is
519 2756 573 2839 qui
602 2776 714 2840 agrum
743 2756 920 2841 possideret
948 2758 980 2820 in
1008 2777 1072 2842 quo
1100 2756 1247 2819 inventus
1270 2760 1357 2817 esset

222 2853 405 2934 thesaurus,
439 2878 478 2920 an
511 2859 538 2922 is
571 2860 618 2923 cui
650 2859 763 2924 suisset
794 2859 986 2925 destinatus:
1017 2861 1050 2923 in
1082 2860 1138 2924 tali
1167 2856 1357 2935 διαδικασίας

222 2960 394 3025 certamine
416 2961 484 3028 fieri
506 2961 597 3027 facile
623 2965 742 3048 potuit,
774 2970 809 3028 ut
837 2966 923 3047 prior
953 2985 1054 3029 senex
1082 2983 1211 3028 oausam
1234 2967 1355 3044 ageret.

223 3060 424 3148 Quamquam
447 3066 542 3130 tantis
565 3067 696 3151 argutiis
721 3088 770 3132 res
794 3069 920 3133 minime
940 3067 1069 3153 indiget.
1106 3066 1244 3131 Tantum
1267 3063 1354 3128 enim

221 3166 333 3231 aberat
355 3173 390 3230 ut
413 3166 527 3232 Graeci
550 3169 741 3256 exemplaris
771 3177 899 3244 auctor,
932 3172 999 3235 sive
1029 3169 1055 3234 is
1086 3169 1147 3233 fuit
1178 3166 1356 3233 Menander

221 3271 289 3336 sive
309 3270 390 3334 elius
406 3277 502 3357 poeta
517 3273 666 3355 comicus,
689 3274 720 3337 in
738 3272 957 3359 componenda
973 3272 1082 3338 fabula
1098 3272 1224 3356 singula
1239 3291 1355 3336 causae

221 3375 304 3440 illius
326 3382 488 3441 momenta
510 3377 631 3442 minute
657 3399 694 3442 ac
716 3378 863 3463 religiose
884 3383 1142 3463 persequeretur,
1168 3384 1203 3440 ut
1224 3376 1354 3441 minime

220 3487 364 3561 curaret,
388 3500 464 3543 num
487 3501 602 3546 causae
625 3482 765 3547 actiones
789 3504 918 3568 prorsus
941 3482 1088 3563 eaedem,
1121 3501 1202 3566 quae
1225 3480 1257 3543 in
1280 3478 1354 3545 foro

217 3582 343 3647 futurae
375 3589 498 3661 essent,
529 3585 558 3647 in
589 3606 704 3650 soaena
731 3585 1000 3652 describerentur:
1035 3585 1120 3671 quod
1154 3585 1181 3649 si
1212 3583 1353 3666 fecisset,

219 3693 415 3771 spectatores
439 3687 543 3753 taedio
563 3689 729 3755 affecisset.
768 3690 861 3764 Quod
878 3711 981 3775 neque
996 3695 1193 3774 spectatores
1210 3687 1354 3753 Graecos

221 3813 325 3876 neque
348 3793 450 3877 ipsum
474 3792 627 3859 Luscium
650 3815 720 3860 curn
744 3793 885 3859 fabulam
914 3795 1012 3860 latine
1043 3800 1181 3859 verteret
1212 3790 1355 3874 offendit,

218 3917 323 3981 neque
359 3896 544 3963 Terentium
579 3897 779 3978 offendisset,
819 3898 878 3962 nisi
913 3898 1049 3963 criminis
1080 3897 1212 3962 alieuius
1246 3895 1355 3982 aliqua

218 4002 325 4086 specie
345 4001 542 4087 indiguisset,
566 4014 600 4067 ut
626 4000 807 4069 adversario
831 4003 1034 4068 obtrectaret.

321 4105 389 4172 Nee
411 4107 538 4172 maioris
560 4108 712 4171 momenti
736 4113 785 4171 est
808 4107 948 4173 Terentii
975 4105 1136 4172 accusatio
1166 4103 1199 4169 in
1221 4102 1355 4170 Phorm.

218 4209 298 4293 prol.
324 4231 354 4275 u.
378 4213 397 4274 6
420 4231 487 4295 sqq.
511 4210 564 4292 (cs.
579 4231 611 4295 p.
628 4210 700 4293 32),
724 4231 803 4295 quos
826 4210 866 4276 ad
890 4232 1002 4279 versus
1024 4211 1171 4277 Donatus
1193 4206 1273 4272 haec
1296 4207 1355 4272 ad·

217 4313 354 4379 notavit:
385 4312 467 4378 ‘Ideo
490 4315 636 4381 uidemur
659 4313 717 4397 (se.
739 4314 924 4399 Terentius)
957 4318 1038 4383 lenes
1067 4323 1243 4399 tenensque,
1275 4317 1356 4398 qnia
