2970 4814
520 291 561 303 -
608 252 696 342 [ιω]
743 292 784 305 -
1179 260 1220 322 29

85 446 201 532 logica,
229 447 275 511 ita
294 453 331 511 ut
350 447 460 512 multis
483 447 562 512 locis
583 467 666 531 quae
692 448 725 511 in
744 447 861 512 lexicis
878 448 924 512 ita
942 455 1085 532 exstant,
1108 455 1144 513 ut
1167 455 1223 514 aut

84 552 209 617 nullum
233 552 363 616 omnino
387 558 444 617 aut
460 551 673 637 depravatum
698 553 878 638 praebeant
894 575 1036 634 sensnm,
1061 555 1118 618 lux
1141 555 1221 619 atie-

84 662 176 720 ratur
198 655 345 721 adhibito
368 654 499 721 demum
513 655 667 735 -Meleti0‚
692 657 747 741 qni
765 655 880 722 Sorani
904 657 1004 723 verba
1028 658 1221 744 plerumque

84 758 227 826 fideliter
241 759 425 847 descripsit.
459 759 542 824 Eam
558 767 668 825 autem
680 761 919 847 quaestionem,
936 782 1032 847 quam
1052 763 1222 827 materiam

83 863 245 928 medicam
268 870 401 949 praeter
424 864 638 950 etymologias
667 865 862 930 continuerit
886 865 1002 930 Sorani
1031 865 1114 930 liber
1145 863 1226 950 περὶ

84 962 215 1054 φάσεως
236 959 427 1049 ἀνθρώπου,
451 969 483 1032 in
507 989 665 1054 praesens
689 969 820 1034 missam
842 970 939 1036 faeie.
1082 972 1084 974 ’

178 1075 203 1138 l.
239 1071 278 1135 In
302 1070 355 1136 Et.
380 1071 435 1139 Or.
462 1074 532 1151 163,
552 1076 589 1136 15
614 1078 724 1138 exstat
746 1074 808 1138 hoe
831 1074 1006 1138 frustulum
1023 1073 1221 1139 Soraneum:

84 1167 232 1237 ancvri:
257 1167 299 1237 τά
328 1165 486 1238 ὑποκάτω
515 1173 580 1238 τῶν
607 1168 753 1259 γνάθων,
784 1164 857 1241 οἷον
885 1170 1015 1257 χαιλινά
1037 1199 1110 1240 τινα
1133 1167 1220 1254 άνια,

84 1272 136 1343 ὅτι
158 1273 327 1359 χαίνονται
357 1271 398 1343 δι’
424 1270 539 1357 αὐτῶν,
563 1271 583 1366 ἡ
607 1273 741 1358 ἕκθεσις
762 1274 894 1366 γίνεται.
937 1275 1088 1366 Σωρονὸς
1110 1275 1221 1358 οὕτως.

86 1382 184 1457 Quod
208 1404 305 1469 quam
331 1381 427 1449 foede
455 1389 644 1469 corruptum
674 1384 730 1463 sit,
761 1385 866 1469 quivis
896 1385 1001 1471 prima
1033 1385 1144 1471 specie
1169 1385 1221 1448 in·

82 1488 230 1573 telleget.
276 1487 394 1574 Itaque
411 1487 569 1568 Sturzius,
593 1509 666 1553 cum
682 1487 946 1575 Etymologicnm
962 1488 1093 1554 Orionis
1110 1510 1221 1554 emen-

84 1590 187 1671 daret,
211 1592 318 1656 locum
335 1593 381 1655 ita
397 1613 513 1658 sanare
531 1600 665 1657 conatus
688 1600 749 1673 est,
772 1600 809 1658 ut
825 1600 1040 1680 proponeret:
1066 1583 1223 1660 ...οἷον

83 1691 212 1777 χαινινά
234 1720 308 1760 τινα
331 1688 419 1776 bren,
444 1689 494 1763 ὅτι
517 1692 671 1780 χοίνομεν
692 1688 734 1761 δι’
759 1689 875 1762 αὐτῶν.
921 1696 1008 1772 Quid
1030 1704 1141 1763 autem
1164 1692 1218 1762 ἔκ-

84 1804 181 1878 θεσις
204 1800 399 1865 vocabnlum
427 1800 489 1864 sibi
518 1800 632 1881 vellet,
663 1821 729 1865 non
756 1802 941 1887 perspexit3
973 1802 1112 1866 coniecit
1135 1802 1221 1865 enim

85 1902 294 1968 scribendum
331 1925 419 1970 esse:
540 1899 643 1983 οὕτως
670 1897 690 1992 ἡ
718 1898 852 1984 libente
879 1901 1012 1991 γίνεται.
1061 1897 1220 1991 Σωρανάς,

83 2008 151 2071 vel:
176 2000 196 2095 ἡ
220 2002 353 2087 ἔκθεσις
375 2004 497 2093 γίνεται
519 2008 659 2094 Σωρανῴ
682 2002 793 2087 οὕτως.
839 2007 885 2072 At
901 2008 1011 2087 Orion,
1035 2008 1220 2094 ubicunque

85 2111 203 2175 Sorani
227 2133 344 2176 nomen
368 2112 515 2177 frustulis
538 2111 646 2193 adicit,
670 2119 726 2177 aut
749 2108 834 2178 οὕτω
853 2107 1004 2198 Σωρανός
1020 2114 1142 2188 scribit,
1166 2119 1222 2177 aut

85 2209 245 2299 Σωρανός,
262 2222 319 2280 aut
331 2210 482 2300 Σωρανὸς
497 2210 592 2295 οὕτω,
614 2223 670 2280 aut
686 2210 771 2281 οάιω
787 2213 871 2301 λέγει
888 2212 1046 2303 Σωρανός,
1065 2223 1121 2281 aut
1136 2211 1221 2282 otto

33 2314 37 2320 ’
85 2314 236 2403 Σωρανός
258 2317 292 2384 ἕν
313 2323 388 2398 ταῖς
410 2325 489 2394 ete.;
519 2320 628 2404 itaque
653 2321 719 2385 tale
744 2319 1017 2398 additamentum,
1050 2320 1146 2406 quale
1170 2328 1221 2385 est

83 2415 102 2510 ἡ
120 2419 253 2503 ἔνθεσις
267 2419 390 2509 γίνεται
407 2425 548 2510 Σωρανῷ
572 2418 683 2504 οὕτως,
709 2445 842 2510 prorsus
859 2424 1016 2490 abhorret
1032 2425 1073 2489 ab
1090 2424 1219 2490 Orionis

84 2549 204 2613 genere
228 2528 368 2594 dicendi.
413 2528 465 2593 Ad
492 2529 600 2594 locum
623 2528 864 2616 persanandum
887 2550 994 2614 neque
1016 2528 1221 2616 Etymologi-

85 2655 157 2696 cnm
184 2632 340 2718 Magnum
367 2654 473 2719 neque
502 2633 689 2698 Gudianum
713 2635 885 2720 quiequam
908 2634 1090 2720 proficiunt.
1136 2633 1220 2698 Nam

84 2735 136 2801 Et.
150 2736 305 2822 Magnum
318 2740 390 2817 805,
403 2741 440 2803 14
458 2759 497 2802 aa
512 2738 580 2803 lere
594 2737 731 2824 praebet
742 2739 852 2817 verba,
867 2759 951 2823 quae
967 2738 999 2802 in
1012 2737 1128 2803 naor.
1139 2742 1217 2818 lor
1232 2821 1235 2828 .

85 2864 157 2906 cnm
181 2843 399 2927 originatione
417 2842 564 2907 vocabuli
586 2836 710 2928 γνάθος
731 2842 904 2906 coniuncta
924 2843 1088 2927 leguntur:
1114 2841 1220 2906 Χαλι-

83 2941 153 3025 νός.·
179 2943 307 3029 χονινάς
329 2971 379 3026 τις
401 2939 459 3027 ὧν,
484 2941 577 3033 παρὰ
598 2941 636 3012 τὸ
659 2941 796 3027 χαίνειν,
827 2939 878 3010 ὅτι
903 2938 948 3010 δι’
975 2937 1076 3010 αὐτοῦ
1097 2943 1220 3028 χαίνειν

84 3047 216 3135 γίνεται.
268 3051 373 3125 Paulo
404 3052 538 3138 propius
567 3049 608 3114 ad
632 3071 743 3114 veram
773 3056 806 3113 et
834 3070 1022 3135 germanam
1045 3050 1220 3129 lectionem

84 3155 211 3221 accedit
238 3155 501 3242 Etymologicum
531 3154 601 3220 MS.
631 3154 715 3220 Bibl.
746 3153 829 3238 Reg.
858 3153 899 3238 (s.
922 3154 982 3238 nl:
1015 3152 1141 3236 χαλινοὶ
1174 3153 1219 3235 δέ,

85 3249 154 3326 οἷον
180 3256 289 3341 χαινοί
316 3282 401 3338 τινες
426 3251 528 3339 ὄντες,
557 3253 606 3324 ltu
631 3250 671 3323 δι’
704 3250 810 3323 αὐτῶν
835 3253 874 3323 τὸ
901 3254 1024 3340 χαίνειν
1051 3254 1173 3344 γίνεται
1197 3253 1217 3348 ἡ

84 3358 213 3441 ἔνθεσις
241 3364 305 3428 τῶν
338 3358 591 3450 εἰσφερομένων,
625 3383 822 3448 quamquam
851 3362 932 3427 haec
960 3383 1088 3447 qnoque
1122 3365 1220 3427 lectio

84 3469 211 3534 mendis
234 3476 348 3534 scatet.
395 3469 664 3556 Corruptissimus
688 3468 830 3554 denique
854 3469 1030 3535 exhibetur
1052 3469 1104 3533 hic
1127 3471 1218 3534 loeus

85 3572 448 3655 inEt.Gud.127,31:
474 3579 504 3637 Γ
501 3567 616 3639 νάθοι;
641 3562 712 3639 οἷον
733 3567 860 3657 χάρινοί
881 3595 966 3649 τινες
989 3563 1086 3651 ὄντες,
1109 3568 1220 3654 χαίνον

83 3699 113 3740 τι
137 3670 198 3762 γάρ
220 3669 241 3763 ἡ
264 3671 395 3755 ἔνθεσις
415 3672 538 3763 γίνεται
560 3677 625 3742 τῶν
646 3671 694 3755 εἷς
715 3674 909 3764 φερομένων.
971 3704 976 3712 ·

168 3779 261 3854 Quae
290 3782 387 3845 lectio
415 3782 448 3844 in
480 3781 596 3846 Sorani
625 3782 728 3868 ipsius
756 3780 840 3845 libro
868 3780 1016 3857 infuerit,
1050 3779 1220 3845 confestim

84 3884 269 3969 intelleges,
297 3884 352 3948 ubi
376 3884 546 3949 Meletium
569 3906 600 3970 p.
625 3888 707 3965 76‚5
731 3885 905 3950 evolveris:
938 3879 980 3948 τὰ
1004 3882 1040 3949 δὲ
1063 3876 1218 3948 ὑποκάτω

83 3990 140 4053 τοῦ
162 3980 246 4066 ὠτὸς
268 3983 386 4074 γνάθοι
406 3987 553 4075 λέγονται
573 3986 629 4054 καὶ
646 3985 782 4071 χαλινοί.
820 3983 939 4075 γνάθοι
954 3987 1014 4072 μὲν
1029 3983 1121 4074 παρὰ
1135 4040 1142 4053 .
1155 4039 1163 4054 .
1177 4040 1184 4053 .
1200 4040 1218 4069 .‚

83 4089 207 4172 χαλινοὶ
235 4086 379 4174 (χαλινὸς
402 4091 454 4156 ed.
479 4091 628 4178 Cramer)
651 4090 696 4172 δέ,
721 4088 771 4158 ὅτι
795 4085 836 4157 δι’
862 4084 968 4156 αὐτῶν
990 4088 1112 4173 galuam
1135 4090 1219 4178 γίνε-

84 4215 151 4260 ται·
179 4190 209 4258 oi
235 4191 272 4258 ot
293 4217 373 4281 φασι
399 4194 548 4277 χανινοάς
571 4191 734 4277 (χαλινούς
756 4195 807 4260 ed.
832 4196 981 4280 Cramer)
1004 4220 1095 4274 τινας
1117 4188 1218 4262 εἶναι·
