2948 4808
673 249 885 310 „24-

299 438 479 503 Sacrificuli
497 458 698 526 paganorum
716 459 758 501 ex
774 437 923 523 paganis,
949 438 1161 524 collegiorum
1180 456 1348 501 sacrorum

211 565 253 606 ex
286 543 421 628 collegis
449 542 529 629 ipsis
563 547 732 607 creantur:
776 541 809 605 in
840 541 957 626 quibus
987 542 1015 604 si
1038 542 1127 606 cives
1151 548 1184 606 et
1207 540 1347 606 metoeei

212 648 304 711 mixti
341 654 451 727 erant,
486 646 655 730 utriusque
688 645 819 730 generis
856 645 1032 711 sacrificuli
1070 667 1143 711 esse
1183 652 1346 732 poterant.

210 751 302 825 Quod
335 752 472 817 efficitur
506 773 549 816 ex
582 751 676 815 titulo
706 749 746 815 de
781 771 844 836 quo
880 756 979 837 supra
1010 753 1083 837 p.9
1114 750 1256 836 egimus:
1290 750 1347 815 ubi

210 857 331 942 primus
363 850 531 941 ίεροποιός
552 854 752 940 Polyeuctus
781 854 821 919 ad
845 855 1014 920 Acharnas
1042 876 1164 941 pagum
1188 853 1347 920 Oeneidis

214 961 317 1025 tribus
331 961 484 1046 pertinet,
509 960 592 1024 alter
607 959 754 1024 Boethus
772 959 850 1023 civis
866 965 917 1023 est
929 959 1006 1045 pagi
1023 958 1171 1044 Ancylae
1187 958 1346 1044 Aegeidis

212 1064 328 1129 tribus.
372 1063 403 1126 N
406 1084 457 1125 am
470 1054 686 1150 Mrsvllquev
708 1063 829 1127 rectius
846 1084 944 1148 quam
957 1055 1168 1149 'Ayavlqovdg
1183 1063 1348 1149 supplevit

211 1167 364 1232 Rossius:
389 1167 486 1231 tertio
503 1167 589 1230 enim
605 1167 676 1253 loco
696 1167 843 1251 sequitur
865 1161 1013 1254 ἰσοτελής
1034 1166 1203 1247 Chabrias,
1228 1186 1347 1251 agmen

214 1271 335 1336 claudit
358 1271 535 1356 inquilinus
558 1269 708 1336 Paedeas
733 1269 890 1336 Solensis.

302 1391 343 1476 O)
376 1391 493 1455 Restat
515 1397 551 1455 ut
573 1392 685 1478 paucis
710 1391 881 1477 explicem,
905 1414 925 1455 a
948 1412 1022 1477 quo
1047 1391 1143 1456 electi
1167 1391 1231 1454 sint
1247 1389 1347 1454 sacri-

214 1496 303 1560 ficuli
333 1496 387 1581 qui
419 1496 586 1560 sortitione
609 1517 673 1560 non
697 1494 868 1561 ducuntur.
920 1493 1138 1559 Eumenidum
1162 1489 1350 1580 ίεροποιούς

211 1621 231 1663 a
253 1601 402 1686 populo
425 1601 494 1686 ipso
519 1599 552 1663 in
576 1601 728 1665 contione
746 1600 869 1665 electos
889 1621 963 1664 esse
980 1620 1120 1684 eaquae
1138 1619 1237 1685 supra
1254 1599 1347 1662 attuli

212 1705 373 1770 evincunt.
420 1703 542 1770 Contra
565 1705 606 1769 ab
626 1704 804 1791 Areopago
830 1726 886 1769 eos
910 1706 1032 1769 electos
1058 1726 1132 1769 esse
1154 1704 1296 1789 legimus
1315 1703 1348 1767 in

212 1808 333 1874 scholio
365 1809 406 1873 ad
445 1809 540 1873 Dem.
565 1832 593 1876 c.
615 1808 694 1874 Mid.
718 1811 738 1887 ἓ
759 1814 818 1872 llo
842 1809 1022 1895 adscripto:
1043 1801 1091 1874 ‘H
1105 1806 1141 1888 ἐξ
1161 1800 1290 1894 Ἀρείου
1313 1805 1349 1872 δὲ

211 1906 319 1998 πάγου
347 1907 449 2001 βουλὴ
478 1908 535 1979 τδν
566 1908 733 1999 ἱεροποιὸν
759 1907 877 2001 ᾑρεῖτο.
937 1905 1071 2001 Ἐπειδὴ
1096 1907 1156 1998 γὰρ
1179 1909 1212 1977 ἒν
1234 1907 1349 1998 Ἀρείῳ

211 2010 307 2102 πάγῳ
329 2011 370 2081 τὰ
393 2017 457 2081 τῶν
481 2013 573 2104 ἱερῶν
595 2018 659 2082 τῶν
682 2011 867 2101 Εὐμενίδων
890 2014 1115 2102 ἐπετέτραπτο
1136 2013 1193 2081 καί
1208 2011 1350 2102 πλησίον

210 2120 322 2202 ἵδρυτο
337 2122 396 2209 τῆς
410 2121 530 2210 βουλῆς
544 2146 573 2187 a.
585 2146 613 2187 τ.
626 2121 654 2188 λ.
700 2122 802 2208 Atqui
820 2142 926 2207 neque
944 2123 976 2186 in
993 2123 1064 2209 ipsa
1080 2121 1226 2185 oratione
1243 2140 1348 2205 nequo

213 2225 290 2289 alibi
320 2246 455 2311 usquam
486 2227 659 2292 creationis
692 2227 733 2291 ab
756 2226 930 2312 Areopago
959 2226 1129 2290 institutae
1152 2225 1189 2288 fit
1211 2224 1347 2288 mentio:

213 2329 299 2394 unde
316 2350 380 2393 non
397 2330 508 2396 dubito
525 2331 645 2395 scholio
661 2352 789 2395 omnem
802 2330 900 2395 fidem
915 2330 1091 2415 denegare.
1129 2328 1350 2415 Improbanda

217 2434 316 2519 igitur
332 2456 414 2519 quae
433 2434 472 2500 Ο.
487 2435 678 2516 Muellerus,
702 2432 858 2519 Aeschyl.
875 2433 971 2499 Eum.
988 2456 1019 2520 p.
1038 2436 1098 2498 179
1115 2433 1240 2498 statuit:
1265 2431 1348 2496 adeo

216 2558 283 2602 rem
312 2538 477 2624 publicam
501 2538 754 2602 Atheniensium
778 2537 924 2603 Dearum
947 2538 1071 2601 cultum
1094 2538 1288 2602 observasse
1312 2542 1349 2600 ut

214 2643 363 2729 proprios
385 2643 424 2708 iis
449 2644 645 2708 sacrificulos
664 2643 850 2708 institueret
866 2664 925 2729 per
940 2642 1151 2729 Areopagum
1169 2664 1211 2707 ex
1228 2642 1349 2728 populo

216 2745 402 2832 eligendos:
439 2768 631 2832 quamquam
666 2748 862 2833 placuerunt
890 2747 1147 2828 Schoemannio,
1185 2753 1251 2813 ant.
1290 2746 1353 2812 iur.

216 2851 304 2937 publ.
330 2849 386 2917 Gr.
409 2873 441 2937 p.
458 2853 530 2916 301.
608 2873 609 2876 ¹

301 2962 333 3026 A
356 2970 496 3027 senatu
527 2963 626 3028 electi
658 2970 733 3028 sunt
756 2964 929 3028 sacrificuli
953 2962 1203 3028 extraordinarii
1234 2954 1351 3050 Ἀθήν.

216 3066 264 3130 VI
279 3070 341 3131 482
364 3088 412 3132 vs.
426 3070 455 3131 3.
468 3070 523 3130 23:
548 3063 580 3133 oi
605 3064 769 3154 ίεροποιοί
793 3064 824 3133 oi
849 3064 1034 3153 αἱρεθέντες
1056 3059 1124 3132 iuro
1146 3068 1205 3155 τῆς
1232 3066 1353 3155 βουλῆς

216 3194 244 3235 κ.
267 3195 296 3235 τ.
319 3171 347 3236 t.
371 3177 405 3236 et
428 3170 464 3236 C.
487 3172 515 3238 I.
538 3172 579 3236 A.
602 3171 636 3235 ΙΙ
657 3175 734 3248 329;
758 3172 798 3237 cf.
822 3193 920 3257 supra
943 3194 974 3258 p.
994 3174 1031 3234 21
1046 3168 1072 3256 ¹)

303 3283 354 3348 De
368 3290 549 3349 ceterarum
562 3284 741 3348 civitatium
757 3284 946 3348 sacrificulis
961 3283 1041 3346 nihil
1054 3283 1175 3348 certius
1188 3283 1354 3364 docemur,

218 3389 279 3452 nisi
302 3389 387 3474 quod
410 3388 526 3453 Lindi
548 3410 676 3474 quoque
700 3409 767 3475 per
789 3388 927 3475 populi
952 3389 1117 3453 comitia
1135 3393 1260 3452 creatos
1278 3410 1353 3454 esse

220 3487 407 3578 ίεροποιοίς
438 3494 491 3577 qui
515 3498 737 3557 memorantur
759 3491 846 3578 apud
869 3492 1025 3568 Foucart,
1057 3492 1154 3557 inser.
1182 3490 1267 3555 ined.
1292 3492 1353 3557 ins.

218 3594 324 3661 Rhodi
356 3619 384 3663 n.
408 3600 448 3661 60
481 3597 669 3661 curantibus
704 3597 829 3662 duobus
863 3597 1013 3683 epistatis
1046 3596 1243 3682 trigintaque
1270 3596 1353 3661 iudi-

220 3700 311 3763 cibus
335 3723 378 3765 ex
400 3700 451 3763 his
475 3701 583 3765 verbis
607 3701 789 3766 luculenter
812 3700 1022 3786 perspicitur:
1046 3695 1161 3788 ἐπειδὴ
1182 3739 1223 3746 -
1243 3691 1355 3784 ίίνδρες

220 3793 345 3888 ἀγαθοί
383 3801 555 3892 ἕγένο[ν]το
598 3792 669 3891 [ald
710 3800 787 3890 dli]
832 3798 1129 3890 φολά[ξ]αντες
1171 3798 1355 3887 Λινδίο[ι]ς

292 4029 311 4092 ¹)
335 4026 374 4080 De
402 4043 468 4081 cura
490 4044 580 4081 rerum
604 4044 742 4081 sacrarum
769 4023 877 4078 senatui
899 4023 1044 4078 commissa
1075 4025 1109 4079 cf.
1131 4042 1203 4093 quae
1226 4023 1357 4079 disseruit

221 4113 253 4167 V.
267 4113 457 4181 Heydemann,
475 4114 510 4168 da
528 4118 628 4169 senatu
646 4114 746 4168 Athen.
765 4114 872 4181 quaest.
892 4111 1037 4182 epigraph.
1057 4113 1104 4166 sel.
1118 4111 1193 4181 (diss,
1208 4112 1355 4181 Argentor.

221 4218 246 4255 a.
262 4200 339 4269 1880)
357 4219 383 4271 p.
396 4201 431 4254 49
449 4219 508 4270 sqq.
