<?xml version="1.0" encoding="UTF-8"?>
<!DOCTYPE html PUBLIC "-//W3C//DTD XHTML 1.0 Transitional//EN"
    "http://www.w3.org/TR/xhtml1/DTD/xhtml1-transitional.dtd">
<html xmlns="http://www.w3.org/1999/xhtml" xml:lang="en" lang="en">
 <head>
  <title>
</title>
<meta http-equiv="Content-Type" content="text/html;charset=utf-8" />
  <meta name='ocr-system' content='tesseract 3.04.00' />
  <meta name='ocr-capabilities' content='ocr_page ocr_carea ocr_par ocr_line ocrx_word'/>
</head>
<body>
  <div class='ocr_page' id='page_1' title='image "./dissertationesp00stragoog/dissertationesp00stragoog_0236.png"; bbox 0 0 2970 4814; ppageno 0'>
   <div class='ocr_carea' id='block_1_1' title="bbox 578 248 1269 343">
    <p class='ocr_par' dir='ltr' id='par_1_1' title="bbox 578 248 1269 343">
     <span class='ocr_line' id='line_1_1' title="bbox 578 248 1269 343; baseline 0.003 -23"><span class='ocrx_word' id='word_1_1' title='bbox 578 290 619 305; x_wconf 86' lang='lat'>-</span> <span class='ocrx_word' id='word_1_2' title='bbox 666 248 754 343; x_wconf 72' lang='grc' dir='ltr'><strong><em>[ου]</em></strong></span> <span class='ocrx_word' id='word_1_3' title='bbox 800 292 842 305; x_wconf 89' lang='grc'>-</span> <span class='ocrx_word' id='word_1_4' title='bbox 1232 258 1269 322; x_wconf 74' lang='grc' dir='ltr'><strong><em>ιι</em></strong></span> 
     </span>
    </p>
   </div>
   <div class='ocr_carea' id='block_1_2' title="bbox 140 436 1275 1298">
    <p class='ocr_par' dir='ltr' id='par_1_2' title="bbox 143 436 1275 862">
     <span class='ocr_line' id='line_1_2' title="bbox 143 436 1271 535; baseline 0.004 -27"><span class='ocrx_word' id='word_1_5' title='bbox 143 437 218 508; x_wconf 89' lang='grc' dir='ltr'><strong><em>ίνῶν</em></strong></span> <span class='ocrx_word' id='word_1_6' title='bbox 238 436 338 532; x_wconf 73' lang='grc' dir='ltr'><strong><em>ἤμουν</em></strong></span> <span class='ocrx_word' id='word_1_7' title='bbox 358 445 422 510; x_wconf 86' lang='grc' dir='ltr'><strong><em>τῶν</em></strong></span> <span class='ocrx_word' id='word_1_8' title='bbox 443 444 565 527; x_wconf 86' lang='grc' dir='ltr'><strong><em>μελῶν·</em></strong></span> <span class='ocrx_word' id='word_1_9' title='bbox 595 439 616 533; x_wconf 78' lang='grc' dir='ltr'>ἢ</span> <span class='ocrx_word' id='word_1_10' title='bbox 637 441 731 532; x_wconf 85' lang='grc' dir='ltr'><strong><em>παρὰ</em></strong></span> <span class='ocrx_word' id='word_1_11' title='bbox 752 441 790 512; x_wconf 85' lang='grc' dir='ltr'><strong><em>τὸ</em></strong></span> <span class='ocrx_word' id='word_1_12' title='bbox 813 441 903 525; x_wconf 84' lang='grc' dir='ltr'><strong><em>ἐντὸς</em></strong></span> <span class='ocrx_word' id='word_1_13' title='bbox 923 439 1005 513; x_wconf 74' lang='grc' dir='ltr'><strong><em>εἶναι</em></strong></span> <span class='ocrx_word' id='word_1_14' title='bbox 1026 449 1091 513; x_wconf 91' lang='grc' dir='ltr'><strong><em>τῶν</em></strong></span> <span class='ocrx_word' id='word_1_15' title='bbox 1113 444 1271 535; x_wconf 58' lang='grc' dir='ltr'><strong><em>ὅπλωνλ),</em></strong></span> 
     </span>
     <span class='ocr_line' id='line_1_3' title="bbox 144 538 1275 640; baseline 0.005 -29"><span class='ocrx_word' id='word_1_16' title='bbox 144 538 213 613; x_wconf 83' lang='grc' dir='ltr'><strong><em>άπὸ</em></strong></span> <span class='ocrx_word' id='word_1_17' title='bbox 229 549 289 613; x_wconf 81' lang='grc' dir='ltr'><strong><em>τοῦ</em></strong></span> <span class='ocrx_word' id='word_1_18' title='bbox 303 545 505 614; x_wconf 71' lang='grc' dir='ltr'><strong><em>ἐντείνεσθαι</em></strong></span> <span class='ocrx_word' id='word_1_19' title='bbox 521 541 606 613; x_wconf 86' lang='grc' dir='ltr'><strong><em>αύτὰ</em></strong></span> <span class='ocrx_word' id='word_1_20' title='bbox 620 549 668 635; x_wconf 76' lang='grc' dir='ltr'><strong><em>τῷ</em></strong></span> <span class='ocrx_word' id='word_1_21' title='bbox 682 544 813 636; x_wconf 80' lang='grc' dir='ltr'><strong><em>θώρακι</em></strong></span> <span class='ocrx_word' id='word_1_22' title='bbox 822 550 859 638; x_wconf 80' lang='lat'><strong><em>³).</em></strong></span> <span class='ocrx_word' id='word_1_23' title='bbox 881 548 937 616; x_wconf 88' lang='grc' dir='ltr'><strong><em>καί</em></strong></span> <span class='ocrx_word' id='word_1_24' title='bbox 957 547 1022 640; x_wconf 76' lang='grc' dir='ltr'><strong><em>μὴν</em></strong></span> <span class='ocrx_word' id='word_1_25' title='bbox 1037 550 1093 617; x_wconf 87' lang='grc' dir='ltr'><strong><em>καί</em></strong></span> <span class='ocrx_word' id='word_1_26' title='bbox 1108 546 1275 633; x_wconf 75' lang='grc' dir='ltr'><em>χολάδες</em></span> 
     </span>
     <span class='ocr_line' id='line_1_4' title="bbox 144 644 431 736; baseline 0.01 -22"><span class='ocrx_word' id='word_1_27' title='bbox 144 648 303 736; x_wconf 82' lang='grc' dir='ltr'><strong><em>λέγονται,</em></strong></span> <span class='ocrx_word' id='word_1_28' title='bbox 326 644 372 730; x_wconf 86' lang='grc' dir='ltr'><strong><em>ῶς</em></strong></span> <span class='ocrx_word' id='word_1_29' title='bbox 392 645 431 717; x_wconf 87' lang='grc' dir='ltr'><strong><em>τὸ</em></strong></span> 
     </span>
     <span class='ocr_line' id='line_1_5' title="bbox 285 768 1137 862; baseline 0.002 -24"><span class='ocrx_word' id='word_1_30' title='bbox 285 769 399 856; x_wconf 70' lang='grc' dir='ltr'><strong><em>,χύντο</em></strong></span> <span class='ocrx_word' id='word_1_31' title='bbox 422 771 526 858; x_wconf 84' lang='grc' dir='ltr'><strong><em>χαμαί</em></strong></span> <span class='ocrx_word' id='word_1_32' title='bbox 549 768 705 856; x_wconf 48' lang='grc' dir='ltr'><strong><em>χολάδεςίί</em></strong></span> <span class='ocrx_word' id='word_1_33' title='bbox 730 775 909 858; x_wconf 77' lang='grc' dir='ltr'><strong>(11.Δ526</strong></span> <span class='ocrx_word' id='word_1_34' title='bbox 933 807 973 831; x_wconf 91' lang='lat'><strong><em>=</em></strong></span> <span class='ocrx_word' id='word_1_35' title='bbox 1000 782 1032 840; x_wconf 83' lang='grc' dir='ltr'><em>Φ</em></span> <span class='ocrx_word' id='word_1_36' title='bbox 1051 777 1137 862; x_wconf 86' lang='grc'><strong>181),</strong></span> 
     </span>
    </p>

    <p class='ocr_par' dir='ltr' id='par_1_3' title="bbox 140 887 1275 1298">
     <span class='ocr_line' id='line_1_6' title="bbox 141 887 1275 984; baseline 0.004 -25"><span class='ocrx_word' id='word_1_37' title='bbox 141 887 212 960; x_wconf 82' lang='grc' dir='ltr'><strong><em>άπὸ</em></strong></span> <span class='ocrx_word' id='word_1_38' title='bbox 234 895 292 983; x_wconf 80' lang='grc' dir='ltr'><strong><em>τῆς</em></strong></span> <span class='ocrx_word' id='word_1_39' title='bbox 312 890 449 978; x_wconf 88' lang='grc' dir='ltr'><strong><em>χύσεως·</em></strong></span> <span class='ocrx_word' id='word_1_40' title='bbox 478 889 500 984; x_wconf 81' lang='grc' dir='ltr'>ἢ</span> <span class='ocrx_word' id='word_1_41' title='bbox 528 889 644 961; x_wconf 85' lang='grc' dir='ltr'><strong><em>διὰτὸ</em></strong></span> <span class='ocrx_word' id='word_1_42' title='bbox 667 890 752 960; x_wconf 79' lang='grc' dir='ltr'><strong><em>κατὰ</em></strong></span> <span class='ocrx_word' id='word_1_43' title='bbox 775 890 874 983; x_wconf 86' lang='grc' dir='ltr'><strong><em>φύσιν</em></strong></span> <span class='ocrx_word' id='word_1_44' title='bbox 896 893 1053 978; x_wconf 86' lang='grc' dir='ltr'><strong><em>δέχεσθαι</em></strong></span> <span class='ocrx_word' id='word_1_45' title='bbox 1074 892 1113 962; x_wconf 85' lang='grc' dir='ltr'><strong><em>τὸ</em></strong></span> <span class='ocrx_word' id='word_1_46' title='bbox 1135 899 1275 980; x_wconf 80' lang='grc' dir='ltr'><strong><em>χολῶδες</em></strong></span> 
     </span>
     <span class='ocr_line' id='line_1_7' title="bbox 141 992 1271 1088; baseline 0.003 -24"><span class='ocrx_word' id='word_1_47' title='bbox 141 996 334 1086; x_wconf 83' lang='grc' dir='ltr'><strong><em>περίττωμα</em></strong></span> <span class='ocrx_word' id='word_1_48' title='bbox 360 992 430 1066; x_wconf 84' lang='grc' dir='ltr'><strong><em>άπὸ</em></strong></span> <span class='ocrx_word' id='word_1_49' title='bbox 459 1000 519 1065; x_wconf 80' lang='grc' dir='ltr'><strong><em>τοῦ</em></strong></span> <span class='ocrx_word' id='word_1_50' title='bbox 537 994 710 1088; x_wconf 56' lang='grc' dir='ltr'><strong><em>ἥπατοςέ).</em></strong></span> <span class='ocrx_word' id='word_1_51' title='bbox 754 1000 830 1066; x_wconf 86' lang='lat' dir='ltr'><strong>Mel.</strong></span> <span class='ocrx_word' id='word_1_52' title='bbox 859 1003 992 1082; x_wconf 86' lang='grc'><strong>108,16.</strong></span> <span class='ocrx_word' id='word_1_53' title='bbox 1043 1002 1073 1088; x_wconf 90' lang='grc'><strong><em>1)</em></strong></span> <span class='ocrx_word' id='word_1_54' title='bbox 1102 1002 1157 1069; x_wconf 90' lang='lat' dir='ltr'><strong><em>Or.</em></strong></span> <span class='ocrx_word' id='word_1_55' title='bbox 1177 1005 1228 1081; x_wconf 79' lang='grc'><strong><em>56,</em></strong></span> <span class='ocrx_word' id='word_1_56' title='bbox 1242 1007 1271 1067; x_wconf 88' lang='grc'><strong><em>3.</em></strong></span> 
     </span>
     <span class='ocr_line' id='line_1_8' title="bbox 140 1103 1274 1191; baseline 0.004 -25"><span class='ocrx_word' id='word_1_57' title='bbox 140 1104 174 1188; x_wconf 81' lang='lat'><strong><em>2)</em></strong></span> <span class='ocrx_word' id='word_1_58' title='bbox 198 1106 249 1185; x_wconf 77' lang='lat'><strong><em>52,</em></strong></span> <span class='ocrx_word' id='word_1_59' title='bbox 267 1107 324 1179; x_wconf 86' lang='lat'><strong><em>16;</em></strong></span> <span class='ocrx_word' id='word_1_60' title='bbox 357 1103 882 1170; x_wconf 75' lang='lat' dir='ltr'><strong>Schol.ven.Aad11.²1¹806.</strong></span> <span class='ocrx_word' id='word_1_61' title='bbox 934 1103 968 1191; x_wconf 91' lang='grc'><strong><em>3)</em></strong></span> <span class='ocrx_word' id='word_1_62' title='bbox 991 1103 1044 1170; x_wconf 74' lang='lat' dir='ltr'><strong><em>Et.</em></strong></span> <span class='ocrx_word' id='word_1_63' title='bbox 1067 1106 1110 1170; x_wconf 86' lang='lat' dir='ltr'><strong><em>M.</em></strong></span> <span class='ocrx_word' id='word_1_64' title='bbox 1133 1108 1274 1187; x_wconf 78' lang='lat'><strong>339,15.</strong></span> 
     </span>
     <span class='ocr_line' id='line_1_9' title="bbox 140 1206 1066 1298; baseline 0.004 -28"><span class='ocrx_word' id='word_1_65' title='bbox 140 1206 175 1293; x_wconf 85' lang='grc'><strong><em>4)</em></strong></span> <span class='ocrx_word' id='word_1_66' title='bbox 200 1208 254 1273; x_wconf 92' lang='lat' dir='ltr'><strong><em>Or.</em></strong></span> <span class='ocrx_word' id='word_1_67' title='bbox 275 1210 345 1289; x_wconf 90' lang='grc'><strong><em>163,</em></strong></span> <span class='ocrx_word' id='word_1_68' title='bbox 358 1210 415 1283; x_wconf 80' lang='grc'><strong><em>29;</em></strong></span> <span class='ocrx_word' id='word_1_69' title='bbox 439 1207 492 1272; x_wconf 84' lang='lat' dir='ltr'><strong><em>Et.</em></strong></span> <span class='ocrx_word' id='word_1_70' title='bbox 508 1207 552 1272; x_wconf 89' lang='lat' dir='ltr'><strong><em>M.</em></strong></span> <span class='ocrx_word' id='word_1_71' title='bbox 569 1210 642 1289; x_wconf 83' lang='lat'>813,</span> <span class='ocrx_word' id='word_1_72' title='bbox 657 1212 713 1283; x_wconf 76' lang='lat'><strong><em>213</em></strong></span> <span class='ocrx_word' id='word_1_73' title='bbox 737 1208 794 1274; x_wconf 79' lang='lat' dir='ltr'><strong>cfr.</strong></span> <span class='ocrx_word' id='word_1_74' title='bbox 818 1230 916 1296; x_wconf 80' lang='lat' dir='ltr'><strong>supra</strong></span> <span class='ocrx_word' id='word_1_75' title='bbox 938 1230 970 1295; x_wconf 91' lang='lat' dir='ltr'><strong><em>p.</em></strong></span> <span class='ocrx_word' id='word_1_76' title='bbox 989 1212 1038 1274; x_wconf 95' lang='grc'><strong>16.</strong></span> <span class='ocrx_word' id='word_1_77' title='bbox 1064 1296 1066 1298; x_wconf 10' lang='lat' dir='ltr'>q</span> 
     </span>
    </p>
   </div>
   <div class='ocr_carea' id='block_1_3' title="bbox 135 1324 1276 2406">
    <p class='ocr_par' dir='ltr' id='par_1_4' title="bbox 226 1324 1048 1416">
     <span class='ocr_line' id='line_1_10' title="bbox 226 1324 1048 1416; baseline -0.002 -18"><span class='ocrx_word' id='word_1_78' title='bbox 226 1327 273 1398; x_wconf 81' lang='grc'><strong>62</strong></span> <span class='ocrx_word' id='word_1_79' title='bbox 295 1324 534 1415; x_wconf 78' lang='grc' dir='ltr'><strong><em>ἐπιχονατίς</em></strong></span> <span class='ocrx_word' id='word_1_80' title='bbox 555 1336 590 1394; x_wconf 75' lang='grc' dir='ltr'><strong><em>ολ</em></strong></span> <span class='ocrx_word' id='word_1_81' title='bbox 612 1325 838 1416; x_wconf 84' lang='grc' dir='ltr'><strong><em>έπιχουνίς;</em></strong></span> <span class='ocrx_word' id='word_1_82' title='bbox 873 1351 902 1396; x_wconf 71' lang='grc' dir='ltr'><strong><em>κ.</em></strong></span> <span class='ocrx_word' id='word_1_83' title='bbox 926 1328 1048 1409; x_wconf 79' lang='grc' dir='ltr'><strong><em>σκέλος.</em></strong></span> 
     </span>
    </p>

    <p class='ocr_par' dir='ltr' id='par_1_5' title="bbox 145 1434 1275 1635">
     <span class='ocr_line' id='line_1_11' title="bbox 226 1434 1275 1523; baseline -0.002 -15"><span class='ocrx_word' id='word_1_84' title='bbox 226 1440 273 1508; x_wconf 91' lang='grc'><strong><em>63</em></strong></span> <span class='ocrx_word' id='word_1_85' title='bbox 297 1438 514 1520; x_wconf 76' lang='grc' dir='ltr'><strong><em>ἐπίπλοαςε</em></strong></span> <span class='ocrx_word' id='word_1_86' title='bbox 548 1436 587 1507; x_wconf 87' lang='grc' dir='ltr'><strong><em>τὸ</em></strong></span> <span class='ocrx_word' id='word_1_87' title='bbox 617 1438 733 1523; x_wconf 87' lang='grc' dir='ltr'><strong><em>λίπος,</em></strong></span> <span class='ocrx_word' id='word_1_88' title='bbox 771 1434 842 1508; x_wconf 83' lang='grc' dir='ltr'><strong><em>άπὸ</em></strong></span> <span class='ocrx_word' id='word_1_89' title='bbox 876 1443 936 1509; x_wconf 81' lang='grc' dir='ltr'><strong><em>τοῦ</em></strong></span> <span class='ocrx_word' id='word_1_90' title='bbox 969 1440 1125 1508; x_wconf 73' lang='grc' dir='ltr'><strong><em>ἐπιπλεῖν</em></strong></span> <span class='ocrx_word' id='word_1_91' title='bbox 1151 1439 1208 1507; x_wconf 86' lang='grc' dir='ltr'><strong><em>καί</em></strong></span> <span class='ocrx_word' id='word_1_92' title='bbox 1239 1439 1275 1522; x_wconf 84' lang='grc' dir='ltr'><strong><em>ἐξ</em></strong></span> 
     </span>
     <span class='ocr_line' id='line_1_12' title="bbox 145 1537 951 1635; baseline 0.005 -25"><span class='ocrx_word' id='word_1_93' title='bbox 145 1543 314 1635; x_wconf 76' lang='grc' dir='ltr'><strong><em>ἐπιπολῆς</em></strong></span> <span class='ocrx_word' id='word_1_94' title='bbox 335 1537 429 1612; x_wconf 78' lang='grc' dir='ltr'><strong><em>εἶναι.</em></strong></span> <span class='ocrx_word' id='word_1_95' title='bbox 473 1547 528 1612; x_wconf 78' lang='lat' dir='ltr'><strong><em>Et.</em></strong></span> <span class='ocrx_word' id='word_1_96' title='bbox 543 1548 588 1614; x_wconf 82' lang='lat' dir='ltr'><strong><em>M.</em></strong></span> <span class='ocrx_word' id='word_1_97' title='bbox 605 1551 741 1626; x_wconf 84' lang='grc'><strong>363,16.</strong></span> <span class='ocrx_word' id='word_1_98' title='bbox 786 1550 842 1614; x_wconf 89' lang='lat' dir='ltr'><strong><em>Or.</em></strong></span> <span class='ocrx_word' id='word_1_99' title='bbox 859 1552 910 1629; x_wconf 84' lang='lat'><strong><em>56,</em></strong></span> <span class='ocrx_word' id='word_1_100' title='bbox 921 1552 951 1614; x_wconf 80' lang='lat'><strong><em>9.</em></strong></span> 
     </span>
    </p>

    <p class='ocr_par' dir='ltr' id='par_1_6' title="bbox 135 1651 1275 2048">
     <span class='ocr_line' id='line_1_13' title="bbox 226 1651 1275 1748; baseline 0 -21"><span class='ocrx_word' id='word_1_101' title='bbox 226 1658 274 1727; x_wconf 86' lang='grc'><strong>64</strong></span> <span class='ocrx_word' id='word_1_102' title='bbox 296 1653 548 1724; x_wconf 78' lang='grc' dir='ltr'><strong><em>ἐπισκύνιονε</em></strong></span> <span class='ocrx_word' id='word_1_103' title='bbox 575 1655 615 1726; x_wconf 84' lang='grc' dir='ltr'><strong><em>τὸ</em></strong></span> <span class='ocrx_word' id='word_1_104' title='bbox 636 1657 713 1744; x_wconf 86' lang='grc' dir='ltr'><strong><em>περί</em></strong></span> <span class='ocrx_word' id='word_1_105' title='bbox 736 1655 796 1738; x_wconf 85' lang='grc' dir='ltr'><strong><em>τὰς</em></strong></span> <span class='ocrx_word' id='word_1_106' title='bbox 817 1651 919 1748; x_wconf 82' lang='grc' dir='ltr'><strong><em>ὀφρῦς</em></strong></span> <span class='ocrx_word' id='word_1_107' title='bbox 941 1658 1053 1747; x_wconf 89' lang='grc' dir='ltr'><strong><em>δέρμα,</em></strong></span> <span class='ocrx_word' id='word_1_108' title='bbox 1074 1656 1159 1727; x_wconf 86' lang='grc' dir='ltr'><strong><em>κατὰ</em></strong></span> <span class='ocrx_word' id='word_1_109' title='bbox 1173 1655 1275 1745; x_wconf 86' lang='grc' dir='ltr'><strong><em>μετά-</em></strong></span> 
     </span>
     <span class='ocr_line' id='line_1_14' title="bbox 138 1751 1275 1850; baseline 0.004 -24"><span class='ocrx_word' id='word_1_110' title='bbox 138 1765 235 1827; x_wconf 89' lang='grc' dir='ltr'><strong><em>θεσιν</em></strong></span> <span class='ocrx_word' id='word_1_111' title='bbox 249 1762 308 1828; x_wconf 86' lang='grc' dir='ltr'><strong><em>τοῦ</em></strong></span> <span class='ocrx_word' id='word_1_112' title='bbox 330 1751 350 1829; x_wconf 87' lang='grc' dir='ltr'><strong><em>λ</em></strong></span> <span class='ocrx_word' id='word_1_113' title='bbox 365 1759 413 1843; x_wconf 83' lang='grc' dir='ltr'><strong><em>είς</em></strong></span> <span class='ocrx_word' id='word_1_114' title='bbox 428 1768 446 1828; x_wconf 72' lang='grc' dir='ltr'><strong><em>ν</em></strong></span> <span class='ocrx_word' id='word_1_115' title='bbox 454 1783 461 1798; x_wconf 93' lang='grc'>·</span> <span class='ocrx_word' id='word_1_116' title='bbox 473 1759 602 1842; x_wconf 73' lang='grc' dir='ltr'><strong><em>,σκύλος</em></strong></span> <span class='ocrx_word' id='word_1_117' title='bbox 620 1759 681 1849; x_wconf 83' lang='grc' dir='ltr'><strong><em>μὰρ</em></strong></span> <span class='ocrx_word' id='word_1_118' title='bbox 695 1761 821 1849; x_wconf 76' lang='grc' dir='ltr'><strong><em>λέγεται</em></strong></span> <span class='ocrx_word' id='word_1_119' title='bbox 836 1759 876 1830; x_wconf 88' lang='grc' dir='ltr'><strong><em>τδ</em></strong></span> <span class='ocrx_word' id='word_1_120' title='bbox 893 1762 1005 1850; x_wconf 86' lang='grc' dir='ltr'><strong><em>δέρμα,</em></strong></span> <span class='ocrx_word' id='word_1_121' title='bbox 1028 1759 1066 1830; x_wconf 84' lang='grc' dir='ltr'><strong><em>τὸ</em></strong></span> <span class='ocrx_word' id='word_1_122' title='bbox 1082 1760 1195 1830; x_wconf 89' lang='grc' dir='ltr'><strong><em>ἐπάνω</em></strong></span> <span class='ocrx_word' id='word_1_123' title='bbox 1209 1766 1275 1830; x_wconf 88' lang='grc' dir='ltr'><strong><em>τῶν</em></strong></span> 
     </span>
     <span class='ocr_line' id='line_1_15' title="bbox 140 1856 1273 1955; baseline 0.003 -26"><span class='ocrx_word' id='word_1_124' title='bbox 140 1856 328 1952; x_wconf 74' lang='grc' dir='ltr'><strong><em>ὀφθαλμῶν</em></strong></span> <span class='ocrx_word' id='word_1_125' title='bbox 349 1865 460 1954; x_wconf 80' lang='grc' dir='ltr'><strong><em>μέρος,</em></strong></span> <span class='ocrx_word' id='word_1_126' title='bbox 489 1860 562 1955; x_wconf 69' lang='grc' dir='ltr'><strong><em>ἤτοι</em></strong></span> <span class='ocrx_word' id='word_1_127' title='bbox 585 1864 702 1952; x_wconf 86' lang='grc' dir='ltr'><strong><em>δέρμα,</em></strong></span> <span class='ocrx_word' id='word_1_128' title='bbox 725 1862 764 1933; x_wconf 88' lang='grc' dir='ltr'><strong><em>τὸ</em></strong></span> <span class='ocrx_word' id='word_1_129' title='bbox 787 1863 1006 1955; x_wconf 84' lang='grc' dir='ltr'><strong><em>σονοφρύαιμα</em></strong></span> <span class='ocrx_word' id='word_1_130' title='bbox 1028 1869 1087 1934; x_wconf 82' lang='grc' dir='ltr'><strong><em>τοῦ</em></strong></span> <span class='ocrx_word' id='word_1_131' title='bbox 1108 1863 1273 1952; x_wconf 83' lang='grc' dir='ltr'><strong><em>μετώπου.</em></strong></span> 
     </span>
     <span class='ocr_line' id='line_1_16' title="bbox 135 1961 274 2048; baseline 0.022 -16"><span class='ocrx_word' id='word_1_132' title='bbox 135 1961 274 2048; x_wconf 82' lang='grc' dir='ltr'><strong><em>Ἰλιάδος</em></strong></span> 
     </span>
    </p>

    <p class='ocr_par' dir='ltr' id='par_1_7' title="bbox 139 2084 1276 2406">
     <span class='ocr_line' id='line_1_17' title="bbox 196 2084 1225 2179; baseline 0.002 -24"><span class='ocrx_word' id='word_1_133' title='bbox 196 2091 286 2172; x_wconf 67' lang='grc' dir='ltr'><strong><em>,πᾶν</em></strong></span> <span class='ocrx_word' id='word_1_134' title='bbox 308 2089 345 2156; x_wconf 92' lang='grc' dir='ltr'><strong><em>δέ</em></strong></span> <span class='ocrx_word' id='word_1_135' title='bbox 365 2084 391 2157; x_wconf 77' lang='grc' dir='ltr'><strong><em>τ’</em></strong></span> <span class='ocrx_word' id='word_1_136' title='bbox 418 2087 608 2157; x_wconf 81' lang='grc' dir='ltr'><strong><em>ἐπισκύνιον</em></strong></span> <span class='ocrx_word' id='word_1_137' title='bbox 629 2085 719 2156; x_wconf 89' lang='grc' dir='ltr'><strong><em>κάτω</em></strong></span> <span class='ocrx_word' id='word_1_138' title='bbox 741 2088 868 2158; x_wconf 68' lang='grc' dir='ltr'><strong><em>ἕλκεται</em></strong></span> <span class='ocrx_word' id='word_1_139' title='bbox 892 2085 971 2159; x_wconf 80' lang='grc' dir='ltr'><strong><em>ύσσε</em></strong></span> <span class='ocrx_word' id='word_1_140' title='bbox 992 2088 1179 2159; x_wconf 56' lang='grc' dir='ltr'><strong><em>καλύπτονιι</em></strong></span> <span class='ocrx_word' id='word_1_141' title='bbox 1192 2093 1225 2179; x_wconf 81' lang='grc'><strong><em>*)</em></strong></span> 
     </span>
     <span class='ocr_line' id='line_1_18' title="bbox 607 2195 811 2282; baseline 0.02 -23"><span class='ocrx_word' id='word_1_142' title='bbox 607 2195 659 2282; x_wconf 85' lang='grc' dir='ltr'><strong><em>(υ.</em></strong></span> <span class='ocrx_word' id='word_1_143' title='bbox 683 2200 714 2261; x_wconf 82' lang='lat' dir='ltr'><em>P</em></span> <span class='ocrx_word' id='word_1_144' title='bbox 727 2197 811 2282; x_wconf 81' lang='lat'><strong>136).</strong></span> 
     </span>
     <span class='ocr_line' id='line_1_19' title="bbox 139 2310 1276 2406; baseline 0.002 -25"><span class='ocrx_word' id='word_1_145' title='bbox 139 2312 234 2383; x_wconf 73' lang='grc' dir='ltr'><strong><em>ἔνθεν</em></strong></span> <span class='ocrx_word' id='word_1_146' title='bbox 261 2312 318 2383; x_wconf 91' lang='grc' dir='ltr'><strong><em>καί</em></strong></span> <span class='ocrx_word' id='word_1_147' title='bbox 342 2312 534 2399; x_wconf 82' lang='grc' dir='ltr'><strong><em>ἐπισκύσαι,</em></strong></span> <span class='ocrx_word' id='word_1_148' title='bbox 564 2312 603 2384; x_wconf 90' lang='grc' dir='ltr'><strong><em>τδ</em></strong></span> <span class='ocrx_word' id='word_1_149' title='bbox 625 2318 822 2406; x_wconf 80' lang='grc' dir='ltr'><strong><em>χαλεπῆναι,</em></strong></span> <span class='ocrx_word' id='word_1_150' title='bbox 853 2310 922 2385; x_wconf 86' lang='grc' dir='ltr'><strong><em>άπὸ</em></strong></span> <span class='ocrx_word' id='word_1_151' title='bbox 945 2320 1004 2384; x_wconf 80' lang='grc' dir='ltr'><strong><em>τοῦ</em></strong></span> <span class='ocrx_word' id='word_1_152' title='bbox 1025 2315 1064 2384; x_wconf 88' lang='grc' dir='ltr'><strong><em>τδ</em></strong></span> <span class='ocrx_word' id='word_1_153' title='bbox 1088 2312 1276 2385; x_wconf 74' lang='grc' dir='ltr'><strong><em>ἐπισκύνιον</em></strong></span> 
     </span>
    </p>
   </div>
   <div class='ocr_carea' id='block_1_4' title="bbox 137 2416 1273 2607">
    <p class='ocr_par' dir='ltr' id='par_1_8' title="bbox 137 2416 1273 2607">
     <span class='ocr_line' id='line_1_20' title="bbox 137 2416 1273 2511; baseline 0.003 -26"><span class='ocrx_word' id='word_1_154' title='bbox 137 2419 312 2486; x_wconf 74' lang='grc' dir='ltr'><strong><em>καθέλκειν</em></strong></span> <span class='ocrx_word' id='word_1_155' title='bbox 326 2416 403 2500; x_wconf 80' lang='grc' dir='ltr'><strong><em>τοὺς</em></strong></span> <span class='ocrx_word' id='word_1_156' title='bbox 419 2418 686 2503; x_wconf 82' lang='grc' dir='ltr'><strong><em>χαλεπαίνοντας.</em></strong></span> <span class='ocrx_word' id='word_1_157' title='bbox 721 2422 773 2490; x_wconf 78' lang='lat' dir='ltr'><strong><em>Et.</em></strong></span> <span class='ocrx_word' id='word_1_158' title='bbox 787 2424 830 2487; x_wconf 83' lang='lat' dir='ltr'><strong><em>M.</em></strong></span> <span class='ocrx_word' id='word_1_159' title='bbox 845 2425 917 2504; x_wconf 84' lang='lat'>364,</span> <span class='ocrx_word' id='word_1_160' title='bbox 930 2429 948 2488; x_wconf 80' lang='lat'>4</span> <span class='ocrx_word' id='word_1_161' title='bbox 965 2422 1038 2511; x_wconf 84' lang='lat' dir='ltr'><strong>(cfr.</strong></span> <span class='ocrx_word' id='word_1_162' title='bbox 1053 2446 1152 2510; x_wconf 81' lang='lat' dir='ltr'><strong>supra</strong></span> <span class='ocrx_word' id='word_1_163' title='bbox 1165 2445 1196 2509; x_wconf 92' lang='lat' dir='ltr'><strong><em>p.</em></strong></span> <span class='ocrx_word' id='word_1_164' title='bbox 1210 2424 1273 2510; x_wconf 87' lang='lat'><strong>16).</strong></span> 
     </span>
     <span class='ocr_line' id='line_1_21' title="bbox 138 2524 868 2607; baseline 0.004 -19"><span class='ocrx_word' id='word_1_165' title='bbox 138 2524 194 2589; x_wconf 89' lang='lat' dir='ltr'><strong><em>Or.</em></strong></span> <span class='ocrx_word' id='word_1_166' title='bbox 217 2528 267 2607; x_wconf 85' lang='grc'><strong><em>53,</em></strong></span> <span class='ocrx_word' id='word_1_167' title='bbox 285 2530 334 2590; x_wconf 85' lang='grc'><strong><em>15.</em></strong></span> <span class='ocrx_word' id='word_1_168' title='bbox 373 2525 575 2591; x_wconf 65' lang='grc' dir='ltr'><strong><em>Βαθυλλίου.</em></strong></span> <span class='ocrx_word' id='word_1_169' title='bbox 590 2525 621 2591; x_wconf 81' lang='lat' dir='ltr'><strong>A</strong></span> <span class='ocrx_word' id='word_1_170' title='bbox 644 2526 685 2592; x_wconf 80' lang='lat' dir='ltr'><strong><em>ad</em></strong></span> <span class='ocrx_word' id='word_1_171' title='bbox 704 2527 742 2594; x_wconf 90' lang='grc'><strong><em>11.</em></strong></span> <span class='ocrx_word' id='word_1_172' title='bbox 754 2530 784 2591; x_wconf 90' lang='grc' dir='ltr'><em>Ρ</em></span> <span class='ocrx_word' id='word_1_173' title='bbox 798 2531 868 2592; x_wconf 89' lang='grc'><strong><em>136.</em></strong></span> 
     </span>
    </p>
   </div>
   <div class='ocr_carea' id='block_1_5' title="bbox 136 2633 1275 3169">
    <p class='ocr_par' dir='ltr' id='par_1_9' title="bbox 226 2633 684 2724">
     <span class='ocr_line' id='line_1_22' title="bbox 226 2633 684 2724; baseline -0.007 -17"><span class='ocrx_word' id='word_1_174' title='bbox 226 2638 272 2707; x_wconf 82' lang='grc'><strong>65</strong></span> <span class='ocrx_word' id='word_1_175' title='bbox 295 2633 472 2724; x_wconf 74' lang='grc' dir='ltr'><strong><em>ἐρυτρόςε</em></strong></span> <span class='ocrx_word' id='word_1_176' title='bbox 507 2661 537 2704; x_wconf 91' lang='lat' dir='ltr'><strong><em>v.</em></strong></span> <span class='ocrx_word' id='word_1_177' title='bbox 560 2634 684 2705; x_wconf 82' lang='grc' dir='ltr'><strong><em>αἰδοῖα.</em></strong></span> 
     </span>
    </p>

    <p class='ocr_par' dir='ltr' id='par_1_10' title="bbox 224 2743 839 2838">
     <span class='ocr_line' id='line_1_23' title="bbox 224 2743 839 2838; baseline -0.002 -18"><span class='ocrx_word' id='word_1_178' title='bbox 224 2751 271 2820; x_wconf 90' lang='grc'><strong><em>66</em></strong></span> <span class='ocrx_word' id='word_1_179' title='bbox 295 2743 510 2836; x_wconf 77' lang='grc' dir='ltr'><strong><em>εὖοίνυμοςε</em></strong></span> <span class='ocrx_word' id='word_1_180' title='bbox 545 2774 574 2815; x_wconf 87' lang='lat' dir='ltr'><strong><em>v.</em></strong></span> <span class='ocrx_word' id='word_1_181' title='bbox 599 2744 763 2838; x_wconf 75' lang='grc' dir='ltr'><strong><em>ἀριστερά.</em></strong></span> <span class='ocrx_word' id='word_1_182' title='bbox 836 2815 839 2819; x_wconf 78' lang='grc'>,</span> 
     </span>
    </p>

    <p class='ocr_par' dir='ltr' id='par_1_11' title="bbox 224 2853 700 2953">
     <span class='ocr_line' id='line_1_24' title="bbox 224 2853 700 2953; baseline -0.002 -23"><span class='ocrx_word' id='word_1_183' title='bbox 224 2862 270 2932; x_wconf 83' lang='grc'><strong>67</strong></span> <span class='ocrx_word' id='word_1_184' title='bbox 295 2859 501 2952; x_wconf 76' lang='grc' dir='ltr'><strong><em>έφήβαιονε</em></strong></span> <span class='ocrx_word' id='word_1_185' title='bbox 538 2887 568 2929; x_wconf 89' lang='lat' dir='ltr'><strong><em>v.</em></strong></span> <span class='ocrx_word' id='word_1_186' title='bbox 592 2853 700 2953; x_wconf 76' lang='grc' dir='ltr'><strong><em>ἦτρον.</em></strong></span> 
     </span>
    </p>

    <p class='ocr_par' dir='ltr' id='par_1_12' title="bbox 136 2963 1275 3169">
     <span class='ocr_line' id='line_1_25' title="bbox 225 2963 1275 3065; baseline -0.001 -22"><span class='ocrx_word' id='word_1_187' title='bbox 225 2973 272 3043; x_wconf 88' lang='grc'><strong>68</strong></span> <span class='ocrx_word' id='word_1_188' title='bbox 294 2963 420 3064; x_wconf 76' lang='grc' dir='ltr'><strong><em>ἧπαρε</em></strong></span> <span class='ocrx_word' id='word_1_189' title='bbox 455 2967 525 3041; x_wconf 86' lang='grc' dir='ltr'><strong><em>άπὸ</em></strong></span> <span class='ocrx_word' id='word_1_190' title='bbox 547 2976 606 3040; x_wconf 84' lang='grc' dir='ltr'><strong><em>τού</em></strong></span> <span class='ocrx_word' id='word_1_191' title='bbox 628 2973 776 3063; x_wconf 72' lang='grc' dir='ltr'><strong><em>ἐπῆρθαι</em></strong></span> <span class='ocrx_word' id='word_1_192' title='bbox 799 2972 855 3040; x_wconf 90' lang='grc' dir='ltr'><strong><em>καί</em></strong></span> <span class='ocrx_word' id='word_1_193' title='bbox 871 2977 1117 3063; x_wconf 83' lang='grc' dir='ltr'><strong><em>κεκυρτῶσθαι·</em></strong></span> <span class='ocrx_word' id='word_1_194' title='bbox 1139 2971 1161 3065; x_wconf 71' lang='grc' dir='ltr'>ἢ</span> <span class='ocrx_word' id='word_1_195' title='bbox 1182 2973 1275 3065; x_wconf 80' lang='grc' dir='ltr'><strong><em>παρὰ</em></strong></span> 
     </span>
     <span class='ocr_line' id='line_1_26' title="bbox 136 3069 1275 3169; baseline 0.003 -25"><span class='ocrx_word' id='word_1_196' title='bbox 136 3074 176 3145; x_wconf 84' lang='grc' dir='ltr'><strong><em>τὸ</em></strong></span> <span class='ocrx_word' id='word_1_197' title='bbox 206 3075 397 3164; x_wconf 86' lang='grc' dir='ltr'><strong><em>ἐπαρδεύειν</em></strong></span> <span class='ocrx_word' id='word_1_198' title='bbox 428 3074 493 3166; x_wconf 81' lang='grc' dir='ltr'><strong><em>ὅλῳ</em></strong></span> <span class='ocrx_word' id='word_1_199' title='bbox 523 3081 570 3166; x_wconf 77' lang='grc' dir='ltr'><strong><em>τῷ</em></strong></span> <span class='ocrx_word' id='word_1_200' title='bbox 598 3074 726 3163; x_wconf 85' lang='grc' dir='ltr'><strong><em>σώματι</em></strong></span> <span class='ocrx_word' id='word_1_201' title='bbox 755 3069 856 3163; x_wconf 77' lang='grc' dir='ltr'><strong><em>αἷμα·</em></strong></span> <span class='ocrx_word' id='word_1_202' title='bbox 890 3074 914 3168; x_wconf 75' lang='grc' dir='ltr'>ἢ</span> <span class='ocrx_word' id='word_1_203' title='bbox 935 3075 1028 3165; x_wconf 86' lang='grc' dir='ltr'><strong><em>παρὰ</em></strong></span> <span class='ocrx_word' id='word_1_204' title='bbox 1054 3076 1093 3146; x_wconf 91' lang='grc' dir='ltr'><strong><em>τδ</em></strong></span> <span class='ocrx_word' id='word_1_205' title='bbox 1118 3076 1202 3169; x_wconf 74' lang='grc' dir='ltr'><strong><em>ἥδω,</em></strong></span> <span class='ocrx_word' id='word_1_206' title='bbox 1236 3077 1275 3148; x_wconf 89' lang='grc' dir='ltr'><strong><em>τδ</em></strong></span> 
     </span>
    </p>
   </div>
   <div class='ocr_carea' id='block_1_6' title="bbox 137 3171 1381 3274">
    <p class='ocr_par' dir='ltr' id='par_1_13' title="bbox 137 3171 1381 3274">
     <span class='ocr_line' id='line_1_27' title="bbox 137 3171 1381 3274; baseline 0.003 -26"><span class='ocrx_word' id='word_1_207' title='bbox 137 3175 313 3270; x_wconf 86' lang='grc' dir='ltr'><strong><em>εύφραίνω,</em></strong></span> <span class='ocrx_word' id='word_1_208' title='bbox 337 3171 422 3272; x_wconf 77' lang='grc' dir='ltr'><strong><em>ἧδαρ</em></strong></span> <span class='ocrx_word' id='word_1_209' title='bbox 445 3181 501 3249; x_wconf 89' lang='grc' dir='ltr'><strong><em>καί</em></strong></span> <span class='ocrx_word' id='word_1_210' title='bbox 525 3171 632 3272; x_wconf 73' lang='grc' dir='ltr'><strong><em>ἧπαρ·</em></strong></span> <span class='ocrx_word' id='word_1_211' title='bbox 662 3181 695 3248; x_wconf 83' lang='grc' dir='ltr'><strong><em>ἐν</em></strong></span> <span class='ocrx_word' id='word_1_212' title='bbox 722 3177 784 3270; x_wconf 81' lang='grc' dir='ltr'><strong><em>γὰρ</em></strong></span> <span class='ocrx_word' id='word_1_213' title='bbox 805 3179 911 3270; x_wconf 85' lang='grc' dir='ltr'><strong><em>τούτῳ</em></strong></span> <span class='ocrx_word' id='word_1_214' title='bbox 933 3180 990 3248; x_wconf 88' lang='grc' dir='ltr'><strong><em>καί</em></strong></span> <span class='ocrx_word' id='word_1_215' title='bbox 1013 3179 1055 3248; x_wconf 83' lang='grc' dir='ltr'><strong><em>τὰ</em></strong></span> <span class='ocrx_word' id='word_1_216' title='bbox 1077 3184 1136 3271; x_wconf 78' lang='grc' dir='ltr'><strong><em>τῆς</em></strong></span> <span class='ocrx_word' id='word_1_217' title='bbox 1155 3184 1274 3274; x_wconf 71' lang='grc' dir='ltr'><strong><em>ἡδονῆς</em></strong></span> <span class='ocrx_word' id='word_1_218' title='bbox 1378 3259 1381 3266; x_wconf 52' lang='grc'><strong>,</strong></span> 
     </span>
    </p>
   </div>
   <div class='ocr_carea' id='block_1_7' title="bbox 133 3279 1275 4109">
    <p class='ocr_par' dir='ltr' id='par_1_14' title="bbox 137 3279 1275 3472">
     <span class='ocr_line' id='line_1_28' title="bbox 137 3279 1275 3376; baseline 0.002 -25"><span class='ocrx_word' id='word_1_219' title='bbox 137 3284 195 3351; x_wconf 87' lang='grc' dir='ltr'><strong><em>καί</em></strong></span> <span class='ocrx_word' id='word_1_220' title='bbox 231 3280 273 3351; x_wconf 81' lang='grc' dir='ltr'><strong><em>τά</em></strong></span> <span class='ocrx_word' id='word_1_221' title='bbox 303 3287 362 3375; x_wconf 78' lang='grc' dir='ltr'><strong><em>τῆς</em></strong></span> <span class='ocrx_word' id='word_1_222' title='bbox 390 3282 593 3370; x_wconf 86' lang='grc' dir='ltr'><strong><em>ἐπιθυμίας·</em></strong></span> <span class='ocrx_word' id='word_1_223' title='bbox 634 3279 686 3352; x_wconf 77' lang='grc' dir='ltr'><strong><em>ὅτι</em></strong></span> <span class='ocrx_word' id='word_1_224' title='bbox 716 3284 772 3352; x_wconf 86' lang='grc' dir='ltr'><strong><em>καί</em></strong></span> <span class='ocrx_word' id='word_1_225' title='bbox 806 3282 924 3365; x_wconf 84' lang='grc' dir='ltr'><strong><em>Τιτυὸς</em></strong></span> <span class='ocrx_word' id='word_1_226' title='bbox 960 3281 1017 3351; x_wconf 80' lang='grc' dir='ltr'><strong><em>διὰ</em></strong></span> <span class='ocrx_word' id='word_1_227' title='bbox 1052 3287 1111 3352; x_wconf 81' lang='grc' dir='ltr'><strong><em>τοῦ</em></strong></span> <span class='ocrx_word' id='word_1_228' title='bbox 1145 3283 1275 3376; x_wconf 77' lang='grc' dir='ltr'><strong><em>ἥπατος</em></strong></span> 
     </span>
     <span class='ocr_line' id='line_1_29' title="bbox 137 3385 836 3472; baseline 0.001 -16"><span class='ocrx_word' id='word_1_229' title='bbox 137 3385 322 3471; x_wconf 80' lang='grc' dir='ltr'><strong><em>κολάζεται.</em></strong></span> <span class='ocrx_word' id='word_1_230' title='bbox 368 3391 447 3457; x_wconf 84' lang='lat' dir='ltr'><strong>Mel.</strong></span> <span class='ocrx_word' id='word_1_231' title='bbox 473 3394 544 3471; x_wconf 81' lang='lat'>102,</span> <span class='ocrx_word' id='word_1_232' title='bbox 561 3394 612 3455; x_wconf 80' lang='lat'><strong><em>26.</em></strong></span> <span class='ocrx_word' id='word_1_233' title='bbox 658 3391 714 3458; x_wconf 92' lang='lat' dir='ltr'><strong><em>Or.</em></strong></span> <span class='ocrx_word' id='word_1_234' title='bbox 737 3393 789 3472; x_wconf 83' lang='lat'><strong><em>68,</em></strong></span> <span class='ocrx_word' id='word_1_235' title='bbox 806 3395 836 3458; x_wconf 88' lang='grc'><strong><em>3.</em></strong></span> 
     </span>
    </p>

    <p class='ocr_par' dir='ltr' id='par_1_15' title="bbox 133 3491 1275 4109">
     <span class='ocr_line' id='line_1_30' title="bbox 225 3491 1271 3591; baseline -0.007 -19"><span class='ocrx_word' id='word_1_236' title='bbox 225 3502 272 3571; x_wconf 90' lang='grc'><strong>69</strong></span> <span class='ocrx_word' id='word_1_237' title='bbox 294 3491 426 3591; x_wconf 75' lang='grc' dir='ltr'><strong><em>ἦτρονε</em></strong></span> <span class='ocrx_word' id='word_1_238' title='bbox 451 3497 545 3588; x_wconf 85' lang='grc' dir='ltr'><strong><em>παρὰ</em></strong></span> <span class='ocrx_word' id='word_1_239' title='bbox 567 3497 605 3568; x_wconf 82' lang='grc' dir='ltr'><strong><em>τὸ</em></strong></span> <span class='ocrx_word' id='word_1_240' title='bbox 628 3498 768 3588; x_wconf 72' lang='grc' dir='ltr'><strong><em>ἔντερον·</em></strong></span> <span class='ocrx_word' id='word_1_241' title='bbox 790 3496 813 3591; x_wconf 75' lang='grc' dir='ltr'><em>ἢ</em></span> <span class='ocrx_word' id='word_1_242' title='bbox 834 3501 870 3568; x_wconf 84' lang='grc' dir='ltr'><strong><em>ἐκ</em></strong></span> <span class='ocrx_word' id='word_1_243' title='bbox 892 3503 952 3568; x_wconf 79' lang='grc' dir='ltr'><strong><em>τοῦ</em></strong></span> <span class='ocrx_word' id='word_1_244' title='bbox 972 3502 1056 3590; x_wconf 79' lang='grc' dir='ltr'><strong><em>ίημι,</em></strong></span> <span class='ocrx_word' id='word_1_245' title='bbox 1079 3496 1118 3568; x_wconf 83' lang='grc' dir='ltr'><strong><em>τὸ</em></strong></span> <span class='ocrx_word' id='word_1_246' title='bbox 1133 3499 1271 3584; x_wconf 81' lang='grc' dir='ltr'><strong><em>πέμπω,</em></strong></span> 
     </span>
     <span class='ocr_line' id='line_1_31' title="bbox 137 3596 1271 3695; baseline -0.002 -24"><span class='ocrx_word' id='word_1_247' title='bbox 137 3606 258 3694; x_wconf 79' lang='grc' dir='ltr'><strong><em>ἱήτρον,</em></strong></span> <span class='ocrx_word' id='word_1_248' title='bbox 281 3604 338 3671; x_wconf 87' lang='grc' dir='ltr'><strong><em>καί</em></strong></span> <span class='ocrx_word' id='word_1_249' title='bbox 362 3599 535 3694; x_wconf 79' lang='grc' dir='ltr'><strong><em>ἀφαιρέσει</em></strong></span> <span class='ocrx_word' id='word_1_250' title='bbox 558 3607 616 3672; x_wconf 84' lang='grc' dir='ltr'><strong><em>τοῦ</em></strong></span> <span class='ocrx_word' id='word_1_251' title='bbox 638 3618 655 3670; x_wconf 85' lang='grc' dir='ltr'><em>ῖ</em></span> <span class='ocrx_word' id='word_1_252' title='bbox 675 3596 782 3695; x_wconf 77' lang='grc' dir='ltr'><strong><em>ἦτρον,</em></strong></span> <span class='ocrx_word' id='word_1_253' title='bbox 805 3601 850 3673; x_wconf 86' lang='grc' dir='ltr'><strong><em>τδ</em></strong></span> <span class='ocrx_word' id='word_1_254' title='bbox 865 3604 1002 3690; x_wconf 82' lang='grc' dir='ltr'><strong><em>πέμπον</em></strong></span> <span class='ocrx_word' id='word_1_255' title='bbox 1022 3600 1061 3672; x_wconf 88' lang='grc' dir='ltr'><strong><em>τὸ</em></strong></span> <span class='ocrx_word' id='word_1_256' title='bbox 1078 3600 1271 3691; x_wconf 89' lang='grc' dir='ltr'><strong><em>περίττωμα</em></strong></span> 
     </span>
     <span class='ocr_line' id='line_1_32' title="bbox 136 3701 1274 3799; baseline -0.002 -24"><span class='ocrx_word' id='word_1_257' title='bbox 136 3706 237 3775; x_wconf 88' lang='grc' dir='ltr'><strong><em>κάτω.</em></strong></span> <span class='ocrx_word' id='word_1_258' title='bbox 271 3705 345 3799; x_wconf 78' lang='grc' dir='ltr'><strong><em>έφή</em></strong></span> <span class='ocrx_word' id='word_1_259' title='bbox 352 3715 375 3793; x_wconf 82' lang='grc' dir='ltr'>β</span> <span class='ocrx_word' id='word_1_260' title='bbox 382 3733 471 3776; x_wconf 89' lang='grc' dir='ltr'><strong><em>αιον</em></strong></span> <span class='ocrx_word' id='word_1_261' title='bbox 493 3708 538 3789; x_wconf 90' lang='grc' dir='ltr'><strong><em>δέ,</em></strong></span> <span class='ocrx_word' id='word_1_262' title='bbox 562 3705 679 3777; x_wconf 86' lang='grc' dir='ltr'><strong><em>διὰτὸ</em></strong></span> <span class='ocrx_word' id='word_1_263' title='bbox 701 3706 826 3795; x_wconf 82' lang='grc' dir='ltr'><strong><em>βαίνειν</em></strong></span> <span class='ocrx_word' id='word_1_264' title='bbox 848 3705 908 3788; x_wconf 81' lang='grc' dir='ltr'><strong><em>τὰς</em></strong></span> <span class='ocrx_word' id='word_1_265' title='bbox 929 3705 1042 3795; x_wconf 85' lang='grc' dir='ltr'><strong><em>τρίχας</em></strong></span> <span class='ocrx_word' id='word_1_266' title='bbox 1064 3706 1139 3787; x_wconf 78' lang='grc' dir='ltr'><strong><em>ἐκεῖ,</em></strong></span> <span class='ocrx_word' id='word_1_267' title='bbox 1161 3701 1274 3793; x_wconf 79' lang='grc' dir='ltr'><strong><em>ὀλίγας</em></strong></span> 
     </span>
     <span class='ocr_line' id='line_1_33' title="bbox 139 3807 1275 3902; baseline -0.002 -24"><span class='ocrx_word' id='word_1_268' title='bbox 139 3837 176 3879; x_wconf 85' lang='grc' dir='ltr'><strong><em>τε</em></strong></span> <span class='ocrx_word' id='word_1_269' title='bbox 199 3810 255 3878; x_wconf 86' lang='grc' dir='ltr'><strong><em>καί</em></strong></span> <span class='ocrx_word' id='word_1_270' title='bbox 278 3809 407 3899; x_wconf 86' lang='grc' dir='ltr'><strong><em>μικράς,</em></strong></span> <span class='ocrx_word' id='word_1_271' title='bbox 432 3808 515 3879; x_wconf 75' lang='grc' dir='ltr'><strong><em>ὥστε</em></strong></span> <span class='ocrx_word' id='word_1_272' title='bbox 536 3809 636 3897; x_wconf 91' lang='grc' dir='ltr'><strong><em>μόνον</em></strong></span> <span class='ocrx_word' id='word_1_273' title='bbox 658 3815 765 3902; x_wconf 80' lang='grc' dir='ltr'><strong><em>βῆναι,</em></strong></span> <span class='ocrx_word' id='word_1_274' title='bbox 789 3808 886 3898; x_wconf 83' lang='grc' dir='ltr'><strong><em>βαιὸς</em></strong></span> <span class='ocrx_word' id='word_1_275' title='bbox 907 3808 968 3899; x_wconf 81' lang='grc' dir='ltr'><strong><em>μὰρ</em></strong></span> <span class='ocrx_word' id='word_1_276' title='bbox 990 3812 1009 3876; x_wconf 87' lang='grc' dir='ltr'><strong><em>δ</em></strong></span> <span class='ocrx_word' id='word_1_277' title='bbox 1029 3807 1154 3897; x_wconf 84' lang='grc' dir='ltr'><strong><em>μικρός.</em></strong></span> <span class='ocrx_word' id='word_1_278' title='bbox 1198 3810 1275 3877; x_wconf 82' lang='grc' dir='ltr'><strong><em>6δέ</em></strong></span> 
     </span>
     <span class='ocr_line' id='line_1_34' title="bbox 135 3909 1272 4006; baseline -0.002 -24"><span class='ocrx_word' id='word_1_279' title='bbox 135 3918 195 4004; x_wconf 83' lang='grc' dir='ltr'><strong><em>τῆς</em></strong></span> <span class='ocrx_word' id='word_1_280' title='bbox 222 3912 304 4004; x_wconf 80' lang='grc' dir='ltr'><strong><em>ἥβης</em></strong></span> <span class='ocrx_word' id='word_1_281' title='bbox 330 3913 444 4003; x_wconf 90' lang='grc' dir='ltr'><strong><em>χρόνος</em></strong></span> <span class='ocrx_word' id='word_1_282' title='bbox 479 3909 633 4003; x_wconf 75' lang='grc' dir='ltr'><strong><em>ἀόριστος</em></strong></span> <span class='ocrx_word' id='word_1_283' title='bbox 667 3912 724 3983; x_wconf 84' lang='grc' dir='ltr'><strong><em>διὰ</em></strong></span> <span class='ocrx_word' id='word_1_284' title='bbox 761 3913 821 4006; x_wconf 79' lang='grc' dir='ltr'><strong><em>τὴν</em></strong></span> <span class='ocrx_word' id='word_1_285' title='bbox 852 3910 1028 4004; x_wconf 75' lang='grc' dir='ltr'><strong><em>άνισόττχτα</em></strong></span> <span class='ocrx_word' id='word_1_286' title='bbox 1056 3917 1115 3982; x_wconf 79' lang='grc' dir='ltr'><strong><em>τοῦ</em></strong></span> <span class='ocrx_word' id='word_1_287' title='bbox 1141 3911 1174 3980; x_wconf 79' lang='grc' dir='ltr'><strong><em>έν</em></strong></span> <span class='ocrx_word' id='word_1_288' title='bbox 1201 3919 1272 3994; x_wconf 87' lang='grc' dir='ltr'><strong><em>τοῖς</em></strong></span> 
     </span>
     <span class='ocr_line' id='line_1_35' title="bbox 133 4014 1072 4109; baseline 0.001 -23"><span class='ocrx_word' id='word_1_289' title='bbox 133 4014 335 4108; x_wconf 58' lang='grc' dir='ltr'><strong><em>ἠλάσκουσιν</em></strong></span> <span class='ocrx_word' id='word_1_290' title='bbox 357 4015 502 4109; x_wconf 76' lang='grc' dir='ltr'><strong><em>ἐμφύτου</em></strong></span> <span class='ocrx_word' id='word_1_291' title='bbox 525 4022 661 4107; x_wconf 82' lang='grc' dir='ltr'><strong><em>θερμοῦ,</em></strong></span> <span class='ocrx_word' id='word_1_292' title='bbox 685 4020 742 4087; x_wconf 87' lang='grc' dir='ltr'><strong><em>καί</em></strong></span> <span class='ocrx_word' id='word_1_293' title='bbox 762 4015 919 4099; x_wconf 85' lang='grc' dir='ltr'><strong><em>Ἡσίοδος</em></strong></span> <span class='ocrx_word' id='word_1_294' title='bbox 1067 4088 1072 4097; x_wconf 71' lang='grc'><strong>,</strong></span> 
     </span>
    </p>
   </div>
   <div class='ocr_carea' id='block_1_8' title="bbox 224 4201 1065 4342">
    <p class='ocr_par' dir='ltr' id='par_1_16' title="bbox 224 4201 1065 4342">
     <span class='ocr_line' id='line_1_36' title="bbox 224 4201 984 4271; baseline 0.003 -16"><span class='ocrx_word' id='word_1_295' title='bbox 224 4206 248 4271; x_wconf 72' lang='lat'><strong><em>¹)</em></strong></span> <span class='ocrx_word' id='word_1_296' title='bbox 267 4202 410 4256; x_wconf 82' lang='grc' dir='ltr'><strong><em>καλύπτων</em></strong></span> <span class='ocrx_word' id='word_1_297' title='bbox 428 4203 575 4265; x_wconf 62' lang='lat' dir='ltr'><strong>Homerum</strong></span> <span class='ocrx_word' id='word_1_298' title='bbox 593 4201 722 4257; x_wconf 87' lang='lat' dir='ltr'><strong>nonnulli</strong></span> <span class='ocrx_word' id='word_1_299' title='bbox 741 4202 819 4257; x_wconf 72' lang='lat' dir='ltr'><strong>codd.</strong></span> <span class='ocrx_word' id='word_1_300' title='bbox 838 4201 984 4257; x_wconf 81' lang='grc' dir='ltr'><strong><em>καλύπτον.</em></strong></span> 
     </span>
     <span class='ocr_line' id='line_1_37' title="bbox 1014 4288 1065 4342; baseline -0.02 0"><span class='ocrx_word' id='word_1_301' title='bbox 1014 4288 1065 4342; x_wconf 73' lang='grc'><strong><em>18*</em></strong></span> 
     </span>
    </p>
   </div>
   <div class='ocr_carea' id='block_1_9' title="bbox 0 0 1490 4814">
    <p class='ocr_par' dir='ltr' id='par_1_17' title="bbox 0 0 1490 4814">
     <span class='ocr_line' id='line_1_38' title="bbox 0 0 1490 4814; baseline 0 1"><span class='ocrx_word' id='word_1_302' title='bbox 0 0 1490 4814; x_wconf 95' lang='lat' dir='ltr'><strong><em> </em></strong></span> 
     </span>
    </p>
   </div>
  </div>
 </body>
</html>
