2948 4808
614 668 715 741 Paas
741 669 768 741 1.

253 796 328 897 nu
358 760 1144 898 sncninicusonuu'uuuunu

465 946 521 1046 iu
553 945 909 1111 οισι-τισιν.

118 1289 180 1354 ΒΕ
199 1288 594 1356 SACRIFIOULORUM
614 1184 745 1354 AOIlllII)
762 1287 971 1370 GRAECOS
989 1286 1255 1354 GENERIBUS.

517 1423 724 1592 Saertssdull
742 1520 869 1588 Attlel.

213 1628 493 1713 Significationem
510 1629 598 1694 voeis
619 1621 789 1713 ἱεροποιός
809 1627 889 1693 satis
905 1628 972 1692 lato
988 1632 1102 1713 patere
1119 1632 1258 1712 apparet

121 1754 165 1796 ex
188 1731 227 1795 iis
252 1751 336 1816 quae
353 1731 471 1796 Strabo
487 1730 572 1795 VIII
589 1734 618 1811 7,
637 1735 650 1794 1
677 1729 718 1796 de
742 1736 895 1818 quattuor
910 1729 1061 1794 tribubus
1077 1729 1199 1794 Ionicis
1215 1730 1255 1794 ab

116 1836 199 1900 Ione
222 1834 326 1899 Xuthi
356 1835 408 1899 rel
439 1834 546 1921 potius
567 1834 730 1920 Apollinis
754 1839 787 1899 et
810 1831 955 1898 Creusae
979 1832 1045 1897 filio
1070 1833 1256 1897 constitutis

117 1945 243 2004 narrat:
281 1938 373 2002 illum
400 1960 473 2003 eum
504 1937 602 2004 rebus
633 1943 746 2002 contra
769 1936 914 2003 Thraces
936 1937 1064 2001 fortiter
1087 1937 1191 2022 gestis
1215 1936 1256 2002 de

118 2044 251 2108 Atticae
282 2042 395 2106 ineolis
419 2042 588 2127 praeclare
612 2042 748 2107 meritus
773 2048 877 2123 esset,
901 2040 942 2106 ab
967 2040 1008 2105 iis
1031 2062 1084 2105 res
1107 2039 1256 2125 publicas

115 2148 151 2212 in
167 2145 316 2211 ordinem
330 2145 480 2232 redigere
497 2147 621 2211 iussum
638 2152 790 2232 quattuor
806 2168 848 2211 ex
864 2145 988 2210 ratione
1002 2143 1131 2210 vivendi
1144 2151 1256 2231 partes

117 2250 334 2316 multitudinis
362 2250 616 2316 Atheniensium
645 2250 778 2316 fecisse:
827 2243 1000 2336 γεωργούς,
1032 2242 1256 2336 δημιουργούς,

122 2348 320 2440 ἱεροποιοῦς,
345 2349 507 2442 φύλακαςτ
530 2393 572 2406 -
586 2346 661 2420 ’'va
683 2352 719 2420 δὲ
741 2347 818 2432 τοὺς
837 2355 906 2438 μετ’
922 2346 1099 2437 Εὐμόλπου
1122 2345 1258 2441 νικήσας

119 2458 254 2547 Θρᾷκας
283 2452 368 2524 οὕτω
391 2450 621 2545 ηὐδοκίμησεν,
653 2452 732 2523 ὥστ’
756 2455 942 2544 ἐπέτρεψαν
964 2449 1054 2544 aioni
1075 2451 1135 2544 τὴν
1157 2455 1255 2521 ruodt-

114 2558 208 2628 τείαν
231 2558 262 2630 oi
282 2554 468 2649 Ἀθηναῖοι.
493 2555 510 2629 ὃ
527 2560 564 2628 δὲ
578 2563 710 2648 πρῶτον
724 2560 784 2647 μὲν
801 2557 848 2641 εἷς
862 2560 1019 2647 τέτταρας
1035 2554 1140 2649 φυλὰς
1156 2559 1255 2626 διεῖλε

112 2660 153 2732 τὸ
176 2666 325 2755 πλῆθος,
353 2657 425 2732 εἶτα
448 2661 496 2745 εἰς
521 2663 678 2752 τέτταρας
699 2662 802 2752 βίους·
828 2662 905 2744 τοὺς
926 2663 985 2750 μὲν
1013 2659 1074 2751 γὰρ
1097 2658 1256 2751 γεωργοὺς

115 2763 281 2850 ἀπέδειξε,
299 2763 376 2848 τοὺς
391 2768 427 2836 δὲ
443 2764 666 2858 δημιουργούς,
683 2763 760 2848 τοὺς
776 2767 812 2836 δὲ
828 2763 1065 2855 ἱεροποιούς,
1081 2762 1255 2853 τετάρτους

115 2872 154 2939 δὲ
176 2868 334 2961 φύλακας·
359 2875 498 2940 τσιαῖτα
521 2872 558 2940 δὲ
579 2869 684 2939 πλείω
708 2867 868 2954 διατάξας
887 2868 946 2962 τὴν
960 2867 1067 2958 χώραν
1081 2866 1253 2956 ἐπώνυμον

115 2974 237 3044 ἑαυτοῦ
259 2973 443 3043 κατέλιπεν.

203 3079 277 3154 Qua
308 3080 341 3144 in
373 3079 559 3144 narratione
593 3083 719 3143 tantum
747 3077 841 3143 abest
869 3083 905 3141 ut
934 3072 1099 3162 ἱεροιιοιοί
1128 3085 1252 3142 eertum

116 3184 325 3252 sacerdotum
348 3182 493 3248 ordinem
517 3182 713 3267 significent,
737 3182 842 3268 qualis
864 3180 950 3268 apud
971 3182 1094 3246 nullam
1109 3203 1251 3266 unquam

116 3291 317 3356 Graecorum
341 3294 473 3375 gentem
496 3287 558 3351 fuit
581 3285 638 3374 (ef.
660 3287 763 3354 lsoer.
786 3285 827 3351 ad
843 3285 967 3351 Niooel.
984 3286 1004 3364 ξ
1021 3290 1054 3349 5:
1080 3280 1252 3372 ἱερωσύνην

113 3389 242 3472 παντὸς
263 3386 380 3479 ἀνδρὸς
400 3383 483 3458 εἶναι
499 3386 711 3475 νομίζουσιν),
735 3397 772 3455 ut
797 3412 910 3455 omnes
927 3392 1052 3477 eosqui
1070 3398 1103 3455 et
1120 3389 1250 3476 publiea

114 3504 148 3565 et
181 3498 333 3585 priuatim
370 3496 546 3582 religiones
582 3496 688 3559 colere
720 3495 849 3560 soleant
879 3493 1020 3559 fabellae
1051 3497 1163 3559 auctor
1190 3494 1250 3559 hoe

113 3604 244 3669 nomine
268 3602 374 3667 notari
398 3602 468 3666 sine
492 3598 591 3664 dubio
614 3598 765 3663 voluerit.

203 3705 357 3771 Ceterum
387 3710 539 3792 quattuor
566 3703 622 3768 illa
650 3704 783 3768 nomina
809 3701 895 3790 apud
924 3703 1030 3766 solum
1055 3700 1250 3767 Strabonem

112 3814 351 3876 memorantur:
380 3830 464 3895 qnae
487 3806 628 3872 tribuum
647 3807 831 3871 nominibus
852 3828 927 3871 vere
948 3799 1250 3892 Attieis‘'07clrsceg,

108 3908 294 4000 Ἀργαὸεῖς,
318 3906 526 3998 Αἰγικορεῖς,
551 3907 719 3989 Γελέοντος
748 3909 788 3975 ab
812 3917 943 3980 auctore
968 3909 1039 3974 eius
1061 3910 1146 3974 male
1171 3910 1248 3975 sub-

110 4021 300 4087 stituuntur.

199 4123 246 4187 Iis
272 4143 349 4187 vero
377 4120 577 4207 temporibus
606 4141 690 4207 quae
714 4118 756 4184 ad
779 4119 946 4184 historiam
970 4120 1075 4205 ipsam
1099 4122 1249 4205 spectant

110 4227 369 4294 sacrificulorum
392 4223 605 4292 discernenda
628 4230 702 4289 sunt
724 4223 805 4289 haee
829 4245 963 4309 genera:
