2956 4822
618 277 715 366 [rra]

618 472 636 554 s
663 474 712 537 rs.

198 633 342 697 Primum
358 631 485 717 quidem
509 632 607 714 legati
631 651 702 694 cum
727 653 801 716 rege
818 633 1037 698 disseruerunt
1060 636 1100 699 de
1123 616 1232 719 pretiis

92 738 258 804 domorum
282 735 432 801 Lebediis
465 734 627 799 soluendis
666 757 744 820 quas
780 736 810 798 lri
835 737 1013 823 relinquere
1037 740 1234 822 cogebantur

92 843 147 924 (cf.
165 864 196 928 p.
217 844 263 905 19.
281 841 347 921 22).
373 838 445 914 Qua
461 838 501 904 de
517 860 551 902 re
567 839 663 903 etiarn
681 849 777 906 antea
793 863 828 905 ss
845 841 1037 908 deliberasse
1052 845 1234 928 Antigonus

91 946 199 1009 refert.
245 945 387 1010 Pecunia
419 945 503 1009 euim
534 964 628 1029 quam
651 942 719 1009 Teii
745 945 900 1031 expedire
935 955 1101 1032 poterant,
1133 970 1235 1034 parua

92 1057 172 1130 orat,
196 1069 267 1112 cum
285 1048 437 1132 pecuniae
455 1046 634 1112 ordinariae
650 1068 760 1113 eorum
778 1049 874 1114 certis
891 1057 1013 1114 tantum
1030 1052 1233 1136 temporibus

91 1154 242 1217 redirent,
290 1153 362 1216 Hoc
394 1150 472 1215 illud
504 1160 553 1216 est
585 1151 671 1237 quod
702 1153 890 1238 exprimitur
923 1155 1030 1219 uerbis
1055 1153 1091 1218 roi
1115 1153 1147 1218 iu
1170 1157 1233 1219 τοῖν

93 1254 249 1340 προσόδιον
273 1253 413 1337 γινόμενα
436 1252 511 1317 κατὰ
525 1253 654 1338 χρόνους
670 1254 943 1338 προσπορεύεσθαι,
966 1280 1048 1342 quac
1065 1257 1167 1324 uerba
1192 1258 1233 1324 de

92 1361 314 1440 redeuntibus,
338 1381 401 1424 non
426 1359 465 1423 de
486 1360 634 1443 expensis
658 1360 801 1444 pecuniis
825 1360 1041 1445 intellegenda
1069 1383 1138 1427 esse
1161 1362 1230 1426 iure

92 1475 205 1532 monet
234 1463 519 1547 Dittenbergerus,
550 1484 622 1529 cum
646 1463 908 1550 Waddiugtonus
937 1466 1156 1552 suppleuerit:
1190 1467 1233 1543 εἰς

93 1568 182 1650 ἄλλο,
206 1571 266 1634 hac
281 1589 358 1632 usus
374 1567 654 1650 interpretatione:
680 1588 795 1652 „parce
815 1589 879 1654 qne
903 1576 976 1633 tous
1000 1590 1058 1635 vos
1075 1591 1233 1637 rerenues

91 1675 222 1739 avaient
245 1668 383 1735 d’autres
400 1671 642 1735 destinations“.
676 1671 780 1736 Immo
798 1673 945 1757 quoniam
962 1674 1069 1738 statim
1087 1684 1233 1761 sumptus

17 1779 20 1785 '
91 1781 169 1846 satis
178 1773 566 1862 magnidesiderabantur‚
577 1774 698 1839 reditus
709 1775 859 1840 ordinarii
873 1777 1045 1842 maioribus
1058 1780 1233 1846 interuallis

90 1883 252 1962 redibant,
286 1879 332 1942 bis
366 1878 406 1942 ad
438 1879 509 1942 illos
544 1878 760 1965 procurandos
793 1879 864 1943 Teii
895 1881 942 1944 uti
973 1903 1035 1945 non
1068 1890 1230 1968 poterant.

91 1988 176 2052 Huic
208 1995 314 2050 tamen
345 1984 522 2047 sententiae
552 2003 593 2047 ns
624 1983 655 2046 id
686 1983 814 2068 quidem
844 1983 930 2068 quod
961 1984 1231 2071 Dittenbergerus

89 2090 274 2156 dubitanter
289 2084 462 2173 suppleam
485 2085 657 2171 διαφόρους,
680 2085 828 2152 suilicere
853 2088 990 2153 uidetur.
1027 2087 1130 2154 Certis
1147 2091 1231 2155 enim

90 2192 288 2279 temporibus
320 2191 430 2255 saltem
464 2189 558 2254 Teios
597 2189 717 2255 reditus
750 2212 824 2255 suos
855 2201 1042 2277 exspectare
1077 2195 1231 2278 potuisse,

90 2299 150 2364 nisi
185 2318 235 2361 res
269 2315 380 2359 eorum
412 2314 541 2378 prorsus
574 2294 779 2376 perturbatae
811 2305 916 2376 crant,
948 2318 1067 2361 sumas,
1114 2298 1229 2384 Itaque

90 2401 166 2466 κατὰ
185 2397 318 2484 χρόνους
343 2432 379 2442 -
403 2395 608 2479 μακροτέρους
633 2399 738 2481 potius
763 2400 922 2484 suppleui.

196 2504 286 2578 Quae
311 2523 380 2565 cum
406 2502 449 2563 ita
472 2513 588 2582 essent,
613 2501 792 2586 Antigonus
825 2503 966 2586 legatos,
989 2505 1043 2588 qni
1067 2503 1107 2567 de
1133 2524 1172 2569 ea
1195 2527 1229 2569 re

90 2611 130 2675 ad
156 2630 227 2675 aum
253 2607 461 2687 rettulerunt,
485 2606 577 2669 iussit
600 2608 789 2671 sententiam
815 2607 938 2687 dicere,
967 2609 1051 2671 unde
1074 2609 1230 2693 pecuniae

90 2712 362 2779 extraordinariae
394 2710 569 2793 comparari
600 2720 740 2793 possent.
786 2713 893 2795 Atque
921 2711 965 2775 illi
998 2711 1232 2797 responderunt
1268 2718 1269 2722 ’

92 2838 188 2883 unam
212 2823 334 2880 tantum
358 2815 442 2877 niam
467 2813 582 2898 quaid
609 2813 690 2878 effici
714 2825 840 2900 posset,
865 2815 1006 2879 relictam
1030 2835 1110 2896 esse,
1135 2837 1231 2901 quam

88 2943 149 2988 rex
187 2921 262 2984 satis
292 2919 434 2984 obscuris
468 2918 625 3002 significat
656 2918 762 2982 uerbis
787 2913 823 2980 ni
846 2924 911 3000 περὶ
935 2917 973 2983 τοὶ
998 2917 1080 3002 τέλη.
1127 2919 1230 2994 Quam

91 3026 319 3091 obscuritatem
349 3021 423 3085 inde
456 3031 557 3091 ortam
588 3041 656 3084 esso
681 3020 803 3102 iudico,
838 3020 924 3105 quod
955 3023 1052 3104 legati
1083 3043 1144 3086 non
1170 3024 1228 3087 nisi

90 3129 229 3196 ciuitatis
252 3128 340 3190 iussn
358 3127 454 3188 locuti
479 3127 552 3206 sint,
576 3126 619 3188 ita
642 3133 677 3189 ut
693 3123 779 3189 Teiis
796 3126 1012 3210 explicatione
1028 3126 1116 3191 nullo
1134 3127 1229 3192 modo

91 3256 173 3320 opus
198 3239 291 3297 esset.
332 3229 398 3293 Nos
421 3228 549 3314 quidem
565 3229 639 3313 quid
664 3229 721 3294 sibi
739 3229 841 3292 uelint
864 3228 917 3292 illa
933 3229 1034 3292 uerba
1056 3229 1231 3296 decernere

90 3359 155 3402 non
187 3356 371 3421 possemus,
403 3333 461 3396 nisi
495 3333 675 3417 Antigonus
706 3332 779 3396 lruic
810 3333 941 3397 oonsilio
974 3332 1128 3398 adsensus
1161 3355 1231 3399 esse

93 3441 270 3505 uideretur.
314 3436 394 3521 Τὲλη
419 3437 501 3500 eninr
526 3437 713 3522 plerumque
737 3437 863 3522 quidem
889 3437 1059 3521 uectigalia
1081 3447 1165 3514 sunt,
1191 3440 1230 3505 de

93 3544 208 3631 quibus
226 3552 334 3609 tamon
351 3543 411 3606 boe
428 3544 497 3607 loco
516 3544 648 3627 cogitari
666 3564 729 3606 non
746 3551 862 3628 potest,
879 3564 949 3607 curn
966 3564 1004 3606 ca
1026 3543 1057 3607 iu
1072 3541 1232 3607 redituum

91 3649 323 3714 ordinariorum
354 3669 487 3713 numero
520 3656 606 3710 certe
640 3646 774 3732 fuerint,
805 3669 886 3732 quos
920 3646 960 3710 ad
994 3668 1063 3711 eam
1095 3646 1135 3710 de
1166 3667 1231 3732 qua

90 3754 198 3839 agitur
221 3774 288 3818 rem
309 3774 374 3817 uon
398 3752 545 3817 sulficere
570 3773 629 3815 rex
646 3753 788 3837 exponit.
830 3749 913 3834 Τέλη
935 3760 1043 3814 autem
1067 3749 1229 3814 interdum

90 3859 187 3924 etiam
211 3857 264 3921 alii
282 3856 401 3921 reditus
426 3856 543 3940 publici
560 3855 709 3919 dicuntur
722 3858 740 3920 ¹.
781 3855 871 3929 Quae
888 3875 959 3918 cum
977 3855 1021 3918 its
1038 3855 1112 3936 siut,
1135 3855 1231 3919 etiam

94 4000 297 4009 Μ...-

196 4073 205 4106 ¹
224 4071 262 4123 Ut
283 4069 354 4135 apud
371 4069 579 4121 Demosthenem
600 4065 649 4128 (or.
668 4064 710 4128 bil,
726 4065 758 4119 19
771 4083 796 4132 p.
810 4065 889 4128 tob:
909 4066 932 4118 οἶ
950 4071 993 4131 μὲν
1010 4071 1095 4118 τοίνυν
1109 4064 1232 4117 nlovmai'·

91 4182 164 4213 raros
182 4162 384 4227 τριηραρχοῦντες
408 4154 443 4207 dri
465 4156 513 4207 τῶν
536 4151 662 4223 poppysma
684 4152 778 4214 vindat,-
795 4150 963 4222 ὑπάρχουσιν,
982 4152 1006 4203 oi
1024 4148 1050 4200 δ’
1068 4151 1163 4202 ἶλᾶττω
1180 4150 1233 4202 τῶν

90 4245 184 4300 inurar
201 4255 349 4312 κεκτημίνοι,
368 4243 414 4310 τήν
431 4241 569 4312 «ἕνογκαίαν
586 4239 697 4294 driirnra
709 4245 817 4310 ἔχοντος,
836 4244 881 4300 ἔξω
900 4239 948 4292 rod
966 4235 1052 4298 τέλους
1064 4240 1108 4290 siai
1129 4235 1232 4291 rosires.

92 4334 205 4401 Autiplt.
224 4332 283 4397 (3,ἶῖ
309 4328 348 4400 (p.
373 4329 425 4392 138
448 4329 494 4384 οὔκ
512 4333 579 4382 dom
600 4359 631 4369 -
649 4326 707 4382 οὔδ’
732 4327 828 4394 ἧστινος
854 4331 1004 4398 λειτουργίας
1028 4322 1042 4393 'i
1062 4328 1131 4384 πόλις
1149 4322 1233 4393 dederis
1260 4370 1262 4375 ,
