<?xml version="1.0" encoding="UTF-8"?>
<!DOCTYPE html PUBLIC "-//W3C//DTD XHTML 1.0 Transitional//EN"
    "http://www.w3.org/TR/xhtml1/DTD/xhtml1-transitional.dtd">
<html xmlns="http://www.w3.org/1999/xhtml" xml:lang="en" lang="en">
 <head>
  <title>
</title>
<meta http-equiv="Content-Type" content="text/html;charset=utf-8" />
  <meta name='ocr-system' content='tesseract 3.04.00' />
  <meta name='ocr-capabilities' content='ocr_page ocr_carea ocr_par ocr_line ocrx_word'/>
</head>
<body>
  <div class='ocr_page' id='page_1' title='image "./dissertationesp00stragoog/dissertationesp00stragoog_0660.png"; bbox 0 0 3030 4816; ppageno 0'>
   <div class='ocr_carea' id='block_1_1' title="bbox 669 282 1278 368">
    <p class='ocr_par' dir='ltr' id='par_1_1' title="bbox 669 282 1278 368">
     <span class='ocr_line' id='line_1_1' title="bbox 669 282 1278 368; baseline 0.01 -20"><span class='ocrx_word' id='word_1_1' title='bbox 669 282 759 368; x_wconf 75' lang='lat'>[343]</span> <span class='ocrx_word' id='word_1_2' title='bbox 1240 290 1278 354; x_wconf 80' lang='lat'><strong>51</strong></span> 
     </span>
    </p>
   </div>
   <div class='ocr_carea' id='block_1_2' title="bbox 149 473 1296 4213">
    <p class='ocr_par' dir='ltr' id='par_1_2' title="bbox 149 473 1288 1914">
     <span class='ocr_line' id='line_1_2' title="bbox 149 473 1282 563; baseline 0.006 -25"><span class='ocrx_word' id='word_1_3' title='bbox 149 473 264 538; x_wconf 90' lang='lat' dir='ltr'><strong>iterum</strong></span> <span class='ocrx_word' id='word_1_4' title='bbox 299 474 435 556; x_wconf 87' lang='lat' dir='ltr'><strong>referre,</strong></span> <span class='ocrx_word' id='word_1_5' title='bbox 473 476 569 539; x_wconf 90' lang='lat' dir='ltr'><strong>immo</strong></span> <span class='ocrx_word' id='word_1_6' title='bbox 605 476 750 541; x_wconf 88' lang='lat' dir='ltr'><strong>maluerit</strong></span> <span class='ocrx_word' id='word_1_7' title='bbox 784 499 852 542; x_wconf 86' lang='lat' dir='ltr'><strong>earn</strong></span> <span class='ocrx_word' id='word_1_8' title='bbox 888 487 998 563; x_wconf 87' lang='lat' dir='ltr'><strong>postea</strong></span> <span class='ocrx_word' id='word_1_9' title='bbox 1031 480 1099 543; x_wconf 86' lang='lat' dir='ltr'><strong>aliis</strong></span> <span class='ocrx_word' id='word_1_10' title='bbox 1135 481 1282 545; x_wconf 90' lang='lat' dir='ltr'><strong>ludorum</strong></span> 
     </span>
     <span class='ocr_line' id='line_1_3' title="bbox 149 579 1283 669; baseline 0.005 -27"><span class='ocrx_word' id='word_1_11' title='bbox 149 579 350 644; x_wconf 82' lang='lat' dir='ltr'><strong>curatoribus</strong></span> <span class='ocrx_word' id='word_1_12' title='bbox 376 579 494 644; x_wconf 89' lang='lat' dir='ltr'><strong>iterum</strong></span> <span class='ocrx_word' id='word_1_13' title='bbox 518 580 676 663; x_wconf 85' lang='lat' dir='ltr'><strong>vendere,</strong></span> <span class='ocrx_word' id='word_1_14' title='bbox 709 602 790 666; x_wconf 89' lang='lat' dir='ltr'><strong>quae</strong></span> <span class='ocrx_word' id='word_1_15' title='bbox 820 582 947 666; x_wconf 90' lang='lat' dir='ltr'><strong>quidem</strong></span> <span class='ocrx_word' id='word_1_16' title='bbox 981 605 1040 669; x_wconf 82' lang='lat' dir='ltr'><strong>pro</strong></span> <span class='ocrx_word' id='word_1_17' title='bbox 1074 605 1158 648; x_wconf 87' lang='lat' dir='ltr'><strong>nova</strong></span> <span class='ocrx_word' id='word_1_18' title='bbox 1190 592 1283 668; x_wconf 87' lang='lat' dir='ltr'><strong>esset,</strong></span> 
     </span>
     <span class='ocr_line' id='line_1_4' title="bbox 150 683 1285 772; baseline 0.007 -27"><span class='ocrx_word' id='word_1_19' title='bbox 150 703 221 746; x_wconf 90' lang='lat' dir='ltr'><strong>cum</strong></span> <span class='ocrx_word' id='word_1_20' title='bbox 253 683 339 767; x_wconf 86' lang='lat' dir='ltr'><strong>prius</strong></span> <span class='ocrx_word' id='word_1_21' title='bbox 372 704 476 769; x_wconf 89' lang='lat' dir='ltr'><strong>neque</strong></span> <span class='ocrx_word' id='word_1_22' title='bbox 510 685 646 768; x_wconf 90' lang='lat' dir='ltr'><strong>spectari</strong></span> <span class='ocrx_word' id='word_1_23' title='bbox 679 705 781 770; x_wconf 90' lang='lat' dir='ltr'><strong>neque</strong></span> <span class='ocrx_word' id='word_1_24' title='bbox 812 687 961 769; x_wconf 79' lang='lat' dir='ltr'><strong>cognosci</strong></span> <span class='ocrx_word' id='word_1_25' title='bbox 994 690 1150 772; x_wconf 88' lang='lat' dir='ltr'><strong>potuerit:</strong></span> <span class='ocrx_word' id='word_1_26' title='bbox 1189 689 1219 753; x_wconf 91' lang='lat' dir='ltr'><strong>id</strong></span> <span class='ocrx_word' id='word_1_27' title='bbox 1252 690 1285 753; x_wconf 96' lang='lat' dir='ltr'><strong>in</strong></span> 
     </span>
     <span class='ocr_line' id='line_1_5' title="bbox 151 786 1283 878; baseline 0.007 -29"><span class='ocrx_word' id='word_1_28' title='bbox 151 786 256 851; x_wconf 85' lang='lat' dir='ltr'><strong>verbis</strong></span> <span class='ocrx_word' id='word_1_29' title='bbox 280 787 357 871; x_wconf 88' lang='lat' dir='ltr'><strong>ipsis</strong></span> <span class='ocrx_word' id='word_1_30' title='bbox 380 808 444 851; x_wconf 91' lang='lat' dir='ltr'><strong>non</strong></span> <span class='ocrx_word' id='word_1_31' title='bbox 466 787 558 852; x_wconf 88' lang='lat' dir='ltr'><strong>inest.</strong></span> <span class='ocrx_word' id='word_1_32' title='bbox 593 788 635 853; x_wconf 84' lang='lat' dir='ltr'><strong>Et</strong></span> <span class='ocrx_word' id='word_1_33' title='bbox 657 789 818 873; x_wconf 91' lang='lat' dir='ltr'><strong>quomodo</strong></span> <span class='ocrx_word' id='word_1_34' title='bbox 834 790 923 872; x_wconf 91' lang='lat' dir='ltr'><strong>illud,</strong></span> <span class='ocrx_word' id='word_1_35' title='bbox 946 792 1030 875; x_wconf 92' lang='lat' dir='ltr'><strong>quod</strong></span> <span class='ocrx_word' id='word_1_36' title='bbox 1047 814 1118 856; x_wconf 88' lang='lat' dir='ltr'><strong>raro</strong></span> <span class='ocrx_word' id='word_1_37' title='bbox 1135 793 1283 878; x_wconf 84' lang='lat' dir='ltr'><strong>exemplo</strong></span> 
     </span>
     <span class='ocr_line' id='line_1_6' title="bbox 151 889 1286 978; baseline 0.007 -26"><span class='ocrx_word' id='word_1_38' title='bbox 151 890 182 953; x_wconf 91' lang='lat' dir='ltr'><strong>in</strong></span> <span class='ocrx_word' id='word_1_39' title='bbox 197 890 354 954; x_wconf 86' lang='lat' dir='ltr'><strong>Eunucho</strong></span> <span class='ocrx_word' id='word_1_40' title='bbox 372 889 491 954; x_wconf 87' lang='lat' dir='ltr'><strong>factum</strong></span> <span class='ocrx_word' id='word_1_41' title='bbox 509 898 569 971; x_wconf 86' lang='lat' dir='ltr'><strong>est,</strong></span> <span class='ocrx_word' id='word_1_42' title='bbox 593 897 628 955; x_wconf 93' lang='lat' dir='ltr'><strong>ut</strong></span> <span class='ocrx_word' id='word_1_43' title='bbox 644 891 690 955; x_wconf 86' lang='lat' dir='ltr'><strong>bis</strong></span> <span class='ocrx_word' id='word_1_44' title='bbox 708 892 858 977; x_wconf 82' lang='lat' dir='ltr'><strong>deinceps</strong></span> <span class='ocrx_word' id='word_1_45' title='bbox 874 903 1034 978; x_wconf 80' lang='lat' dir='ltr'><strong>ageretur,</strong></span> <span class='ocrx_word' id='word_1_46' title='bbox 1056 917 1129 959; x_wconf 91' lang='lat' dir='ltr'><strong>eum</strong></span> <span class='ocrx_word' id='word_1_47' title='bbox 1147 896 1286 960; x_wconf 91' lang='lat' dir='ltr'><strong>omnium</strong></span> 
     </span>
     <span class='ocr_line' id='line_1_7' title="bbox 149 993 1286 1083; baseline 0.005 -27"><span class='ocrx_word' id='word_1_48' title='bbox 149 993 297 1081; x_wconf 84' lang='lat' dir='ltr'><strong>plausum</strong></span> <span class='ocrx_word' id='word_1_49' title='bbox 320 994 428 1077; x_wconf 83' lang='lat' dir='ltr'><strong>terret,</strong></span> <span class='ocrx_word' id='word_1_50' title='bbox 450 994 536 1060; x_wconf 89' lang='lat' dir='ltr'><strong>idem</strong></span> <span class='ocrx_word' id='word_1_51' title='bbox 558 995 687 1061; x_wconf 88' lang='lat' dir='ltr'><strong>licuisse</strong></span> <span class='ocrx_word' id='word_1_52' title='bbox 710 1003 826 1083; x_wconf 89' lang='lat' dir='ltr'><strong>poetae</strong></span> <span class='ocrx_word' id='word_1_53' title='bbox 850 998 1021 1082; x_wconf 87' lang='lat' dir='ltr'><strong>impetrare</strong></span> <span class='ocrx_word' id='word_1_54' title='bbox 1051 998 1081 1062; x_wconf 94' lang='lat' dir='ltr'><strong>in</strong></span> <span class='ocrx_word' id='word_1_55' title='bbox 1114 1019 1152 1062; x_wconf 82' lang='lat' dir='ltr'><strong>ea</strong></span> <span class='ocrx_word' id='word_1_56' title='bbox 1176 998 1286 1064; x_wconf 86' lang='lat' dir='ltr'><strong>fabula</strong></span> 
     </span>
     <span class='ocr_line' id='line_1_8' title="bbox 151 1100 1286 1186; baseline 0.004 -24"><span class='ocrx_word' id='word_1_57' title='bbox 151 1103 340 1182; x_wconf 88' lang='lat' dir='ltr'><strong>statuamus,</strong></span> <span class='ocrx_word' id='word_1_58' title='bbox 364 1120 445 1183; x_wconf 89' lang='lat' dir='ltr'><strong>quac</strong></span> <span class='ocrx_word' id='word_1_59' title='bbox 469 1101 624 1184; x_wconf 89' lang='lat' dir='ltr'><strong>populum</strong></span> <span class='ocrx_word' id='word_1_60' title='bbox 648 1100 809 1186; x_wconf 90' lang='lat' dir='ltr'><strong>stupidum</strong></span> <span class='ocrx_word' id='word_1_61' title='bbox 833 1124 852 1165; x_wconf 85' lang='lat' dir='ltr'><strong>a</strong></span> <span class='ocrx_word' id='word_1_62' title='bbox 874 1101 1052 1167; x_wconf 83' lang='lat' dir='ltr'><strong>funambuli</strong></span> <span class='ocrx_word' id='word_1_63' title='bbox 1076 1102 1286 1167; x_wconf 87' lang='lat' dir='ltr'><strong>admiratione</strong></span> 
     </span>
     <span class='ocr_line' id='line_1_9' title="bbox 151 1202 1286 1289; baseline 0.004 -24"><span class='ocrx_word' id='word_1_64' title='bbox 151 1203 310 1269; x_wconf 90' lang='lat' dir='ltr'><strong>abducere</strong></span> <span class='ocrx_word' id='word_1_65' title='bbox 345 1225 409 1268; x_wconf 95' lang='lat' dir='ltr'><strong>non</strong></span> <span class='ocrx_word' id='word_1_66' title='bbox 445 1205 618 1269; x_wconf 80' lang='lat' dir='ltr'><strong>valuisset?</strong></span> <span class='ocrx_word' id='word_1_67' title='bbox 665 1204 773 1278; x_wconf 85' lang='lat' dir='ltr'><strong>Quid?</strong></span> <span class='ocrx_word' id='word_1_68' title='bbox 810 1202 874 1289; x_wconf 88' lang='lat' dir='ltr'><strong>‘pro</strong></span> <span class='ocrx_word' id='word_1_69' title='bbox 908 1202 998 1269; x_wconf 86' lang='lat' dir='ltr'><strong>nova&#39;</strong></span> <span class='ocrx_word' id='word_1_70' title='bbox 1036 1229 1107 1271; x_wconf 89' lang='lat' dir='ltr'><strong>earn</strong></span> <span class='ocrx_word' id='word_1_71' title='bbox 1144 1206 1286 1271; x_wconf 84' lang='lat' dir='ltr'><strong>fabulam</strong></span> 
     </span>
     <span class='ocr_line' id='line_1_10' title="bbox 151 1308 1286 1395; baseline 0.004 -25"><span class='ocrx_word' id='word_1_72' title='bbox 151 1308 291 1372; x_wconf 86' lang='lat' dir='ltr'><strong>vendere</strong></span> <span class='ocrx_word' id='word_1_73' title='bbox 314 1308 405 1372; x_wconf 89' lang='lat' dir='ltr'><strong>alteri</strong></span> <span class='ocrx_word' id='word_1_74' title='bbox 427 1308 575 1373; x_wconf 90' lang='lat' dir='ltr'><strong>ludorum</strong></span> <span class='ocrx_word' id='word_1_75' title='bbox 608 1309 747 1374; x_wconf 88' lang='lat' dir='ltr'><strong>curatori</strong></span> <span class='ocrx_word' id='word_1_76' title='bbox 777 1308 849 1375; x_wconf 89' lang='lat' dir='ltr'><strong>ideo</strong></span> <span class='ocrx_word' id='word_1_77' title='bbox 878 1308 1010 1392; x_wconf 87' lang='lat' dir='ltr'><strong>licebat,</strong></span> <span class='ocrx_word' id='word_1_78' title='bbox 1041 1310 1126 1395; x_wconf 94' lang='lat' dir='ltr'><strong>quod</strong></span> <span class='ocrx_word' id='word_1_79' title='bbox 1156 1317 1286 1395; x_wconf 90' lang='lat' dir='ltr'><strong>propter</strong></span> 
     </span>
     <span class='ocr_line' id='line_1_11' title="bbox 150 1409 1286 1499; baseline 0.003 -24"><span class='ocrx_word' id='word_1_80' title='bbox 150 1412 261 1497; x_wconf 92' lang='lat' dir='ltr'><strong>populi</strong></span> <span class='ocrx_word' id='word_1_81' title='bbox 293 1409 472 1494; x_wconf 84' lang='lat' dir='ltr'><strong>fastidium,</strong></span> <span class='ocrx_word' id='word_1_82' title='bbox 504 1413 581 1477; x_wconf 89' lang='lat' dir='ltr'><strong>dum</strong></span> <span class='ocrx_word' id='word_1_83' title='bbox 611 1435 696 1478; x_wconf 84' lang='lat' dir='ltr'><strong>nora</strong></span> <span class='ocrx_word' id='word_1_84' title='bbox 725 1414 846 1496; x_wconf 83' lang='lat' dir='ltr'><strong>agitur,</strong></span> <span class='ocrx_word' id='word_1_85' title='bbox 876 1435 981 1499; x_wconf 91' lang='lat' dir='ltr'><strong>neque</strong></span> <span class='ocrx_word' id='word_1_86' title='bbox 1009 1412 1152 1498; x_wconf 89' lang='lat' dir='ltr'><strong>‘spectari</strong></span> <span class='ocrx_word' id='word_1_87' title='bbox 1182 1435 1286 1499; x_wconf 88' lang='lat' dir='ltr'><strong>neque</strong></span> 
     </span>
     <span class='ocr_line' id='line_1_12' title="bbox 150 1513 1285 1602; baseline 0.003 -22"><span class='ocrx_word' id='word_1_88' title='bbox 150 1513 306 1601; x_wconf 82' lang='lat' dir='ltr'><strong>cognosci</strong></span> <span class='ocrx_word' id='word_1_89' title='bbox 328 1517 475 1602; x_wconf 78' lang='lat' dir='ltr'><strong>potuit?l</strong></span> <span class='ocrx_word' id='word_1_90' title='bbox 522 1517 573 1581; x_wconf 86' lang='lat' dir='ltr'><strong>lta</strong></span> <span class='ocrx_word' id='word_1_91' title='bbox 597 1539 659 1602; x_wconf 93' lang='lat' dir='ltr'><strong>quo</strong></span> <span class='ocrx_word' id='word_1_92' title='bbox 684 1539 767 1602; x_wconf 91' lang='lat' dir='ltr'><strong>quae</strong></span> <span class='ocrx_word' id='word_1_93' title='bbox 789 1516 898 1581; x_wconf 87' lang='lat' dir='ltr'><strong>fabula</strong></span> <span class='ocrx_word' id='word_1_94' title='bbox 921 1519 1059 1602; x_wconf 84' lang='lat' dir='ltr'><strong>ineptior</strong></span> <span class='ocrx_word' id='word_1_95' title='bbox 1083 1526 1152 1583; x_wconf 88' lang='lat' dir='ltr'><strong>erat</strong></span> <span class='ocrx_word' id='word_1_96' title='bbox 1175 1525 1207 1583; x_wconf 89' lang='lat' dir='ltr'><strong>et</strong></span> <span class='ocrx_word' id='word_1_97' title='bbox 1223 1539 1285 1602; x_wconf 94' lang='lat' dir='ltr'><strong>quo</strong></span> 
     </span>
     <span class='ocr_line' id='line_1_13' title="bbox 150 1619 1288 1707; baseline 0.002 -24"><span class='ocrx_word' id='word_1_98' title='bbox 150 1619 285 1685; x_wconf 88' lang='lat' dir='ltr'><strong>celerius</strong></span> <span class='ocrx_word' id='word_1_99' title='bbox 308 1628 423 1686; x_wconf 85' lang='lat' dir='ltr'><strong>exacta</strong></span> <span class='ocrx_word' id='word_1_100' title='bbox 445 1629 502 1700; x_wconf 90' lang='lat' dir='ltr'><strong>est,</strong></span> <span class='ocrx_word' id='word_1_101' title='bbox 526 1644 564 1686; x_wconf 90' lang='lat' dir='ltr'><strong>eo</strong></span> <span class='ocrx_word' id='word_1_102' title='bbox 589 1622 715 1706; x_wconf 86' lang='lat' dir='ltr'><strong>saepius</strong></span> <span class='ocrx_word' id='word_1_103' title='bbox 732 1630 894 1705; x_wconf 90' lang='lat' dir='ltr'><strong>tamquam</strong></span> <span class='ocrx_word' id='word_1_104' title='bbox 912 1644 1025 1707; x_wconf 90' lang='lat' dir='ltr'><strong>parum</strong></span> <span class='ocrx_word' id='word_1_105' title='bbox 1042 1622 1168 1707; x_wconf 84' lang='lat' dir='ltr'><strong>cognita</strong></span> <span class='ocrx_word' id='word_1_106' title='bbox 1184 1623 1288 1707; x_wconf 92' lang='lat' dir='ltr'><strong>repeti</strong></span> 
     </span>
     <span class='ocr_line' id='line_1_14' title="bbox 149 1722 1287 1812; baseline 0.003 -24"><span class='ocrx_word' id='word_1_107' title='bbox 149 1724 213 1810; x_wconf 86' lang='lat' dir='ltr'><strong>‘pro</strong></span> <span class='ocrx_word' id='word_1_108' title='bbox 237 1722 330 1791; x_wconf 88' lang='lat' dir='ltr'><strong>nova&#39;</strong></span> <span class='ocrx_word' id='word_1_109' title='bbox 354 1732 490 1810; x_wconf 88' lang='lat' dir='ltr'><strong>poterat.</strong></span> <span class='ocrx_word' id='word_1_110' title='bbox 537 1725 615 1791; x_wconf 84' lang='lat' dir='ltr'><strong>Eius</strong></span> <span class='ocrx_word' id='word_1_111' title='bbox 639 1726 725 1790; x_wconf 89' lang='lat' dir='ltr'><strong>modi</strong></span> <span class='ocrx_word' id='word_1_112' title='bbox 747 1734 855 1791; x_wconf 88' lang='lat' dir='ltr'><strong>autem</strong></span> <span class='ocrx_word' id='word_1_113' title='bbox 880 1727 1076 1791; x_wconf 87' lang='lat' dir='ltr'><strong>comoediam</strong></span> <span class='ocrx_word' id='word_1_114' title='bbox 1104 1726 1287 1812; x_wconf 90' lang='lat' dir='ltr'><strong>putabimus</strong></span> 
     </span>
     <span class='ocr_line' id='line_1_15' title="bbox 149 1829 967 1914; baseline 0.002 -23"><span class='ocrx_word' id='word_1_115' title='bbox 149 1829 284 1893; x_wconf 90' lang='lat' dir='ltr'><strong>alterum</strong></span> <span class='ocrx_word' id='word_1_116' title='bbox 307 1836 481 1914; x_wconf 89' lang='lat' dir='ltr'><strong>emptorem</strong></span> <span class='ocrx_word' id='word_1_117' title='bbox 507 1830 599 1893; x_wconf 84' lang='lat' dir='ltr'><strong>facile</strong></span> <span class='ocrx_word' id='word_1_118' title='bbox 621 1831 824 1895; x_wconf 90' lang='lat' dir='ltr'><strong>inventuram</strong></span> <span class='ocrx_word' id='word_1_119' title='bbox 847 1829 967 1894; x_wconf 77' lang='lat' dir='ltr'><strong>fuisse?</strong></span> 
     </span>
    </p>

    <p class='ocr_par' dir='ltr' id='par_1_3' title="bbox 150 1933 1295 3798">
     <span class='ocr_line' id='line_1_16' title="bbox 254 1933 1288 2018; baseline 0.001 -21"><span class='ocrx_word' id='word_1_120' title='bbox 254 1935 367 2018; x_wconf 84' lang='lat' dir='ltr'><strong>Longe</strong></span> <span class='ocrx_word' id='word_1_121' title='bbox 398 1933 525 1999; x_wconf 85' lang='lat' dir='ltr'><strong>diversa</strong></span> <span class='ocrx_word' id='word_1_122' title='bbox 555 1955 596 1998; x_wconf 86' lang='lat' dir='ltr'><strong>ex</strong></span> <span class='ocrx_word' id='word_1_123' title='bbox 625 1934 727 1999; x_wconf 90' lang='lat' dir='ltr'><strong>isdem</strong></span> <span class='ocrx_word' id='word_1_124' title='bbox 763 1935 905 1999; x_wconf 85' lang='lat' dir='ltr'><strong>versibus</strong></span> <span class='ocrx_word' id='word_1_125' title='bbox 941 1935 1116 2000; x_wconf 84' lang='lat' dir='ltr'><strong>effecerunt</strong></span> <span class='ocrx_word' id='word_1_126' title='bbox 1147 1933 1227 1998; x_wconf 71' lang='lat' dir='ltr'><strong>Illac</strong></span> <span class='ocrx_word' id='word_1_127' title='bbox 1256 1941 1288 1998; x_wconf 86' lang='lat' dir='ltr'><strong>et</strong></span> 
     </span>
     <span class='ocr_line' id='line_1_17' title="bbox 151 2036 1289 2124; baseline 0.002 -23"><span class='ocrx_word' id='word_1_128' title='bbox 151 2037 321 2104; x_wconf 65' lang='lat' dir='ltr'><strong>baturato.</strong></span> <span class='ocrx_word' id='word_1_129' title='bbox 371 2039 479 2124; x_wconf 82' lang='lat' dir='ltr'><strong>Atque</strong></span> <span class='ocrx_word' id='word_1_130' title='bbox 515 2039 595 2103; x_wconf 77' lang='grc'><strong>111110</strong></span> <span class='ocrx_word' id='word_1_131' title='bbox 630 2036 850 2112; x_wconf 86' lang='lat' dir='ltr'><strong>‘Quaestiones</strong></span> <span class='ocrx_word' id='word_1_132' title='bbox 888 2038 1105 2103; x_wconf 87' lang='lat' dir='ltr'><strong>Terentianae&#39;</strong></span> <span class='ocrx_word' id='word_1_133' title='bbox 1140 2039 1172 2103; x_wconf 91' lang='lat' dir='ltr'><strong>in</strong></span> <span class='ocrx_word' id='word_1_134' title='bbox 1208 2042 1289 2103; x_wconf 88' lang='lat' dir='ltr'><strong>sent.</strong></span> 
     </span>
     <span class='ocr_line' id='line_1_18' title="bbox 151 2142 1287 2209; baseline 0.002 -3"><span class='ocrx_word' id='word_1_135' title='bbox 151 2150 248 2208; x_wconf 90' lang='lat' dir='ltr'><strong>contr.</strong></span> <span class='ocrx_word' id='word_1_136' title='bbox 279 2148 316 2208; x_wconf 93' lang='grc'><strong>11</strong></span> <span class='ocrx_word' id='word_1_137' title='bbox 350 2153 461 2209; x_wconf 88' lang='lat' dir='ltr'><strong>eontra</strong></span> <span class='ocrx_word' id='word_1_138' title='bbox 490 2144 700 2209; x_wconf 78' lang='lat' dir='ltr'><strong>Bitschelium</strong></span> <span class='ocrx_word' id='word_1_139' title='bbox 730 2144 895 2209; x_wconf 87' lang='lat' dir='ltr'><strong>contendit</strong></span> <span class='ocrx_word' id='word_1_140' title='bbox 918 2142 1066 2208; x_wconf 83' lang='lat' dir='ltr'><strong>‘Terentii</strong></span> <span class='ocrx_word' id='word_1_141' title='bbox 1097 2150 1205 2209; x_wconf 89' lang='lat' dir='ltr'><strong>aetate</strong></span> <span class='ocrx_word' id='word_1_142' title='bbox 1234 2164 1287 2208; x_wconf 89' lang='lat' dir='ltr'><strong>eas</strong></span> 
     </span>
     <span class='ocr_line' id='line_1_19' title="bbox 152 2247 1290 2335; baseline -0.001 -24"><span class='ocrx_word' id='word_1_143' title='bbox 152 2247 294 2331; x_wconf 81' lang='lat' dir='ltr'><strong>fabulas,</strong></span> <span class='ocrx_word' id='word_1_144' title='bbox 329 2271 408 2335; x_wconf 89' lang='lat' dir='ltr'><strong>quas</strong></span> <span class='ocrx_word' id='word_1_145' title='bbox 440 2270 541 2313; x_wconf 87' lang='lat' dir='ltr'><strong>novas</strong></span> <span class='ocrx_word' id='word_1_146' title='bbox 576 2248 790 2312; x_wconf 87' lang='lat' dir='ltr'><strong>vendidissent</strong></span> <span class='ocrx_word' id='word_1_147' title='bbox 823 2257 955 2334; x_wconf 87' lang='lat' dir='ltr'><strong>poetae,</strong></span> <span class='ocrx_word' id='word_1_148' title='bbox 989 2253 1160 2333; x_wconf 87' lang='lat' dir='ltr'><strong>postquam</strong></span> <span class='ocrx_word' id='word_1_149' title='bbox 1190 2248 1290 2312; x_wconf 90' lang='lat' dir='ltr'><strong>semel</strong></span> 
     </span>
     <span class='ocr_line' id='line_1_20' title="bbox 153 2349 1288 2437; baseline -0.004 -19"><span class='ocrx_word' id='word_1_150' title='bbox 153 2363 244 2419; x_wconf 91' lang='lat' dir='ltr'><strong>actae</strong></span> <span class='ocrx_word' id='word_1_151' title='bbox 278 2361 383 2432; x_wconf 87' lang='lat' dir='ltr'><strong>erant,</strong></span> <span class='ocrx_word' id='word_1_152' title='bbox 418 2354 450 2416; x_wconf 91' lang='lat' dir='ltr'><strong>in</strong></span> <span class='ocrx_word' id='word_1_153' title='bbox 484 2352 656 2416; x_wconf 86' lang='lat' dir='ltr'><strong>dominium</strong></span> <span class='ocrx_word' id='word_1_154' title='bbox 692 2352 824 2416; x_wconf 86' lang='lat' dir='ltr'><strong>rediisse</strong></span> <span class='ocrx_word' id='word_1_155' title='bbox 854 2351 1039 2435; x_wconf 89' lang='lat' dir='ltr'><strong>poetarum&#39;.</strong></span> <span class='ocrx_word' id='word_1_156' title='bbox 1075 2350 1174 2437; x_wconf 90' lang='lat' dir='ltr'><strong>(quod</strong></span> <span class='ocrx_word' id='word_1_157' title='bbox 1195 2349 1288 2434; x_wconf 84' lang='lat' dir='ltr'><strong>¹idem</strong></span> 
     </span>
     <span class='ocr_line' id='line_1_21' title="bbox 154 2452 1288 2540; baseline -0.007 -15"><span class='ocrx_word' id='word_1_158' title='bbox 154 2459 271 2525; x_wconf 80' lang='lat' dir='ltr'><strong>Bcclccr</strong></span> <span class='ocrx_word' id='word_1_159' title='bbox 307 2457 365 2522; x_wconf 89' lang='lat' dir='ltr'><strong>‘De</strong></span> <span class='ocrx_word' id='word_1_160' title='bbox 400 2458 617 2522; x_wconf 90' lang='lat' dir='ltr'><strong>Romanorum</strong></span> <span class='ocrx_word' id='word_1_161' title='bbox 652 2477 785 2522; x_wconf 85' lang='lat' dir='ltr'><strong>censura</strong></span> <span class='ocrx_word' id='word_1_162' title='bbox 827 2452 978 2520; x_wconf 89' lang='lat' dir='ltr'><strong>scaenica&#39;</strong></span> <span class='ocrx_word' id='word_1_163' title='bbox 1019 2476 1048 2539; x_wconf 86' lang='lat' dir='ltr'><strong>p.</strong></span> <span class='ocrx_word' id='word_1_164' title='bbox 1082 2457 1120 2518; x_wconf 89' lang='lat'><strong>21</strong></span> <span class='ocrx_word' id='word_1_165' title='bbox 1165 2455 1288 2540; x_wconf 88' lang='lat' dir='ltr'><strong>posuit:</strong></span> 
     </span>
     <span class='ocr_line' id='line_1_22' title="bbox 150 2557 1289 2648; baseline -0.008 -19"><span class='ocrx_word' id='word_1_166' title='bbox 150 2565 232 2629; x_wconf 87' lang='lat' dir='ltr'><strong>‘nam</strong></span> <span class='ocrx_word' id='word_1_167' title='bbox 266 2573 302 2628; x_wconf 91' lang='lat' dir='ltr'><strong>ut</strong></span> <span class='ocrx_word' id='word_1_168' title='bbox 335 2562 471 2648; x_wconf 88' lang='lat' dir='ltr'><strong>primum</strong></span> <span class='ocrx_word' id='word_1_169' title='bbox 501 2561 615 2639; x_wconf 71' lang='lat' dir='ltr'><strong>fabula</strong></span> <span class='ocrx_word' id='word_1_170' title='bbox 653 2561 685 2623; x_wconf 93' lang='lat' dir='ltr'><strong>in</strong></span> <span class='ocrx_word' id='word_1_171' title='bbox 723 2581 838 2623; x_wconf 87' lang='lat' dir='ltr'><strong>scaena</strong></span> <span class='ocrx_word' id='word_1_172' title='bbox 876 2558 950 2623; x_wconf 88' lang='lat' dir='ltr'><strong>data</strong></span> <span class='ocrx_word' id='word_1_173' title='bbox 988 2558 1063 2639; x_wconf 87' lang='lat' dir='ltr'><strong>luit,</strong></span> <span class='ocrx_word' id='word_1_174' title='bbox 1105 2558 1172 2622; x_wconf 82' lang='lat' dir='ltr'><strong>sive</strong></span> <span class='ocrx_word' id='word_1_175' title='bbox 1209 2557 1289 2621; x_wconf 88' lang='lat' dir='ltr'><strong>acci·</strong></span> 
     </span>
     <span class='ocr_line' id='line_1_23' title="bbox 152 2663 1290 2750; baseline -0.006 -17"><span class='ocrx_word' id='word_1_176' title='bbox 152 2670 254 2750; x_wconf 89' lang='lat' dir='ltr'><strong>derat,</strong></span> <span class='ocrx_word' id='word_1_177' title='bbox 290 2675 325 2733; x_wconf 90' lang='lat' dir='ltr'><strong>ut</strong></span> <span class='ocrx_word' id='word_1_178' title='bbox 360 2688 423 2732; x_wconf 92' lang='lat' dir='ltr'><strong>non</strong></span> <span class='ocrx_word' id='word_1_179' title='bbox 458 2671 668 2750; x_wconf 82' lang='lat' dir='ltr'><strong>perageretur</strong></span> <span class='ocrx_word' id='word_1_180' title='bbox 843 2664 912 2727; x_wconf 88' lang='lat' dir='ltr'><strong>sive</strong></span> <span class='ocrx_word' id='word_1_181' title='bbox 948 2663 1115 2729; x_wconf 88' lang='lat' dir='ltr'><strong>comoedia</strong></span> <span class='ocrx_word' id='word_1_182' title='bbox 1147 2669 1290 2745; x_wconf 88' lang='lat' dir='ltr'><strong>steterat,</strong></span> 
     </span>
     <span class='ocr_line' id='line_1_24' title="bbox 152 2766 1290 2859; baseline -0.006 -21"><span class='ocrx_word' id='word_1_183' title='bbox 152 2794 312 2859; x_wconf 86' lang='lat' dir='ltr'><strong>semper</strong></span> <span class='ocrx_word' id='word_1_184' title='bbox 334 2772 381 2836; x_wconf 88' lang='lat' dir='ltr'><strong>ad</strong></span> <span class='ocrx_word' id='word_1_185' title='bbox 405 2779 617 2835; x_wconf 87' lang='lat' dir='ltr'><strong>auctorem</strong></span> <span class='ocrx_word' id='word_1_186' title='bbox 641 2790 755 2833; x_wconf 89' lang='lat' dir='ltr'><strong>suum</strong></span> <span class='ocrx_word' id='word_1_187' title='bbox 777 2766 937 2852; x_wconf 77' lang='lat' dir='ltr'><strong>redibat.)</strong></span> <span class='ocrx_word' id='word_1_188' title='bbox 982 2767 1020 2831; x_wconf 93' lang='lat' dir='ltr'><strong>ln</strong></span> <span class='ocrx_word' id='word_1_189' title='bbox 1036 2775 1117 2833; x_wconf 85' lang='lat' dir='ltr'><strong>sent.</strong></span> <span class='ocrx_word' id='word_1_190' title='bbox 1133 2774 1233 2831; x_wconf 91' lang='lat' dir='ltr'><strong>contr.</strong></span> <span class='ocrx_word' id='word_1_191' title='bbox 1251 2769 1290 2831; x_wconf 91' lang='grc'><strong>16</strong></span> 
     </span>
     <span class='ocr_line' id='line_1_25' title="bbox 152 2870 1291 2957; baseline -0.008 -15"><span class='ocrx_word' id='word_1_192' title='bbox 152 2879 231 2942; x_wconf 84' lang='lat' dir='ltr'><strong>Ilmc</strong></span> <span class='ocrx_word' id='word_1_193' title='bbox 269 2886 381 2940; x_wconf 89' lang='lat' dir='ltr'><strong>contra</strong></span> <span class='ocrx_word' id='word_1_194' title='bbox 412 2875 576 2940; x_wconf 86' lang='lat' dir='ltr'><strong>Donatum</strong></span> <span class='ocrx_word' id='word_1_195' title='bbox 613 2872 760 2957; x_wconf 84' lang='lat' dir='ltr'><strong>Hecyrae</strong></span> <span class='ocrx_word' id='word_1_196' title='bbox 796 2871 909 2953; x_wconf 90' lang='lat' dir='ltr'><strong>prioris</strong></span> <span class='ocrx_word' id='word_1_197' title='bbox 947 2871 1071 2955; x_wconf 86' lang='lat' dir='ltr'><strong>prologi</strong></span> <span class='ocrx_word' id='word_1_198' title='bbox 1105 2870 1203 2934; x_wconf 86' lang='lat' dir='ltr'><strong>verba</strong></span> <span class='ocrx_word' id='word_1_199' title='bbox 1237 2870 1291 2933; x_wconf 84' lang='lat' dir='ltr'><strong>illa</strong></span> 
     </span>
     <span class='ocr_line' id='line_1_26' title="bbox 154 2972 1295 3064; baseline -0.01 -17"><span class='ocrx_word' id='word_1_200' title='bbox 154 2985 198 3047; x_wconf 88' lang='lat' dir='ltr'><strong>ita</strong></span> <span class='ocrx_word' id='word_1_201' title='bbox 222 2979 442 3064; x_wconf 83' lang='lat' dir='ltr'><strong>coniungenda</strong></span> <span class='ocrx_word' id='word_1_202' title='bbox 459 2984 583 3042; x_wconf 88' lang='lat' dir='ltr'><strong>censet:</strong></span> <span class='ocrx_word' id='word_1_203' title='bbox 605 2997 670 3040; x_wconf 92' lang='lat' dir='ltr'><strong>non</strong></span> <span class='ocrx_word' id='word_1_204' title='bbox 688 2975 728 3038; x_wconf 95' lang='lat' dir='ltr'><strong>ob</strong></span> <span class='ocrx_word' id='word_1_205' title='bbox 745 2996 813 3038; x_wconf 89' lang='lat' dir='ltr'><strong>earu</strong></span> <span class='ocrx_word' id='word_1_206' title='bbox 831 2995 897 3037; x_wconf 90' lang='lat' dir='ltr'><strong>rem</strong></span> <span class='ocrx_word' id='word_1_207' title='bbox 914 2975 1016 3037; x_wconf 88' lang='lat' dir='ltr'><strong>voluit</strong></span> <span class='ocrx_word' id='word_1_208' title='bbox 1031 2974 1145 3036; x_wconf 89' lang='lat' dir='ltr'><strong>iterum</strong></span> <span class='ocrx_word' id='word_1_209' title='bbox 1162 2972 1295 3055; x_wconf 81' lang='lat' dir='ltr'><strong>referre,</strong></span> 
     </span>
     <span class='ocr_line' id='line_1_27' title="bbox 157 3076 1292 3168; baseline -0.009 -19"><span class='ocrx_word' id='word_1_210' title='bbox 157 3095 191 3150; x_wconf 93' lang='lat' dir='ltr'><strong>ut</strong></span> <span class='ocrx_word' id='word_1_211' title='bbox 224 3087 338 3150; x_wconf 89' lang='lat' dir='ltr'><strong>iterum</strong></span> <span class='ocrx_word' id='word_1_212' title='bbox 374 3091 485 3168; x_wconf 88' lang='lat' dir='ltr'><strong>posset</strong></span> <span class='ocrx_word' id='word_1_213' title='bbox 520 3081 677 3158; x_wconf 87' lang='lat' dir='ltr'><strong>uendere,</strong></span> <span class='ocrx_word' id='word_1_214' title='bbox 714 3078 770 3143; x_wconf 90' lang='lat' dir='ltr'><strong>sed</strong></span> <span class='ocrx_word' id='word_1_215' title='bbox 796 3128 964 3144; x_wconf 90' lang='grc'><strong>......</strong></span> <span class='ocrx_word' id='word_1_216' title='bbox 1001 3076 1084 3150; x_wconf 82' lang='lat' dir='ltr'><strong>Quid</strong></span> <span class='ocrx_word' id='word_1_217' title='bbox 1117 3083 1190 3161; x_wconf 90' lang='lat' dir='ltr'><strong>post</strong></span> <span class='ocrx_word' id='word_1_218' title='bbox 1222 3076 1292 3140; x_wconf 87' lang='lat' dir='ltr'><strong>‘sed&#39;</strong></span> 
     </span>
     <span class='ocr_line' id='line_1_28' title="bbox 153 3179 1293 3276; baseline -0.01 -21"><span class='ocrx_word' id='word_1_219' title='bbox 153 3189 366 3276; x_wconf 89' lang='lat' dir='ltr'><strong>supplendum</strong></span> <span class='ocrx_word' id='word_1_220' title='bbox 390 3190 440 3269; x_wconf 89' lang='lat' dir='ltr'><strong>sit,</strong></span> <span class='ocrx_word' id='word_1_221' title='bbox 470 3210 535 3251; x_wconf 92' lang='lat' dir='ltr'><strong>non</strong></span> <span class='ocrx_word' id='word_1_222' title='bbox 560 3186 657 3268; x_wconf 86' lang='lat' dir='ltr'><strong>addit,</strong></span> <span class='ocrx_word' id='word_1_223' title='bbox 690 3192 766 3270; x_wconf 89' lang='lat' dir='ltr'><strong>puto</strong></span> <span class='ocrx_word' id='word_1_224' title='bbox 799 3184 990 3247; x_wconf 88' lang='lat' dir='ltr'><strong>sententiam</strong></span> <span class='ocrx_word' id='word_1_225' title='bbox 1023 3182 1136 3245; x_wconf 89' lang='lat' dir='ltr'><strong>talem:</strong></span> <span class='ocrx_word' id='word_1_226' title='bbox 1170 3179 1226 3244; x_wconf 92' lang='lat' dir='ltr'><strong>sed</strong></span> <span class='ocrx_word' id='word_1_227' title='bbox 1256 3187 1293 3244; x_wconf 93' lang='lat' dir='ltr'><strong>ut</strong></span> 
     </span>
     <span class='ocr_line' id='line_1_29' title="bbox 155 3285 1293 3382; baseline -0.012 -22"><span class='ocrx_word' id='word_1_228' title='bbox 155 3297 315 3382; x_wconf 87' lang='lat' dir='ltr'><strong>Hecyram</strong></span> <span class='ocrx_word' id='word_1_229' title='bbox 342 3292 574 3378; x_wconf 87' lang='lat' dir='ltr'><strong>spectatoribus</strong></span> <span class='ocrx_word' id='word_1_230' title='bbox 598 3291 703 3354; x_wconf 92' lang='lat' dir='ltr'><strong>denuo</strong></span> <span class='ocrx_word' id='word_1_231' title='bbox 726 3290 887 3373; x_wconf 86' lang='lat' dir='ltr'><strong>probarat.</strong></span> <span class='ocrx_word' id='word_1_232' title='bbox 932 3288 1023 3361; x_wconf 76' lang='lat' dir='ltr'><strong>Quae</strong></span> <span class='ocrx_word' id='word_1_233' title='bbox 1046 3286 1072 3350; x_wconf 90' lang='lat' dir='ltr'><strong>si</strong></span> <span class='ocrx_word' id='word_1_234' title='bbox 1094 3285 1293 3370; x_wconf 87' lang='lat' dir='ltr'><strong>probaretur,</strong></span> 
     </span>
     <span class='ocr_line' id='line_1_30' title="bbox 156 3393 1294 3486; baseline -0.014 -20"><span class='ocrx_word' id='word_1_235' title='bbox 156 3408 344 3486; x_wconf 86' lang='lat' dir='ltr'><strong>sequeretur</strong></span> <span class='ocrx_word' id='word_1_236' title='bbox 367 3399 462 3463; x_wconf 89' lang='lat' dir='ltr'><strong>etiam</strong></span> <span class='ocrx_word' id='word_1_237' title='bbox 478 3396 686 3478; x_wconf 87' lang='lat' dir='ltr'><strong>repetitarum</strong></span> <span class='ocrx_word' id='word_1_238' title='bbox 709 3395 889 3458; x_wconf 87' lang='lat' dir='ltr'><strong>fabularum</strong></span> <span class='ocrx_word' id='word_1_239' title='bbox 908 3393 1047 3477; x_wconf 89' lang='lat' dir='ltr'><strong>pretium</strong></span> <span class='ocrx_word' id='word_1_240' title='bbox 1062 3397 1190 3477; x_wconf 92' lang='lat' dir='ltr'><strong>poetam</strong></span> <span class='ocrx_word' id='word_1_241' title='bbox 1206 3409 1294 3452; x_wconf 88' lang='lat' dir='ltr'><strong>acee-</strong></span> 
     </span>
     <span class='ocr_line' id='line_1_31' title="bbox 156 3489 1294 3591; baseline -0.013 -23"><span class='ocrx_word' id='word_1_242' title='bbox 156 3506 249 3591; x_wconf 91' lang='lat' dir='ltr'><strong>pisse.</strong></span> <span class='ocrx_word' id='word_1_243' title='bbox 296 3507 340 3567; x_wconf 81' lang='lat' dir='ltr'><strong>At</strong></span> <span class='ocrx_word' id='word_1_244' title='bbox 362 3509 450 3567; x_wconf 87' lang='lat' dir='ltr'><strong>recte</strong></span> <span class='ocrx_word' id='word_1_245' title='bbox 472 3501 638 3565; x_wconf 84' lang='lat' dir='ltr'><strong>oblocutus</strong></span> <span class='ocrx_word' id='word_1_246' title='bbox 661 3507 709 3563; x_wconf 88' lang='lat' dir='ltr'><strong>est</strong></span> <span class='ocrx_word' id='word_1_247' title='bbox 732 3497 892 3561; x_wconf 76' lang='lat' dir='ltr'><strong>Daiotzlco</strong></span> <span class='ocrx_word' id='word_1_248' title='bbox 919 3498 951 3560; x_wconf 94' lang='lat' dir='ltr'><strong>in</strong></span> <span class='ocrx_word' id='word_1_249' title='bbox 975 3494 1059 3558; x_wconf 86' lang='lat' dir='ltr'><strong>Mus.</strong></span> <span class='ocrx_word' id='word_1_250' title='bbox 1082 3493 1186 3557; x_wconf 89' lang='lat' dir='ltr'><strong>Rhen.</strong></span> <span class='ocrx_word' id='word_1_251' title='bbox 1209 3489 1294 3555; x_wconf 88' lang='lat' dir='ltr'><strong>XXI</strong></span> 
     </span>
     <span class='ocr_line' id='line_1_32' title="bbox 154 3595 1294 3695; baseline -0.015 -21"><span class='ocrx_word' id='word_1_252' title='bbox 154 3632 184 3695; x_wconf 88' lang='lat' dir='ltr'><strong>p.</strong></span> <span class='ocrx_word' id='word_1_253' title='bbox 209 3612 271 3673; x_wconf 77' lang='lat'><strong>474</strong></span> <span class='ocrx_word' id='word_1_254' title='bbox 295 3631 336 3672; x_wconf 86' lang='lat' dir='ltr'><strong>ex</strong></span> <span class='ocrx_word' id='word_1_255' title='bbox 359 3606 465 3671; x_wconf 88' lang='lat' dir='ltr'><strong>Latini</strong></span> <span class='ocrx_word' id='word_1_256' title='bbox 491 3606 650 3670; x_wconf 88' lang='lat' dir='ltr'><strong>sermonis</strong></span> <span class='ocrx_word' id='word_1_257' title='bbox 672 3603 797 3687; x_wconf 84' lang='lat' dir='ltr'><strong>legibus</strong></span> <span class='ocrx_word' id='word_1_258' title='bbox 825 3599 874 3664; x_wconf 87' lang='lat' dir='ltr'><strong>‘ob</strong></span> <span class='ocrx_word' id='word_1_259' title='bbox 904 3621 974 3665; x_wconf 90' lang='lat' dir='ltr'><strong>eam</strong></span> <span class='ocrx_word' id='word_1_260' title='bbox 998 3619 1065 3662; x_wconf 90' lang='lat' dir='ltr'><strong>rem</strong></span> <span class='ocrx_word' id='word_1_261' title='bbox 1095 3596 1204 3661; x_wconf 88' lang='lat' dir='ltr'><strong>noluit&#39;</strong></span> <span class='ocrx_word' id='word_1_262' title='bbox 1235 3595 1294 3659; x_wconf 90' lang='lat' dir='ltr'><strong>dici</strong></span> 
     </span>
     <span class='ocr_line' id='line_1_33' title="bbox 155 3700 904 3798; baseline -0.013 -19"><span class='ocrx_word' id='word_1_263' title='bbox 155 3737 218 3779; x_wconf 95' lang='lat' dir='ltr'><strong>non</strong></span> <span class='ocrx_word' id='word_1_264' title='bbox 244 3735 338 3798; x_wconf 90' lang='lat' dir='ltr'><strong>posse</strong></span> <span class='ocrx_word' id='word_1_265' title='bbox 363 3733 420 3797; x_wconf 90' lang='lat' dir='ltr'><strong>pro</strong></span> <span class='ocrx_word' id='word_1_266' title='bbox 444 3713 516 3773; x_wconf 84' lang='lat' dir='ltr'><strong>‘non</strong></span> <span class='ocrx_word' id='word_1_267' title='bbox 540 3709 582 3772; x_wconf 93' lang='lat' dir='ltr'><strong>ob</strong></span> <span class='ocrx_word' id='word_1_268' title='bbox 606 3729 674 3772; x_wconf 87' lang='lat' dir='ltr'><strong>eam</strong></span> <span class='ocrx_word' id='word_1_269' title='bbox 698 3728 766 3770; x_wconf 88' lang='lat' dir='ltr'><strong>rem</strong></span> <span class='ocrx_word' id='word_1_270' title='bbox 789 3700 904 3769; x_wconf 81' lang='lat' dir='ltr'><strong>voluit’.</strong></span> 
     </span>
    </p>

    <p class='ocr_par' dir='ltr' id='par_1_4' title="bbox 156 3802 1296 4213">
     <span class='ocr_line' id='line_1_34' title="bbox 260 3802 1296 3902; baseline -0.015 -21"><span class='ocrx_word' id='word_1_271' title='bbox 260 3819 461 3902; x_wconf 86' lang='lat' dir='ltr'><strong>Quamquam</strong></span> <span class='ocrx_word' id='word_1_272' title='bbox 484 3816 553 3900; x_wconf 92' lang='lat' dir='ltr'><strong>ipse</strong></span> <span class='ocrx_word' id='word_1_273' title='bbox 570 3811 731 3877; x_wconf 77' lang='lat' dir='ltr'><strong>Daiatalco</strong></span> <span class='ocrx_word' id='word_1_274' title='bbox 751 3809 847 3874; x_wconf 92' lang='lat' dir='ltr'><strong>nihilo</strong></span> <span class='ocrx_word' id='word_1_275' title='bbox 864 3809 982 3872; x_wconf 88' lang='lat' dir='ltr'><strong>rectius</strong></span> <span class='ocrx_word' id='word_1_276' title='bbox 998 3804 1153 3871; x_wconf 89' lang='lat' dir='ltr'><strong>eiusmodi</strong></span> <span class='ocrx_word' id='word_1_277' title='bbox 1168 3802 1296 3886; x_wconf 88' lang='lat' dir='ltr'><strong>supple·</strong></span> 
     </span>
     <span class='ocr_line' id='line_1_35' title="bbox 157 3907 1295 4005; baseline -0.018 -17"><span class='ocrx_word' id='word_1_278' title='bbox 157 3931 298 3988; x_wconf 88' lang='lat' dir='ltr'><strong>mentum</strong></span> <span class='ocrx_word' id='word_1_279' title='bbox 328 3920 475 4005; x_wconf 92' lang='lat' dir='ltr'><strong>requirit:</strong></span> <span class='ocrx_word' id='word_1_280' title='bbox 509 3927 637 4005; x_wconf 89' lang='lat' dir='ltr'><strong>poetam</strong></span> <span class='ocrx_word' id='word_1_281' title='bbox 670 3915 811 3980; x_wconf 87' lang='lat' dir='ltr'><strong>noluisse</strong></span> <span class='ocrx_word' id='word_1_282' title='bbox 847 3912 973 3997; x_wconf 89' lang='lat' dir='ltr'><strong>quidem</strong></span> <span class='ocrx_word' id='word_1_283' title='bbox 1007 3910 1148 3974; x_wconf 86' lang='lat' dir='ltr'><strong>fabulam</strong></span> <span class='ocrx_word' id='word_1_284' title='bbox 1181 3907 1295 3971; x_wconf 90' lang='lat' dir='ltr'><strong>iterum</strong></span> 
     </span>
     <span class='ocr_line' id='line_1_36' title="bbox 157 4011 1294 4111; baseline -0.019 -16"><span class='ocrx_word' id='word_1_285' title='bbox 157 4031 286 4111; x_wconf 79' lang='lat' dir='ltr'><strong>referre,</strong></span> <span class='ocrx_word' id='word_1_286' title='bbox 311 4036 346 4092; x_wconf 93' lang='lat' dir='ltr'><strong>ut</strong></span> <span class='ocrx_word' id='word_1_287' title='bbox 370 4048 439 4091; x_wconf 89' lang='lat' dir='ltr'><strong>eam</strong></span> <span class='ocrx_word' id='word_1_288' title='bbox 463 4027 585 4090; x_wconf 89' lang='lat' dir='ltr'><strong>iterum</strong></span> <span class='ocrx_word' id='word_1_289' title='bbox 602 4021 741 4087; x_wconf 86' lang='lat' dir='ltr'><strong>vendere</strong></span> <span class='ocrx_word' id='word_1_290' title='bbox 764 4024 888 4105; x_wconf 87' lang='lat' dir='ltr'><strong>posset,</strong></span> <span class='ocrx_word' id='word_1_291' title='bbox 916 4016 1076 4080; x_wconf 88' lang='lat' dir='ltr'><strong>tamenin</strong></span> <span class='ocrx_word' id='word_1_292' title='bbox 1099 4013 1183 4077; x_wconf 90' lang='lat' dir='ltr'><strong>ludis</strong></span> <span class='ocrx_word' id='word_1_293' title='bbox 1205 4011 1294 4075; x_wconf 87' lang='lat' dir='ltr'><strong>lune·</strong></span> 
     </span>
     <span class='ocr_line' id='line_1_37' title="bbox 156 4114 1296 4213; baseline -0.02 -13"><span class='ocrx_word' id='word_1_294' title='bbox 156 4135 274 4202; x_wconf 89' lang='lat' dir='ltr'><strong>ralibus</strong></span> <span class='ocrx_word' id='word_1_295' title='bbox 305 4132 434 4196; x_wconf 82' lang='lat' dir='ltr'><strong>Aemilii</strong></span> <span class='ocrx_word' id='word_1_296' title='bbox 458 4129 561 4194; x_wconf 90' lang='lat' dir='ltr'><strong>Paulli</strong></span> <span class='ocrx_word' id='word_1_297' title='bbox 593 4126 740 4213; x_wconf 89' lang='lat' dir='ltr'><strong>precibus</strong></span> <span class='ocrx_word' id='word_1_298' title='bbox 770 4123 907 4187; x_wconf 89' lang='lat' dir='ltr'><strong>filiorum</strong></span> <span class='ocrx_word' id='word_1_299' title='bbox 936 4120 1053 4183; x_wconf 78' lang='lat' dir='ltr'><strong>victum</strong></span> <span class='ocrx_word' id='word_1_300' title='bbox 1079 4118 1130 4183; x_wconf 89' lang='lat' dir='ltr'><strong>vel</strong></span> <span class='ocrx_word' id='word_1_301' title='bbox 1156 4114 1296 4200; x_wconf 85' lang='lat' dir='ltr'><strong>Scipioni</strong></span> 
     </span>
    </p>
   </div>
   <div class='ocr_carea' id='block_1_3' title="bbox 262 4369 516 4439">
    <p class='ocr_par' dir='ltr' id='par_1_5' title="bbox 262 4369 516 4439">
     <span class='ocr_line' id='line_1_38' title="bbox 262 4369 516 4439; baseline -0.016 -13"><span class='ocrx_word' id='word_1_302' title='bbox 262 4378 270 4411; x_wconf 88' lang='lat'>¹</span> <span class='ocrx_word' id='word_1_303' title='bbox 289 4373 326 4426; x_wconf 83' lang='lat' dir='ltr'><strong>cf.</strong></span> <span class='ocrx_word' id='word_1_304' title='bbox 344 4387 428 4439; x_wconf 77' lang='lat' dir='ltr'><strong>supra</strong></span> <span class='ocrx_word' id='word_1_305' title='bbox 447 4388 472 4438; x_wconf 86' lang='lat' dir='ltr'><strong>p.</strong></span> <span class='ocrx_word' id='word_1_306' title='bbox 490 4369 516 4422; x_wconf 82' lang='lat'><strong>6.</strong></span> 
     </span>
    </p>
   </div>
   <div class='ocr_carea' id='block_1_4' title="bbox 0 0 1529 4816">
    <p class='ocr_par' dir='ltr' id='par_1_6' title="bbox 0 0 1529 4816">
     <span class='ocr_line' id='line_1_39' title="bbox 0 0 1529 4816; baseline 0 0"><span class='ocrx_word' id='word_1_307' title='bbox 0 0 1529 4816; x_wconf 95' lang='lat' dir='ltr'><strong> </strong></span> 
     </span>
    </p>
   </div>
  </div>
 </body>
</html>
