2956 4822
194 310 235 372 70
716 303 807 387 [166]

193 501 278 565 enim
299 498 453 582 Polybius
475 498 530 561 uix
561 496 766 578 affirmasset,
795 493 922 561 diuitias
952 497 982 560 ei
1011 495 1103 578 regni
1132 491 1335 558 nanciscendi

193 602 379 668 facultatem
401 601 585 685 praebuisse
609 622 659 664 -:
682 601 770 665 nulla
793 607 900 665 tamen
916 600 1010 664 huius
1032 600 1079 664 rei
1101 597 1181 662 ratio
1196 597 1334 661 habetur

192 708 224 771 in
251 706 395 772 sollemni
429 726 585 768 annorum
617 705 852 789 computatione
882 704 1164 788 Pergamenorum.
1217 701 1333 766 Strabo

192 811 277 877 enim
299 810 354 874 illo
376 809 444 874 loco
466 808 653 892 Apollodori
675 809 845 873 chronicon
868 815 994 873 secutus
1016 828 1084 872 esse
1107 808 1250 879 uidetur,
1279 806 1332 890 qui

192 917 260 981 siue
282 936 324 978 ex
339 913 551 977 Eratosthene
566 914 633 976 siue
656 933 697 977 ex
716 913 787 998 ipsa
809 921 949 977 actorum
967 912 1164 997 publicorum
1181 911 1334 975 memoria

192 1019 344 1101 hauserit,
361 1025 446 1082 certe
461 1018 649 1082 sollemnem
665 1023 697 1081 et
712 1018 873 1100 publicam
891 1039 1046 1082 annorum
1061 1017 1334 1101 computationem

192 1123 323 1189 rettulit.
368 1121 408 1186 In
431 1143 494 1207 qua
517 1143 589 1186 cum
611 1120 794 1185 Philetaero
825 1124 885 1204 20,
909 1121 1045 1186 Eumeni
1069 1123 1127 1202 22,
1151 1119 1261 1183 Attalo
1290 1119 1334 1183 43

194 1227 269 1293 anni
291 1226 402 1290 tributi
426 1226 558 1308 fuerint,
590 1246 655 1289 non
679 1224 894 1290 dubitabimus
916 1227 950 1288 in
979 1225 1064 1289 hunc
1095 1223 1223 1288 modum
1253 1229 1334 1287 tem·

192 1350 305 1415 porum
329 1328 473 1393 ordinem
497 1329 707 1409 constituere,
736 1335 772 1392 01
794 1350 868 1393 eum
891 1350 1011 1393 annum
1042 1348 1103 1412 quo
1125 1326 1334 1412 Lysimachus

193 1433 342 1517 decessit,
375 1433 513 1519 primum
536 1433 711 1498 Philetaeri
740 1433 911 1514 faciemus,
943 1432 1062 1497 scilicet
1090 1453 1110 1495 a
1141 1451 1248 1494 mense
1271 1428 1335 1494 Dio

192 1539 256 1603 282
278 1537 436 1625 usquead
453 1560 593 1602 mensem
609 1538 910 1622 Hyperberetaeum
934 1537 1007 1617 281,
1029 1536 1075 1599 ita
1097 1541 1133 1599 ut
1155 1534 1252 1623 26211
1278 1533 1336 1597 fiet

192 1641 345 1706 Eumenis
374 1641 509 1726 primus,
540 1641 660 1718 240130
689 1642 811 1725 primus
833 1640 953 1722 Attali,
985 1639 1082 1714 198l7
1116 1637 1258 1702 eiusdem
1279 1639 1334 1704 43.

192 1743 277 1809 Nem
293 1750 446 1809 autumno
471 1767 499 1809 a.
523 1748 584 1809 197
608 1745 738 1810 Attalus
760 1751 902 1808 mortuus
925 1751 973 1809 est
996 1750 1076 1807 teste
1093 1742 1230 1827 Polybio
1254 1741 1334 1820 (1.0.

193 1847 233 1914 cs.
247 1847 321 1914 Liv.
337 1847 390 1930 33,
407 1847 473 1930 21).
520 1849 610 1923 Quae
632 1871 703 1914 cum
726 1850 771 1913 ita
786 1850 857 1929 sint,
881 1849 908 1914 si
926 1846 1145 1933 deprehendas
1169 1845 1260 1909 titulo
1276 1845 1334 1926 illi,

193 1973 288 2038 quem
322 1959 397 2035 post
425 1951 625 2016 Boeokhium
660 1953 762 2017 Attali
797 1951 813 2016 Ι
848 1952 948 2017 aetati
981 1970 1075 2015 nemo
1113 1969 1178 2013 non
1212 1947 1335 2030 tribuit,

193 2055 390 2121 sollemniter
418 2056 648 2142 praescriptum
677 2053 893 2138 βασιλεύοντος
911 2052 1076 2119 Ἀττάλου
1099 2051 1223 2133 πρώτου
1246 2049 1336 2129 ’ἔτους

192 2156 289 2244 μηνός
303 2156 566 2242 Ὑπερβερεταίου,
590 2161 657 2225 sine
677 2159 773 2225 dnbio
791 2160 926 2247 scriptus
950 2167 1000 2223 est
1023 2158 1076 2221 illc
1098 2156 1209 2220 titulus
1225 2177 1336 2222 menso

192 2265 305 2329 ultimo
328 2265 404 2329 anni
427 2265 558 2347 240s39,
582 2269 679 2349 atque
703 2286 840 2349 regnum
863 2264 958 2328 etiem
981 2269 1047 2327 tum
1071 2262 1224 2346 temporis
1241 2263 1336 2325 Atte-

192 2370 242 2433 lus
264 2375 459 2452 susceperat.
504 2367 644 2454 Tempus
673 2370 771 2454 igitur
801 2368 887 2455 quod
917 2366 1135 2433 intercedebat
1163 2368 1247 2430 inter
1269 2366 1336 2430 Eu·

192 2473 293 2539 menis
315 2481 450 2538 mortem
475 2482 508 2538 01
530 2473 622 2557 regni
648 2473 746 2538 Attali
769 2473 905 2557 initium,
929 2493 1069 2537 annuum
1099 2472 1237 2556 spatium
1269 2490 1335 2535 non

193 2597 363 2662 superasse
404 2585 436 2642 et
476 2578 622 2644 sollemni
663 2578 902 2663 computatione
942 2577 1025 2643 inter
1065 2575 1217 2641 Eumenis
1259 2577 1335 2639 anni

194 2682 297 2745 ultimi
319 2687 442 2766 partem
465 2683 677 2768 posteriorem
700 2691 732 2747 et
755 2683 845 2767 regni
867 2682 970 2748 Attali
993 2682 1067 2746 anni
1089 2681 1183 2766 primi
1209 2688 1335 2766 partem

194 2784 333 2871 priorem
356 2785 492 2851 diuisum
517 2808 586 2852 esse
615 2787 754 2853 uidetur.
805 2787 917 2873 Atque
946 2787 1006 2854 hoc
1035 2786 1131 2850 modo
1155 2785 1247 2849 facile
1278 2807 1336 2849 ex·

193 2889 352 2973 planstur,
377 2911 439 2974 quo
462 2889 530 2954 iure
549 2890 715 2977 Polybius,
739 2893 830 2957 cuius
852 2891 958 2956 minus
973 2891 1126 2956 intererat
1148 2890 1334 2955 sollemnem

193 3013 350 3057 annorum
381 2995 653 3079 computationem
683 2996 953 3080 Pergamenorum
987 3017 1082 3080 quarn
1116 3015 1226 3059 ueram
1256 3005 1336 3057 tem·

195 3118 310 3183 porum
333 3098 491 3162 rationem
513 3099 651 3178 referre,
682 3103 723 3165 44
750 3100 985 3166 annosAttalo
1016 3100 1157 3164 tribuere
1185 3099 1336 3183 potuerit.

195 3200 291 3277 Quod
314 3201 398 3267 enlm
420 3202 505 3268 idem
530 3203 565 3281 (l.
589 3225 616 3269 0.
639 3203 660 3288 0
684 3203 718 3286 ’1)
742 3204 832 3270 dicit:
863 3202 986 3288 νικήσας
1007 3201 1093 3293 μάχῃ
1119 3199 1263 3280 Γαλάτας
1292 3238 1330 3247 -

194 3302 311 3388 ταύτην
333 3302 436 3389 ἀρχὴν
458 3305 625 3391 ἐποιήσατο
648 3309 697 3373 καὶ
726 3304 798 3373 τότε
828 3314 951 3391 πρῶτον
978 3305 1074 3372 αὐτόν
1101 3305 1190 3382 idolo
1212 3304 1336 3390 βασιλέα

195 3408 251 3489 (oi.
285 3406 391 3474 Strab.
425 3408 512 3475 XIII
546 3413 625 3476 624:
658 3410 855 3495 ἀνηγορεύθη
888 3410 1027 3493 βασιλεύς
1065 3417 1185 3492 πρῶτος
1215 3408 1336 3491 νικήσας

195 3509 339 3589 Γαλάτας
371 3509 462 3601 μάχῃ
487 3513 640 3604 μεγάλῃ),
674 3537 736 3601 quo
764 3514 860 3580 modo
896 3515 975 3580 haec
1011 3514 1227 3599 intellegenda
1262 3515 1336 3597 sint,

195 3615 310 3682 Iustini
332 3618 441 3683 uerbis
457 3617 608 3684 docemur
631 3618 668 3704 (1.
692 3641 718 3685 0.
743 3620 772 3702 3,
799 3618 914 3703 1-6);
939 3620 1055 3699 „Victo
1076 3619 1237 3683 Antiocho
1262 3641 1335 3684 curn

194 3719 357 3787 Eumenes
382 3720 482 3804 (huno
504 3744 562 3807 pro
585 3723 697 3789 Attalo
723 3746 828 3788 errore
852 3723 1011 3787 nominat:
1043 3723 1083 3787 cs.
1111 3723 1209 3807 Trogi
1240 3722 1335 3810 prol.)

194 3823 345 3891 maiorem
368 3832 492 3910 partem
515 3827 614 3893 Asiae
636 3835 836 3913 occupasset,
861 3827 940 3894 etc.“
980 3826 1083 3892 Recte
1106 3827 1203 3913 igitur
1226 3826 1336 3892 Koch·

195 3927 283 3993 lerns
305 3927 347 3994 de
370 3950 410 3994 00
430 3951 465 3995 re
488 3931 533 3995 ita
555 3930 719 4013 iudicauit,
742 3955 804 3998 non
828 3938 892 3995 tam
917 3939 1047 4018 propter
1069 3930 1178 3997 Gallos
1194 3931 1335 4017 fugatos,

195 4051 290 4116 quam
325 4033 475 4118 quoniam
509 4036 601 4100 uictis
631 4034 789 4101 Antiocho
820 4036 983 4121 Gallisque
1017 4042 1120 4100 totum
1152 4036 1219 4101 10ιο
1249 4036 1334 4102 illius

196 4156 332 4219 regnum
362 4138 582 4222 component,
611 4139 756 4203 Attalum
782 4141 905 4224 regium
942 4160 1058 4202 nomen
1092 4141 1334 4227 assumpsisse¹.

303 4243 402 4294 ¹Dum
431 4242 499 4293 haec
525 4243 599 4310 typis
625 4243 823 4309 exprimuntur,
849 4244 942 4310 occepi
968 4243 1085 4310 Kocppii
1112 4245 1338 4295 commentorium

199 4325 266 4390 (Rh.
286 4329 354 4380 llus
372 4327 408 4382 40
428 4345 455 4395 0.
478 4330 526 4381 114
544 4332 624 4398 sqq.),
642 4347 697 4398 quo
716 4330 787 4385 hanc
804 4329 938 4385 Kochlcri
956 4331 1123 4386 sententiam
1142 4331 1270 4385 refellere
1292 4348 1339 4384 oo·

202 4421 283 4471 notus
301 4421 359 4481 est3
377 4413 427 4468 sed
446 4415 511 4472 mihi
529 4432 585 4472 non
604 4416 749 4489 persuasit.
