2956 4822
187 273 229 338 rc
711 270 801 358 [146]

292 458 366 523 Hoc
385 459 479 523 titulo
498 458 616 542 optime
633 458 831 522 illustrantur
849 458 924 522 iuris
945 467 977 524 et
994 481 1072 525 usus
1091 461 1231 525 rationes
1247 480 1332 545 quae

186 560 429 627 intercedebant
451 562 535 626 inter
551 562 696 626 ciuitates
709 561 851 626 Graecas
867 570 899 625 et
915 584 1008 643 reges
1024 563 1132 643 Asiae,
1156 563 1330 648 praecipue

186 665 398 750 Antigonum.
437 666 500 740 Qui
523 687 586 728 non
610 666 699 748 regni
723 665 823 731 solum
840 666 1016 730 Alexandri
1036 666 1248 732 hereditatem
1271 666 1331 730 sibi

187 769 388 852 uindicabat,
418 768 476 835 sed
504 770 600 834 etiam
624 790 719 854 quam
742 770 797 834 ille
819 770 850 833 in
874 769 1047 834 tractandis
1071 772 1166 835 rebus
1196 770 1331 855 publicis

185 874 341 939 rationem
380 881 511 938 secutus
550 882 635 948 erat,
680 894 751 937 eam
781 873 1020 957 diligentissime
1056 875 1257 951 imitabatur,
1299 880 1330 936 et

186 978 324 1043 maxime
337 977 464 1063 quidem
477 977 560 1063 qnod
569 977 610 1041 ad
621 976 916 1042 ciuitatesGraccas
929 977 1116 1063 pertinebat.
1142 977 1330 1042 Alexander

187 1083 270 1147 enim
300 1091 470 1168 postquam
494 1083 572 1146 Asia
595 1083 716 1147 minore
740 1083 861 1166 petitus
883 1089 951 1165 est,
975 1083 1065 1148 ducis
1088 1083 1202 1146 summi
1227 1079 1328 1146 Grae·

164 1206 296 1252 eorum
331 1186 371 1250 ad
410 1187 529 1251 bellum
558 1186 722 1250 Persicum
761 1186 937 1270 gerendum
976 1187 1069 1252 electi
1106 1195 1215 1272 partes
1253 1186 1329 1251 satis

188 1289 393 1372 obsermrnit,
431 1311 503 1354 curn
537 1291 683 1354 ciuitates
716 1290 857 1354 Graecas
891 1290 1052 1354 sociorum
1085 1289 1261 1355 liberorum
1299 1294 1331 1355 et

188 1393 373 1458 immunium
397 1394 525 1459 nomine
544 1393 750 1459 condonaret.
785 1394 876 1467 Quae
899 1393 1030 1456 libertas
1055 1393 1202 1481 nimirum
1225 1396 1328 1479 qualis

188 1497 294 1575 fuerit,
317 1520 399 1562 unus
417 1499 553 1583 quisque
576 1498 675 1561 uidet.
722 1496 834 1582 Neque
859 1498 943 1563 enim
960 1498 1116 1562 fierentne
1141 1497 1218 1561 socii
1242 1498 1330 1581 regis

187 1601 319 1668 Graecis
343 1602 530 1686 permissum
554 1610 640 1682 erat,
672 1623 777 1687 neque
801 1600 987 1666 Alexander
1010 1600 1077 1687 ipae
1101 1624 1119 1665 a
1144 1600 1329 1666 domesticis

187 1706 364 1771 ciuitatium
386 1704 481 1768 rebus
497 1726 609 1768 manus
633 1705 831 1771 abstinebat:
855 1705 982 1770 exsules
1007 1704 1090 1770 enim
1113 1725 1172 1769 suo
1197 1705 1327 1769 arbitrio

189 1810 335 1891 reduxit,
368 1829 523 1895 quaeres
548 1830 659 1873 ansam
683 1809 778 1873 etiarn
802 1809 933 1892 grauius
965 1809 1081 1873 saillis
1105 1807 1329 1894 interponendi

190 1912 219 1979 ei
240 1911 419 1998 praebuit¹.
445 1952 484 1962 -
509 1911 577 1977 Nee
600 1933 692 1976 secus
708 1912 905 1996 Antigonum
928 1913 1124 1977 Graecorum
1147 1912 1328 1977 liberatoris

187 2037 303 2083 nomen
328 2014 568 2099 diligentissime
584 2015 728 2090 iactasse,
752 2036 815 2101 quo
839 2016 1057 2080 blandimento
1076 2037 1131 2080 ecs
1154 2016 1331 2082 deuinciret

190 2125 222 2186 et
244 2120 338 2185 rebus
363 2121 428 2185 suis
456 2120 671 2204 adiungeret,
703 2141 774 2185 enm
806 2120 937 2186 aliunde
960 2128 1103 2199 constat,
1136 2129 1204 2185 turn
1235 2122 1329 2187 huius

190 2224 310 2308 tituli§
330 2227 370 2290 10
386 2225 575 2290 illustratur.
611 2225 683 2299 Quo
707 2224 801 2290 modo
824 2231 933 2289 autem
955 2223 1205 2309 intellegendum
1232 2227 1329 2290 inerit

191 2327 270 2393 illud
294 2349 411 2393 nornen
435 2329 632 2415 speciosum,
664 2349 706 2392 ex
729 2328 789 2392 hoe
820 2329 914 2393 titulo
939 2329 1055 2393 certius
1077 2350 1174 2414 quarn
1198 2352 1238 2394 ex
1264 2331 1328 2394 ullo

191 2431 254 2498 alie
277 2433 367 2496 fonte
390 2439 534 2518 apparet.

294 2536 463 2601 Tributum
478 2536 608 2622 quidem
626 2537 772 2601 ciuitates
788 2534 934 2601 Graecae
957 2537 1121 2621 Antigono
1146 2557 1210 2601 non
1227 2537 1327 2620 magis

193 2662 290 2728 quam
320 2639 508 2729 Alexandro
539 2640 649 2706 tulisse
681 2640 829 2706 uidentur
860 2639 912 2722 (ci.
943 2661 974 2725 p.
1006 2642 1130 2721 43)-
1155 2640 1214 2704 nisi
1245 2640 1328 2705 forte

192 2744 364 2829 uectigalia
394 2745 425 2809 in
450 2743 607 2829 portubus
639 2765 748 2808 earnm
772 2744 943 2808 exercebat
966 2743 1019 2824 (cf.
1042 2765 1073 2829 p.
1099 2743 1154 2825 lo)
1182 2781 1216 2789 -
1244 2743 1328 2829 quod

191 2847 275 2914 idem
304 2849 439 2913 fortasse
461 2847 647 2927 Alexander
682 2849 811 2913 lecerat.
859 2848 952 2922 Quod
985 2868 1180 2933 quamquam
1203 2868 1244 2911 ex
1268 2848 1329 2912 lroc

194 2954 287 3018 titulo
321 2973 385 3017 nen
417 2960 503 3016 certo
536 2952 691 3027 efficitur,
724 2952 885 3038 quomedo
918 2974 968 3018 res
999 2953 1192 3016 domesticas
1222 2973 1329 3018 earum

193 3058 364 3136 curauerit,
386 3056 463 3121 iuris
487 3055 656 3121 dictionem
682 3057 715 3138 (ξ
731 3060 759 3122 6.
774 3056 820 3138 7),
838 3078 942 3122 rerum
965 3056 1164 3142 publicarum
1180 3058 1330 3122 constitu·
1360 3035 1368 3053 ⁶

194 3162 299 3226 tiones
317 3166 349 3226 et
363 3160 451 3243 leges
464 3158 497 3241 (ξ
510 3158 557 3242 8),
574 3159 881 3225 administrationem
894 3159 926 3240 (ξ
939 3163 968 3225 9.
983 3159 1048 3241 11),
1065 3181 1115 3224 res
1132 3162 1330 3245 pecuniarias

193 3265 224 3348 (ξ
248 3269 277 3331 4.
302 3263 356 3345 10)
381 3271 413 3328 et
435 3284 540 3329 sacras
564 3263 598 3347 (ξ
623 3262 667 3347 1),
690 3265 824 3348 singulis
848 3263 915 3329 eius
938 3264 1080 3348 partibus
1105 3263 1266 3329 docemur.

298 3369 440 3445 Quarum
465 3369 604 3434 omnium
627 3368 817 3452 grauissima
840 3389 890 3432 res
913 3375 998 3433 certe
1020 3370 1239 3453 syneeeismus
1263 3369 1330 3454 ipse

194 3482 262 3555 est,
284 3495 347 3560 qno
372 3493 390 3537 e
413 3472 537 3537 duabus
560 3472 759 3550 ciuitatibus,
783 3472 936 3537 institutis
961 3493 1069 3537 earum
1092 3472 1160 3536 lere
1184 3473 1331 3539 omnibus

182 3577 343 3659 sublatis,
374 3597 489 3640 nonam
513 3577 677 3641 ciuitatem
700 3577 765 3643 suis
787 3576 938 3662 auspiciis
962 3575 1114 3639 condidit.
1160 3573 1276 3660 Neque
1299 3577 1329 3641 in

195 3680 263 3747 Teo
294 3688 327 3746 et
362 3679 494 3746 Lebedo
527 3681 629 3744 solum
663 3681 725 3745 hoe
755 3681 886 3746 consilio
918 3701 994 3744 usus
1024 3686 1081 3744 est.
1131 3679 1332 3766 Quamquam

198 3784 281 3850 enim
312 3806 376 3848 non
400 3790 463 3848 tam
497 3783 648 3869 frequens
683 3790 731 3848 est
762 3783 913 3848 memoria
947 3782 1072 3846 urbium
1107 3803 1240 3867 quarum
1272 3783 1332 3848 isto

197 3887 293 3953 modo
317 3886 556 3953 condendarum
582 3889 632 3951 uel
657 3886 935 3952 instaurandarnm
953 3886 1133 3969 Antigonus
1156 3908 1212 3972 per
1235 3886 1333 3950 breue

196 3989 360 4077 illudque
384 3993 531 4076 regnauit
561 3977 687 4076 tempus
710 3999 821 4056 auctor
844 3989 972 4072 fuer-ill,
996 4009 1092 4074 quam
1114 4011 1134 4054 a
1158 3988 1332 4056 Seleucidis

198 4149 403 4158 ——w--a

302 4237 312 4273 ¹
330 4235 372 4290 Ol.
391 4234 453 4290 OIG
469 4234 582 4301 olossss.
618 4233 723 4300 illlata
741 4250 781 4303 sq.

302 4322 313 4360 ¹
332 4322 374 4376 Ol.
392 4323 526 4391 Drcyssn,
546 4323 708 4376 Hellenism.
728 4322 771 4375 lll
789 4321 806 4375 2
824 4340 849 4391 p.
868 4320 919 4376 2⁶⁴
938 4338 997 4390 sqq.
