2954 4808
173 278 174 281 ‘
224 303 265 375 04
747 305 838 393 [irs]

223 504 253 586 2,
278 507 297 566 4
319 505 378 569 etsi
405 523 473 568 me.
488 552 515 567 ..
536 501 666 587 despicit
687 504 872 586 imperator,
894 503 1012 586 nepotii
1033 510 1143 569 tomen
1178 512 1228 572 eet
1263 507 1390 592 eunoni-

224 607 309 690 tudo,
332 614 367 671 nt
389 655 396 671 .
421 658 461 674 ..

326 714 354 776 6.
390 712 592 777 Etiamsi:
622 733 651 775 1.
682 732 753 775 enm
777 710 980 776 coniunctius
1005 713 1197 797 potentiali:
1231 716 1286 779 14.
1311 719 1383 793 2,6

222 819 317 880 etiarn
333 818 362 882 si
385 868 392 882 .
417 870 424 883 .
449 867 456 882 .
480 817 524 880 aet
546 819 676 882 vertices
698 817 837 880 rrerurint
857 836 1004 897 summos,
1020 866 1028 881 .
1045 867 1079 884 ..
1102 825 1384 903 coaeter-renatum

223 921 275 985 29.
298 924 328 1002 2,
345 923 387 986 24
410 923 495 986 ratio
518 923 599 986 enirn
621 922 729 985 eadem
751 927 796 985 est
818 920 929 1006 ubique
950 928 1031 985 recte
1050 942 1177 987 secusve
1200 930 1381 1009 pastorum,

223 1026 317 1090 etiam
340 1026 369 1090 si
390 1025 578 1109 moqnitrnto
601 1027 643 1089 sit
672 1025 836 1089 dissimilis
860 1046 978 1089 rerum.
1023 1024 1054 1091 b.
1089 1048 1163 1090 aum
1194 1027 1377 1093 indicativo

222 1128 255 1192 in
279 1129 425 1193 oratione
449 1127 595 1212 obliqua:
623 1131 670 1192 11.
696 1131 746 1204 11,
770 1129 790 1191 2
813 1129 946 1214 topinrns
971 1129 1006 1191 in
1035 1136 1152 1195 veteres
1176 1182 1184 1197 .
1211 1182 1220 1197 .
1248 1184 1256 1198 .
1282 1132 1377 1196 daces

222 1233 301 1296 oitia
325 1233 528 1317 criminaque,
551 1232 643 1296 etiam
660 1233 689 1297 si
702 1233 839 1296 inueniri
859 1253 922 1298 non
941 1238 1101 1317 poterant,
1115 1234 1262 1316 finxisse
1284 1235 1377 1299 maii·

223 1337 383 1420 onitatera.

329 1443 357 1504 1.
391 1438 616 1524 quamlibet
638 1446 687 1504 ter
709 1439 842 1523 legitur:
867 1460 938 1504 aum
960 1438 1142 1520 indicativo,
1167 1439 1225 1505 ubi
1245 1440 1278 1506 11
1295 1462 1373 1528 apo·

223 1543 292 1610 desi
323 1543 483 1623 futurum,
516 1563 587 1607 aum
621 1543 840 1626 10111101110,
874 1544 928 1609 ubi
959 1545 992 1608 iu
1024 1542 1184 1609 sententia
1217 1545 1371 1628 primarie

221 1648 430 1734 praeteritum
454 1652 581 1733 tompus
603 1645 795 1732 praebetur:
840 1649 890 1713 28.
916 1650 944 1729 1,
966 1649 1006 1711 43
1029 1646 1073 1711 Et
1095 1647 1269 1732 quamlibet
1298 1656 1371 1713 tem·

217 1755 374 1836 postianm
398 1759 453 1833 ost,
478 1803 486 1818 .
510 1800 518 1816 .
543 1800 550 1816 .
573 1758 678 1817 tarnen
701 1802 709 1817 .
734 1803 741 1818 .
767 1802 774 1816 .
798 1750 1046 1832 inmorabirnur3
1070 1752 1121 1815 29.
1147 1752 1178 1832 5,
1192 1753 1236 1816 44
1261 1775 1371 1839 quan

222 1855 293 1921 11101
309 1857 404 1940 facto
425 1858 460 1920 in
482 1856 598 1920 hostem
622 1857 763 1939 impetu.
788 1906 795 1921 .
821 1906 828 1921 .
851 1856 1013 1940 operuerit
1036 1857 1119 1920 oiarn
1143 1906 1151 1921 .
1178 1907 1185 1922 .
1210 1905 1240 1936 .,
1265 1865 1370 1921 tamen

223 2010 230 2026 .
256 2010 264 2025 .
289 2011 297 2026 .
320 1963 448 2025 revertit
471 1960 515 2024 ad
537 2010 544 2024 .
570 2012 576 2025 .
601 2011 609 2026 .
633 1960 813 2042 castellum3
844 1961 896 2024 28.
920 1961 951 2042 2,
976 1961 1015 2022 12
1043 1965 1071 2023 et
1094 1959 1267 2044 quamlibet
1298 1982 1371 2026 eon·

220 2066 325 2130 iurati
353 2067 525 2130 multorum
556 2085 628 2149 opes
654 2066 851 2144 attriverint,
882 2071 1042 2149 oestroque
1072 2065 1210 2146 concepti
1232 2064 1369 2148 furoris

222 2170 378 2253 esopitati
401 2170 509 2234 caedes
529 2169 655 2233 edidere
669 2169 834 2252 taetiflms,
857 2170 1025 2254 sanquinis
1040 2167 1140 2233 rtitito
1156 2169 1266 2233 minus
1280 2170 1369 2235 aoidi

221 2294 317 2360 quarn
334 2273 545 2357 praedarum,
569 2295 666 2359 quem
689 2274 795 2338 laeum
817 2273 911 2337 foede
936 2273 1145 2357 depravatum
1163 2309 1205 2320 -
1222 2270 1366 2336 Coav:

224 2375 436 2442 attribuerint
458 2375 586 2459 [110111
610 2378 629 2440 8
654 2376 723 2460 litt]
747 2383 872 2462 troque3
902 2376 1070 2441 Gelenius:
1100 2375 1365 2441 attribuerentur

224 2488 328 2546 tamen
351 2488 452 2546 oestro
475 2517 515 2526 —
540 2482 585 2546 sio
600 2480 882 2565 redintegrandum
905 2502 975 2546 esse
990 2501 1125 2546 censeo:
1148 2487 1178 2543 et
1192 2479 1364 2565 quamlibet

223 2587 384 2651 coniurati
398 2587 570 2651 mattarum
592 2606 663 2671 opes
682 2585 884 2650 attribuerint
899 2585 969 2667 siti,
985 2592 1088 2650 tomen
1104 2590 1205 2649 oestro
1223 2585 1367 2668 concepti

217 2691 346 2773 suroris
376 2692 531 2775 esopitati
564 2691 673 2755 caedes
702 2691 825 2756 edidere
853 2691 1027 2773 luctificos,
1059 2689 1230 2773 sanquinis
1266 2688 1366 2753 111110

218 2796 324 2859 minus
348 2794 435 2858 aoidi
456 2814 551 2880 quam
571 2794 780 2879 praedarum.
824 2793 1059 2871 Praedicatum,
1086 2791 1173 2878 quod
1196 2799 1247 2857 est
1270 2794 1364 2858 attri-

218 2897 319 2982 buere,
343 2920 416 2964 eum
439 2907 471 2964 et
493 2899 525 2964 in
549 2898 659 2964 codice
674 2897 832 2964 Vaticano
856 2905 888 2962 et
909 2897 994 2985 apud
1008 2897 1179 2962 Gelonium
1195 2905 1360 2962 servatum

219 3003 269 3086 111,
293 3003 420 3068 omniuo
445 3003 644 3069 retinendum
669 3010 727 3067 est.
764 3003 866 3068 Deest
881 3011 988 3068 autem
1010 3000 1137 3065 dativus
1160 2999 1201 3063 ad
1225 3000 1361 3067 verbum

220 3107 416 3173 attribuendi
437 3109 608 3192 pertinens,
633 3108 687 3192 qui
710 3107 796 3173 nullo
820 3108 883 3172 1110
906 3108 977 3172 1010
998 3106 1059 3170 nisi
1081 3107 1113 3169 in
1127 3104 1253 3187 lacuna,
1278 3126 1360 3191 quae

220 3217 291 3295 post
322 3211 494 3276 attribuere
517 3218 631 3293 exstat,
654 3212 754 3276 latere
776 3218 891 3298 potest.
937 3211 1046 3276 Facile
1074 3209 1246 3274 contesteris
1279 3209 1363 3274 huno

218 3312 362 3379 dativum
385 3315 445 3380 sibi
467 3315 576 3382 fuisso.
623 3316 717 3390 Quod
746 3314 939 3380 vocabulum
961 3315 993 3380 in
1020 3314 1074 3378 illo
1105 3318 1233 3377 vetusto
1267 3312 1366 3391 libro,

218 3439 347 3503 exque
374 3418 567 3505 archetypus
599 3417 716 3483 codicis
740 3418 888 3483 Vstioani
918 3424 950 3484 01
979 3417 1176 3484 (1010111110
1207 3415 1365 3482 editionis

218 3520 397 3606 descriptus
423 3530 480 3605 est,
502 3523 553 3587 vel
576 3524 637 3586 iam
662 3520 772 3587 deerat
796 3522 846 3586 vel
872 3523 916 3586 ita
945 3526 1130 3606 surruptum
1161 3528 1240 3599 erat,
1279 3528 1316 3586 11
1345 3541 1364 3585 1

219 3624 349 3691 librario
372 3625 537 3712 archetypi
561 3625 671 3712 dispici
694 3646 757 3691 non
781 3633 899 3711 posset.
944 3624 1196 3700 collatores,
1220 3627 1274 3706 44,
1306 3625 1367 3690 ubi

216 3727 384 3813 quundibet
406 3751 477 3795 eum
501 3730 703 3795 coniunctius
727 3736 943 3796 constructum
966 3736 1082 3811 exstat,
1105 3729 1137 3794 in
1168 3727 1252 3794 hano
1284 3750 1359 3795 eon·

216 3835 369 3898 iacturam
396 3834 488 3899 110110
519 3833 680 3917 ducimur,
713 3841 749 3899 11
783 3834 986 3899 attribuerint
1020 3855 1094 3898 eum
1123 3832 1235 3901 codiee
1267 3833 1359 3899 Vati·

216 3957 297 4002 euno
340 3937 515 4004 scribamus
557 3940 707 4022 neglecta
752 3938 877 4003 Gelouii
923 3937 1062 4003 lectione
1107 3935 1362 4004 attribuerentur

216 4050 293 4127 apto
318 4063 413 4107 sensu
430 4048 568 4107 carente.
600 4041 806 4108 Manifestum
830 4042 914 4108 enim
938 4047 986 4108 est
1009 4042 1189 4124 Gelonium,
1208 4064 1281 4107 oum
1309 4044 1365 4109 im·

217 4146 351 4231 perfecti
369 4145 602 4211 coniunctivum
619 4147 651 4211 in
666 4149 836 4212 verborum
854 4152 1042 4212 contextum
1058 4147 1227 4230 insereret,
1241 4156 1365 4213 reatem

219 4255 399 4334 temporum
431 4251 685 4316 convenientiam
716 4251 884 4315 restituere
916 4252 1064 4317 voluisse.
1115 4248 1197 4315 Cum
1228 4251 1366 4318 Gelenio

220 4360 327 4420 autem
352 4362 454 4419 tamen
478 4363 578 4420 oestro
608 4355 778 4440 legendum
810 4364 860 4420 est
890 4356 996 4420 deleto
1026 4375 1092 4442 oue,
1126 4354 1212 4440 quod
1247 4358 1367 4425 idoneo
