3030 4816
698 303 787 390 [nos]
1289 309 1306 370 r

180 520 288 563 veram
322 497 464 561 habitam
498 519 565 562 esse
599 497 743 562 Eunuchi
783 499 906 583 prologi
946 498 1043 562 verba
1080 499 1308 563 demonstrant.

177 602 263 668 Nam
294 625 365 667 cum
394 602 566 667 Eunuchus
598 603 682 687 apud
712 602 831 667 aediles
861 604 997 687 primum
1028 612 1185 688 ageretur,
1214 612 1309 689 poeta

179 707 378 772 adversarius
411 707 551 771 Terentii
585 707 776 773 exclamavit
809 728 828 770 a
862 707 1012 772 Terentio
1050 709 1204 772 lurtum
1240 730 1308 773 esse

179 811 400 893 commissum,
431 810 516 894 quod
546 811 624 874 duas
652 831 801 895 personas
832 831 873 874 ex
900 809 1016 876 fabulis
1047 812 1143 876 latine
1171 813 1235 876 iam
1267 811 1308 875 ab

179 915 249 978 aliis
271 915 427 979 conversis
449 915 482 978 in
504 936 592 978 suam
613 912 804 979 Eunuchum
827 916 1004 999 recepisset,
1027 915 1107 1000 prol.
1132 937 1162 980 v.
1189 918 1227 979 19
1246 936 1308 1000 sq.:

588 1057 682 1121 qrmm
703 1057 787 1100 nune
810 1038 915 1101 acturi
934 1056 1043 1101 sumus

309 1140 481 1204 Menandri
502 1138 702 1222 Eunuchum,
724 1147 888 1226 postquam
910 1141 1025 1206 aediles
1047 1148 1196 1225 emerunt,

307 1243 448 1325 Perfecit
469 1242 529 1307 sibi
550 1250 585 1307 ut
606 1238 800 1327 inspiciundi
822 1250 897 1309 esset
920 1247 1020 1329 copia.

308 1349 522 1432 Magistratus
544 1369 636 1433 quom
657 1348 700 1411 ibi
721 1348 849 1425 adesset,
872 1357 1027 1433 acceptant
1049 1352 1112 1434 aqi.

307 1451 480 1516 Exclamat
498 1452 617 1536 furem,
640 1472 703 1515 non
722 1459 846 1534 poetam
861 1452 1013 1536 fabulam

308 1557 440 1622 Dedisse
461 1563 489 1618 et
512 1556 590 1626 nihil
613 1556 733 1620 dedisse
755 1556 921 1620 uerborum
944 1564 1067 1620 tamen:

308 1661 449 1726 Colacem
471 1681 533 1724 esse
554 1659 659 1724 Naeui
680 1666 708 1723 et
731 1659 852 1741 Plauti,
876 1666 1008 1724 ueterem
1031 1660 1193 1738 fabulam:

308 1765 456 1829 Parasiti
474 1785 642 1847 personam
666 1764 738 1827 inde
761 1764 898 1828 ablatam
922 1771 949 1828 at
971 1766 1089 1829 militis.

283 1905 394 1988 Itaque
417 1879 457 1967 ne
479 1924 630 1987 personas
646 1902 772 1987 quidem
790 1905 929 1987 singulas
945 1925 986 1968 ex
1002 1904 1065 1967 alia
1082 1904 1191 1968 fabule
1208 1906 1307 1969 latina

181 2011 212 2073 in
241 2030 357 2072 novam
385 2006 578 2071 comoediam
608 2006 786 2070 adversario
822 2014 950 2071 auctore
984 2008 1147 2072 transferri
1180 2009 1305 2074 licebat.

180 2111 363 2192 Videamus,
387 2110 543 2195 quomodo
565 2108 731 2173 Terentius
753 2104 820 2174 sese
843 2110 1021 2174 defenderit
1044 2133 1072 2173 v.
1086 2113 1125 2175 27
1151 2132 1215 2195 sq.:

311 2233 348 2296 Si
369 2231 404 2293 id
426 2239 470 2296 est
490 2237 660 2314 peccatum,
678 2239 844 2315 peccatum
866 2233 1100 2316 inprudentiam

310 2336 434 2416 Poetae,
457 2355 518 2398 uon
541 2355 601 2421 quo
616 2335 749 2418 furtum
768 2336 878 2416 facere
900 2336 1066 2400 studuerit.

182 2475 332 2540 Concedit
353 2476 450 2560 igitur
473 2497 539 2540 rem
562 2475 621 2538 sibi
643 2474 764 2539 crimini
788 2473 856 2537 dari
879 2495 978 2558 posse.
1009 2473 1120 2557 Pergit
1143 2496 1170 2536 v.
1187 2477 1224 2538 31
1244 2496 1308 2559 sq.:

847 2614 1037 2659 cassanen
1060 2600 1154 2677 nepot

203 2700 363 2764 Personas
384 2699 585 2764 transtulisse
607 2702 640 2762 in
664 2698 852 2762 Eunuchum
875 2718 966 2762 suam

202 2803 255 2868 Ea
277 2803 414 2869 Graeca:
437 2804 490 2868 sed
512 2825 565 2867 eas
584 2802 716 2885 fabulas
736 2801 790 2882 (cd
805 2803 878 2865 aliis
893 2801 1063 2879 Daiatzko)
1078 2802 1192 2882 factas
1219 2804 1309 2884 prins

202 2908 340 2973 Latinas
360 2908 453 2970 scisse
475 2928 547 2988 sese,
570 2908 605 2970 id
626 2927 701 2969 uero
719 2912 874 2988 pernegat

182 3048 348 3130 verbisque
378 3066 458 3130 quae
490 3045 697 3128 insequuntur
726 3044 797 3107 illes
826 3065 977 3127 personas
1006 3044 1136 3107 usitatas
1166 3064 1234 3106 esse
1257 3044 1310 3108 de·

184 3158 346 3233 monstrat,
369 3171 450 3235 quae
470 3148 511 3212 ab
535 3168 741 3232 unoquoque
764 3147 894 3211 adscisci
915 3147 1034 3232 possint
1057 3152 1151 3230 pocta
1173 3145 1310 3209 comico:

310 3272 401 3353 Quod
423 3272 451 3334 si
467 3273 614 3355 personis
636 3269 732 3333 isdem
754 3267 827 3332 hnic
849 3270 897 3332 uti
918 3289 981 3332 non
1004 3270 1091 3332 licet:

310 3376 372 3456 Qui
394 3376 497 3458 inagis
519 3376 588 3438 licet
610 3379 784 3436 currentem
806 3392 929 3435 seruam
952 3370 1096 3453 scrihere,

311 3478 421 3541 Bonas
443 3483 606 3541 matronas
624 3474 743 3557 facere,
765 3476 939 3539 meretrices
960 3476 1072 3555 malas,

310 3583 496 3646 Parasitum
519 3580 652 3660 edacem,
677 3579 850 3662 gloriosum
874 3579 1010 3657 militem,

311 3688 450 3751 Puerum
471 3685 616 3766 supponi,
631 3682 715 3766 fatti
735 3703 794 3765 per
816 3702 937 3745 seruum
960 3702 1073 3760 senem,

311 3792 439 3867 Amare,
464 3790 574 3870 odisse,
598 3785 930 3871 supernarumque

311 3894 471 3960 Nullumst
494 3895 559 3957 iam
581 3892 709 3970 dictum,
731 3890 814 3975 quod
836 3906 899 3953 non
921 3890 962 3952 sit
985 3887 1105 3951 dictum
1117 3888 1220 3969 prius.

183 4033 268 4098 Hinc
291 4033 467 4116 explicatur
491 4030 575 4115 quod
599 4031 629 4093 in
652 4028 790 4113 Adelph.
814 4029 944 4114 prologo
969 4062 1007 4071 —-
1029 4048 1122 4111 quem
1138 4026 1242 4090 locum
1257 4048 1311 4091 ex·

185 4139 364 4222 scripsimus
386 4139 453 4220 p.5
480 4173 514 4181 —
541 4141 606 4198 tem
629 4134 737 4197 sedulo
757 4141 857 4213 cavet,
881 4153 920 4196 ne
939 4131 1039 4195 simile
1063 4132 1095 4194 in
1121 4132 1238 4194 crimen
1266 4132 1311 4194 in·

76 4303 84 4321 ,
185 4248 298 4306 currat.
342 4238 427 4303 Nam
454 4260 524 4302 cum
548 4259 589 4302 ex
610 4236 732 4322 Diphili
755 4235 916 4301 comoedia
946 4236 1008 4299 iam
1031 4256 1049 4297 a
1072 4233 1190 4297 Plauto
1214 4234 1311 4298 latine

186 4343 309 4408 reddita
331 4364 425 4408 unam
441 4362 587 4406 scaenam
602 4340 801 4426 expresserit,
824 4338 900 4402 furti
923 4338 1171 4402 criminationem
1194 4337 1225 4400 in
1241 4358 1312 4423 pro·
