2956 4822
631 295 724 383 [rra]
1205 291 1246 358 ra

112 499 248 566 fluminis
286 497 355 582 ripa
390 495 502 560 urbem
536 491 693 575 condidit,
727 512 823 577 quam
855 492 1037 556 Καλλινίκου
1071 488 1160 556 πόλιν
1192 514 1248 578 ap·

114 605 254 692 pellauit.
301 600 451 666 Herculis
482 599 580 683 igitur
612 595 756 661 Callinici
786 616 902 659 nomen
933 597 984 660 uel
1008 596 1070 659 boc
1099 598 1166 682 ipso
1197 598 1250 661 uel

114 715 188 774 ante
224 708 284 772 hoc
317 713 444 790 tempus
478 726 549 769 eum
587 700 797 785 assumpsisse
826 707 977 785 apparet:
1006 700 1093 785 quod
1124 702 1250 786 quando

116 814 236 879 factum
260 812 311 891 sit,
335 809 513 875 accuratius
537 806 669 871 definire
692 824 756 868 non
781 804 863 868 lieet.
910 803 1005 868 Certe
1024 812 1094 870 tota
1110 805 1252 872 Seleucis

117 923 245 1004 praeter
268 917 340 980 loca
362 914 519 976 maritima
536 910 691 996 quaedam
715 909 770 971 illo
787 916 929 993 tempore
944 909 976 973 in
992 910 1076 994 regis
1092 916 1252 996 potestate

118 1024 216 1087 luisse
239 1019 376 1086 uidetur.
421 1017 549 1082 Deinde
573 1016 757 1081 Orthosiam
781 1015 942 1079 ciuitatem
973 1017 1004 1080 in
1035 1017 1110 1101 ipsis
1139 1018 1254 1084 finibus

119 1125 296 1194 Seleucidis
311 1129 343 1188 et
358 1121 540 1186 Phoenices
564 1121 668 1199 sitam,
692 1139 774 1204 quae
792 1139 862 1183 cum
880 1119 974 1182 etiarn
992 1128 1060 1184 tum
1076 1122 1105 1185 ei
1121 1121 1255 1202 fauerct,

120 1233 159 1296 ab
192 1228 362 1314 Aegyptiis
398 1225 583 1290 obsessione
616 1222 834 1307 premebatur,
864 1223 1030 1288 liberauit:
1065 1234 1161 1310 atque
1191 1228 1256 1292 iam

122 1334 261 1398 maxime
283 1331 385 1418 auctis
415 1329 481 1392 suis
513 1327 609 1391 rebus
642 1326 724 1390 ultro
747 1325 970 1391 Ptolemaeum
1001 1348 1170 1412 aggressus
1198 1337 1257 1411 est,

121 1438 287 1503 inuasione
322 1441 358 1497 ut
387 1433 515 1496 uidetur
546 1431 577 1493 in
611 1429 727 1495 Coelen
759 1431 881 1516 Syriam
913 1431 1007 1496 facta.
1055 1433 1118 1497 Sed
1146 1432 1259 1501 ‘uictus

122 1542 246 1629 proelio
274 1538 466 1623 (secundum
491 1536 684 1616 Iustinuml)
709 1556 772 1598 non
796 1535 894 1600 multo
918 1557 1012 1621 quam
1036 1544 1109 1622 post
1131 1539 1260 1604 naufra-

124 1648 211 1732 gium
235 1644 414 1709 comitatior
437 1641 581 1726 trepidus
604 1638 816 1704 Antiocheam
846 1638 997 1724 confugit
1026 1641 1132 1726 (241).
1178 1645 1259 1709 'Pom

125 1752 239 1815 iterum
263 1747 376 1835 opibus
400 1745 583 1824 destitutus,
607 1744 711 1807 denuo
737 1743 776 1806 ad
800 1745 936 1808 salutem
960 1745 990 1808 in
1014 1745 1146 1811 foedere
1166 1769 1262 1833 quae-

125 1853 259 1918 rendam
281 1850 430 1917 redactus
455 1857 511 1915 est.
558 1847 761 1932 Quapropter
792 1869 863 1913 cum
893 1849 1052 1914 Antiocho
1085 1854 1263 1934 transigere

128 1965 272 2033 conatus,
294 1955 373 2019 Asia
396 1955 519 2018 minore
541 1954 624 2016 intra
646 1952 786 2016 Taurum
810 1954 838 2016 ei
862 1973 1015 2018 concessa
1041 1954 1146 2021 fratris
1170 1979 1263 2043 opem

128 2070 239 2127 contra
263 2060 488 2124 Ptolemaeum
510 2058 703 2142 implorauit.
750 2057 844 2130 Quod
869 2066 976 2123 tamen
994 2067 1124 2144 pactum
1141 2084 1215 2127 uum
1232 2088 1265 2129 re

131 2187 208 2232 uera
229 2164 405 2251 perfectum
429 2163 480 2241 sit,
504 2182 567 2226 nou
591 2182 746 2247 apparere
769 2162 946 2226 rectissime
963 2170 1071 2227 monet
1086 2163 1265 2252 Koeppius.

131 2270 225 2335 Certe
249 2267 439 2352 Euergetes,
464 2266 516 2356 qui
539 2266 608 2329 aliis
632 2266 738 2329 nescio
764 2266 879 2350 quibus
895 2266 991 2330 rebus
1007 2289 1063 2351 per
1080 2278 1184 2335 totum
1208 2272 1267 2337 hoc

132 2373 283 2458 temporis
306 2372 445 2457 spatium
469 2376 644 2454 occupatus
671 2369 769 2433 fuisso
799 2369 936 2450 uidetur,
968 2373 1088 2437 ueritus
1120 2375 1166 2439 ‘ne
1196 2397 1268 2439 cum

133 2478 258 2542 duobus
282 2497 346 2540 uno
370 2483 516 2559 ternpore
538 2473 711 2555 dimicaret,
735 2474 764 2537 io
790 2495 890 2538 annos
913 2474 1023 2540 decem
1046 2497 1115 2542 cum
1133 2480 1268 2547 Seleuco

136 2601 247 2668 pacem
270 2575 374 2643 facit’‘·'
398 2576 502 2662 (241).

239 2682 309 2747 Nec
323 2683 423 2747 multo
436 2688 510 2766 post
526 2680 566 2744 ab
582 2681 742 2746 Antiocho
758 2682 878 2747 bellum
890 2684 1065 2750 fraternum
1082 2695 1271 2754 renouatum

138 2796 195 2854 est.
229 2788 449 2871 Pergamenos
473 2787 627 2852 societate
651 2809 722 2850 curn
746 2786 880 2852 Seleuco
904 2791 1089 2856 coniunctos
1107 2794 1271 2859 Gallorum

139 2892 428 2959 mercennariorum
451 2912 512 2977 ope
536 2890 659 2955 Hierax
692 2893 768 2955 satis
792 2895 988 2978 oppressisse
1020 2897 1148 2962 uidetur
1172 2901 1275 2980 (240).

138 2997 285 3062 Eumene
300 3004 407 3059 autem
425 2995 506 3058 circa
531 2994 606 3057 illud
631 3001 758 3079 tempus
777 3003 901 3060 mortuo
925 2998 1055 3063 Attalus
1078 3002 1110 3065 in
1134 3002 1275 3068 domina·

141 3101 258 3165 tionem
275 3098 409 3183 patrueli
426 3098 587 3176 successit,
607 3097 659 3183 qui
675 3098 760 3182 apud
776 3097 970 3183 Pergamum
986 3102 1182 3169 Antiochum
1202 3108 1277 3171 Gal·

142 3203 254 3288 losque
269 3222 385 3285 magna
408 3202 464 3264 illa
486 3200 577 3265 clade
597 3201 721 3278 deuicit,
745 3222 826 3286 quac
843 3213 956 3289 postea
973 3213 1021 3268 tot
1037 3209 1279 3292 magnificentis-

145 3308 231 3370 simis
254 3307 331 3370 artis
354 3305 568 3369 monumentis
592 3304 748 3369 illustrata
773 3312 830 3369 est.
877 3306 982 3371 Huius
1005 3309 1102 3393 igitur
1121 3314 1197 3376 sccii
1217 3335 1278 3400 ope

147 3410 284 3474 confisus
301 3409 455 3474 Seleucus
470 3410 596 3474 interea
614 3418 648 3472 ut
664 3411 835 3473 orientales
851 3414 940 3494 regni
957 3422 1063 3497 partes
1079 3425 1281 3500 recuperaret

149 3536 279 3600 operam
316 3513 412 3578 dedit.
467 3512 747 3597 Mesopotamiam,
779 3513 1006 3599 Babyloniam,
1041 3518 1208 3585 Susianam
1243 3542 1281 3587 eo

150 3640 232 3684 anno
255 3619 287 3682 in
308 3623 504 3702 potestatem
528 3617 688 3701 redegisse
711 3617 855 3699 uidetur,
884 3641 953 3684 cunr
986 3623 1164 3708 insequenti
1188 3626 1283 3708 (239)

152 3724 318 3809 Babylone
352 3729 463 3787 contra
494 3721 633 3786 Parthos
666 3721 903 3806 expeditionem
939 3727 1089 3810 pararit3.
1140 3728 1284 3802 Quorum

152 3827 284 3914 imperio
309 3833 459 3912 suscepto
476 3826 604 3905 (assir)
630 3827 782 3910 regioque
805 3830 953 3893 nomines
974 3838 1128 3915 ssumpto,
1151 3834 1286 3899 Arsaces

259 4108 268 4142 ¹
288 4105 316 4158 C.
335 4105 360 4169 2,
379 4107 403 4158 5.

259 4191 384 4245 2Ιιιεῒίη.
404 4210 426 4245 c.
445 4192 471 4258 2,
491 4193 516 4246 9.

159 4363 192 4419 20
261 4278 384 4332 ⁸lustin.
408 4280 452 4345 41,
469 4281 494 4332 «l.
530 4279 752 4347 Agatharchides
777 4297 819 4348 ap.
843 4281 953 4351 Ioseph.
979 4300 1002 4337 c.
1027 4285 1078 4352 Ap.
1104 4287 1118 4339 Ι
1141 4286 1175 4342 2¹2
1194 4287 1244 4351 (Vl
1266 4306 1290 4357 p.

193 4367 209 4420 ri
228 4367 291 4434 Bk.)
