2956 4822
674 349 763 433 [arr]
1223 347 1281 411 121

150 539 255 603 Cianis
280 541 409 605 uirlctur
433 543 478 605 eis
503 542 607 604 uerbis
633 563 706 605 usus
731 561 801 604 esse
824 562 907 624 quae
938 542 1021 623 regis
1050 539 1181 603 facinori
1213 539 1285 622 plus

148 643 288 709 inuidiae
318 646 483 710 inferrent.
530 643 653 709 Tamen
685 667 724 709 ne
754 646 798 708 ita
828 646 973 730 quidem,
1006 645 1134 727 opinor,
1170 642 1284 706 Cianos

148 749 349 832 sympolitiac
385 750 575 813 Aetolorum
610 750 781 834 participes
821 748 918 813 luisse
957 747 1105 828 dixisset,
1145 747 1170 809 si
1210 747 1284 810 socii

148 857 272 916 tanturn
307 853 450 919 luissent.
506 856 577 930 Qua
612 877 646 918 re
681 854 738 918 bos
773 854 905 939 quidem
941 853 1064 916 Aetolis
1097 851 1284 934 adscriptos,

149 957 383 1024 Chalcedonios
405 966 513 1024 autem
538 959 641 1024 socios
665 980 776 1023 corum
800 959 898 1023 luisse
923 978 1079 1021 censeam.
1123 956 1173 1019 De
1195 955 1285 1039 Lysi·

148 1062 371 1128 maehensibus
411 1064 556 1128 dubitare
596 1064 688 1145 licet,
727 1086 799 1127 cum
838 1084 952 1147 parurn
992 1062 1157 1147 perspicue
1201 1060 1286 1124 dieta

147 1165 209 1229 siut
245 1167 344 1230 uerba
378 1166 447 1245 μετ’
482 1169 633 1231 Αἰτωλῶν
668 1166 872 1248 ταττομένην,
907 1187 1099 1249 quamquam
1134 1164 1215 1227 lrrree
1245 1164 1284 1226 de

148 1271 334 1355 sympolitia
350 1272 456 1356 potius
473 1294 568 1357 quam
586 1271 625 1335 do
642 1272 795 1336 societate
811 1271 986 1355 acceperim
1004 1276 1135 1354 proptor
1151 1289 1188 1332 ea
1203 1288 1286 1353 (qnae

146 1382 338 1459 sequuntur:
362 1376 580 1459 παραπλησίως
601 1374 668 1455 μετ’
689 1377 840 1439 Αἰτωλῶν
863 1372 1186 1456 συμπολιτευομένους.
1228 1372 1286 1435 Ce-

149 1483 255 1541 terum
278 1478 463 1542 subditicios
487 1480 538 1543 uel
559 1480 741 1543 tributarias
757 1481 816 1544 bas
833 1480 980 1543 ciuitates
996 1479 1105 1557 fuisse,
1128 1496 1285 1560 nusquam

147 1582 299 1647 traditum
323 1591 383 1664 est,
407 1604 512 1668 neque
535 1585 593 1648 has
617 1584 720 1648 minus
744 1604 839 1669 quarn
863 1584 942 1647 alias
962 1584 1107 1646 ciuitates
1124 1586 1286 1644 senatores

148 1684 189 1748 ad
212 1686 346 1749 concilia
371 1689 552 1751 communia
582 1688 714 1752 misisse.
761 1687 898 1750 Comitia
928 1684 1055 1771 quidem
1079 1684 1286 1747 Panaetolico

148 1789 235 1853 ciues
270 1791 358 1855 obire
394 1812 456 1855 non
490 1790 629 1875 potuisse
664 1812 721 1875 per
761 1813 795 1855 se
832 1791 1029 1873 intellegitur
1065 1790 1118 1869 (ef.
1151 1787 1286 1852 Vischcr

148 1916 177 1979 p.
201 1891 298 1977 578);
328 1893 360 1957 id
384 1902 507 1975 tamen,
535 1915 598 1958 non
629 1917 692 1981 quo
723 1894 796 1959 inde
830 1896 900 1958 iure
932 1893 1198 1971 excluderentur,
1228 1890 1283 1955 sed

148 2001 279 2081 propter
303 1997 568 2083 longinquitatem
593 1998 715 2063 sedium
741 2019 852 2063 eorum
876 1998 944 2063 fieri
967 2019 1028 2061 non
1054 1998 1166 2081 potuit.

250 2100 400 2186 Denique
416 2102 456 2165 de
472 2102 555 2167 Ceiis
572 2101 759 2187 Droysenus
775 2124 905 2188 prorsus
922 2103 1050 2180 errauit,
1074 2099 1160 2184 qnod
1178 2100 1285 2165 titulos

149 2202 223 2268 ele
246 2206 460 2270 2350-2352
483 2226 540 2290 pro
566 2206 699 2270 decretis
724 2205 838 2269 babuit
866 2204 979 2289 quibus
1003 2203 1069 2268 Ceii
1096 2205 1127 2267 in
1158 2224 1286 2287 sympo-

148 2307 248 2371 litiam
271 2307 460 2373 Aetolorum
485 2311 604 2394 recepti
627 2311 697 2374 sint.
743 2310 846 2374 Immo
870 2308 1074 2393 isopclitiam,
1106 2329 1167 2371 non
1202 2328 1285 2390 sym·

150 2413 281 2497 politam
305 2411 501 2498 Naupactios
535 2420 566 2477 et
596 2413 691 2477 Ceios
722 2414 781 2478 sibi
813 2413 946 2477 inuicem
978 2413 1027 2475 his
1058 2413 1167 2496 populi
1198 2412 1285 2474 scitis

149 2517 364 2602 praestitisse,
397 2517 534 2582 Aetolos
568 2524 675 2582 autern
709 2518 784 2581 nihil
822 2518 881 2581 nisi
918 2517 1089 2580 amicitiam
1125 2516 1285 2601 publicam

149 2641 324 2686 renouasse
348 2628 380 2684 et
401 2622 534 2706 asyliarn
552 2621 635 2686 Ceiis
660 2623 850 2703 decreuisse,
875 2622 969 2686 etiarn
989 2622 1138 2687 Kubnius
1162 2620 1285 2684 monuit

149 2725 195 2808 (p.
222 2722 309 2808 120),
332 2726 385 2810 qui
409 2732 515 2790 tamen
539 2726 639 2790 uerba
661 2725 701 2803 ὡς
726 2728 877 2790 Αἰτωλῶν
900 2724 1000 2790 ὄντων
1024 2732 1085 2789 τῶν
1108 2728 1224 2801 Krr'cov,
1247 2745 1286 2788 ea

148 2827 305 2908 nimirum,
333 2850 416 2913 quae
439 2850 569 2893 causam
591 2828 699 2914 lapsus
721 2829 952 2913 praebuerunt,
979 2851 1044 2893 non
1075 2836 1161 2893 recte
1191 2829 1285 2891 inter·

148 2936 293 3015 pretatur
319 2933 439 3017 ,gleieb
463 2934 510 2999 als
534 2935 574 2997 ob
598 2934 643 2998 sie
666 2934 800 2998 Aetolcr
823 2937 982 3000 waeren“.
1027 2933 1111 2997 Tum
1134 2933 1217 2996 enim
1245 2930 1285 3008 οἱς

148 3031 187 3098 ἂν
208 3035 236 3098 εἰ
252 3035 371 3100 dictum
388 3045 483 3119 esset,
507 3059 570 3101 non
588 3035 628 3114 οἷς
645 3035 751 3103 ὄντων.
789 3038 910 3103 Verum
929 3037 1004 3123 qnid
1020 3045 1112 3117 esset,
1128 3037 1286 3119 sagaciter
1372 3024 1373 3027 ¹

149 3138 230 3204 uidit
252 3140 438 3206 Buecherus
461 3141 524 3222 (De
548 3149 645 3224 gente
668 3143 815 3207 Aetolica
832 3142 1099 3226 Amphictyoniae
1124 3141 1285 3225 participe.

151 3241 284 3310 Bonnae
311 3247 443 3331 lamp.
474 3244 537 3326 19),
565 3247 616 3330 qui
640 3268 660 3310 a
682 3245 869 3332 Naupactiis
894 3245 988 3311 Ceios
1019 3246 1173 3329 originem
1204 3244 1285 3308 deri·

149 3368 242 3413 nasse
272 3348 397 3431 docuit,
429 3352 526 3414 citato
555 3351 727 3416 Heraclide
759 3352 854 3415 Pont.
878 3358 944 3415 nol.
971 3351 1072 3414 Κείων
1103 3350 1143 3430 (c.
1168 3348 1222 3431 a),
1252 3349 1283 3412 in

148 3452 275 3516 illorum
307 3461 414 3517 antem
444 3455 551 3518 locum
582 3456 714 3520 Aetolos
743 3455 950 3535 successisse,
981 3462 1151 3538 postquam
1179 3453 1223 3515 illi
1252 3452 1284 3514 in

148 3555 261 3620 horum
286 3564 415 3638 gentem
431 3578 611 3641 nomenque
627 3561 867 3625 concessissent.
902 3558 976 3622 Hoc
991 3559 1087 3641 igitur
1102 3558 1162 3621 illis
1178 3557 1284 3620 uerbis

148 3661 319 3725 indicatur:
352 3662 473 3744 origine
501 3683 559 3727 sua
589 3664 786 3748 propinquos
819 3684 888 3728 esse
918 3662 1011 3727 Ceios
1041 3662 1174 3726 Aetolis.
1222 3660 1283 3733 Qui

149 3785 221 3828 cum
236 3766 282 3830 eis
298 3767 468 3831 amicitiam
483 3766 591 3834 facere
604 3789 668 3831 non
685 3769 875 3854 potuissent,
892 3769 916 3832 si
930 3767 1131 3853 sympolitiae
1144 3767 1284 3851 ipsorum

148 3869 299 3954 adscripti
322 3868 466 3935 fuissent.

254 3973 395 4059 Ussingii
417 3986 524 4040 autem
554 3974 600 4060 (p.
624 3979 658 4054 9)
691 3997 840 4058 errorem,
872 3978 925 4061 qui
952 3978 1077 4041 titulum
1103 3976 1284 4041 Aetolicum

150 4075 431 4163 01e3046‚qu0
456 4078 665 4163 asyliaTeiis
694 4078 798 4161 datur,
831 4080 911 4145 adeo
945 4102 1008 4144 non
1041 4079 1216 4165 perspexit,
1250 4086 1285 4143 ut

148 4178 207 4245 hos
239 4201 366 4265 quoque
392 4181 527 4247 Aetolos
557 4183 657 4248 luisse
687 4184 782 4263 dicat,
813 4191 886 4268 post
917 4184 1106 4248 Viscberum
1137 4185 1182 4268 (p.
1207 4186 1284 4263 518)

153 4305 404 4352 commemorare
435 4288 491 4350 uix
520 4308 600 4372 opus
634 4295 692 4354 est.
745 4287 892 4374 Denique
914 4288 957 4352 cle
980 4287 1095 4373 Polyb.
1119 4288 1167 4355 IV
1191 4291 1284 4371 25,l

155 4386 196 4455 cf.
219 4387 354 4457 Vischer
375 4411 406 4476 p.
429 4394 503 4459 518.
