2948 4808
527 337 567 348 -
615 297 680 388 [α]
727 338 768 349 -
1180 303 1217 364 a

171 491 395 579 Westphslius
412 490 470 559 ΙΙ2
482 514 514 579 p.
524 493 587 558 842
604 491 664 558 hos
676 513 791 559 sersus
805 491 1217 559 choriambieodiiambicos

84 596 240 683 appellat.
274 595 409 680 Syllaba
432 602 542 661 antem
565 594 672 680 longa,
697 616 780 682 quse
802 594 947 662 abundat
969 596 1002 663 in
1024 597 1089 661 fine
1104 617 1218 664 versus

84 698 228 778 secundi,
251 696 408 764 docemur
430 699 587 765 maiorem
611 720 746 787 pausam
770 700 877 766 locum
900 699 1065 768 habuisse.

304 819 443 886 Philoet.
463 821 684 884 lose-1100
708 851 749 874 =
776 822 994 884 tlte-1121

83 938 158 1017 post
184 953 299 997 versus
330 932 539 1017 logeocdicos
567 931 799 1013 ascendentes,
835 939 871 997 ut
900 932 1037 1015 videtur,
1073 934 1219 1020 sequitur

84 1057 199 1101 versus
222 1037 290 1101 hic:

236 1160 296 1224 τού
319 1156 456 1237 πλέονος
478 1153 635 1243 δαίμονας
657 1159 746 1225 εἵλου
769 1154 807 1226 τὸ
830 1154 945 1226 κάκιον
967 1152 1042 1226 ἀντί
1150 1192 1213 1231 isso

310 1371 448 1442 Philoct.
467 1374 683 1435 1123-1145
706 1403 746 1426 =
775 1375 990 1437 rice-1168

83 1485 115 1548 in
147 1483 254 1548 media
283 1483 432 1570 stropha,
463 1504 547 1569 quae
579 1504 621 1548 ex
647 1484 794 1549 versibus
817 1485 1018 1570 logaocdicis
1042 1485 1218 1549 maximam

86 1593 210 1674 partem
235 1593 372 1663 constat,
386 1587 429 1654 hi
453 1594 627 1652 occurrunt
650 1608 777 1653 versus:

83 1705 169 1792 ύριῦν
190 1705 250 1792 μὲν
267 1703 404 1793 αἰσχρὰς
426 1701 568 1788 ἀπάτας,
592 1701 726 1793 στυγνὸν
741 1706 778 1774 δὲ
792 1700 872 1796 φῶτ’
891 1703 1087 1791 ἒχθοδοπὸν,
1154 1739 1216 1780 sias

84 1805 176 1895 μυρί’
190 1803 252 1876 ἀπ’
263 1807 406 1906 αἰσχρῶν
415 1803 622 1878 ἀνατέλλονθ’
636 1799 673 1890 39
684 1804 733 1903 ἐφ’
744 1804 824 1901 ἡμῖν
834 1805 904 1879 κάκ’
917 1806 1064 1903 ἐμήσατ’,
1077 1801 1104 1878 ὦ
1112 1812 1218 1897 Ζεύῑ)

85 1941 136 1966 υ-
258 1941 336 1968 νυ.
367 1941 479 1967 υ-υ..
509 1941 614 1968 -υυ-

168 2183 243 2248 Non
276 2183 441 2271 discrepat
475 2204 548 2249 oum
583 2183 645 2255 hac
672 2182 831 2269 Aeschyli
869 2189 902 2247 et
931 2183 1100 2270 Sophoclis
1137 2205 1217 2249 con·

87 2287 258 2353 suetudine
276 2288 434 2355 Euaimon
454 2309 532 2353 usus
554 2288 587 2352 in
610 2287 806 2353 adhibendis
826 2288 1032 2354 choriambis.
1068 2288 1096 2354 Ε
1114 2287 1218 2352 chori-

84 2391 188 2455 ambis
223 2400 256 2456 et
291 2391 442 2456 diiambis
475 2392 552 2456 solis
580 2392 798 2478 fragmentum
827 2395 889 2456 432
920 2391 975 2478 (sd
1004 2391 1225 2479 Hippolytum

86 2493 270 2581 pertinens)
294 2496 510 2581 compositum
534 2506 585 2560 est

207 2606 280 2680 ἀντὶ
306 2609 409 2700 πυρὸς
431 2609 492 2701 γὰρ
515 2606 595 2681 ἄλλο
618 2617 685 2700 πῦρ

206 2717 318 2801 μεῖζον
340 2713 539 2802 idi-docento
560 2722 708 2804 γυναῖκες
730 2715 816 2786 πολὺ
839 2715 1091 2806 δυςμαχιύτερον.

171 2996 299 3064 Ceteris
323 3000 413 3081 locis,
438 3000 555 3085 quibus
578 2996 765 3069 choriambo
790 3018 869 3062 usus
889 3004 949 3077 est,
971 2996 1145 3084 Euripides
1162 3005 1218 3062 ant

87 3102 119 3165 in
150 3103 242 3167 initio
271 3103 425 3189 strophae
454 3104 514 3170 hoc
546 3103 623 3170 fecit
655 3108 711 3177 aut
741 3123 859 3167 versus
887 3100 1122 3165 choriambicos
1145 3101 1218 3165 aliis

84 3206 230 3271 versibus
259 3206 446 3283 admiscuit3
478 3208 607 3277 nullum
626 3206 746 3292 legitur
771 3205 958 3292 exemplum
985 3204 1162 3270 choriambi
1184 3205 1217 3268 in

82 3313 147 3377 line
171 3312 326 3398 strophae
350 3312 457 3398 positi.
507 3402 510 3407 ἡ

169 3433 302 3498 Initium
326 3434 480 3520 strophae
504 3454 617 3498 versus
642 3430 851 3503 choriambici
875 3429 1013 3494 faciunt:

370 3555 496 3621 Alcest.
520 3557 658 3621 86-92
682 3586 721 3610 =
747 3552 936 3639 trs-104²)

146 3671 235 3742 κλύει
258 3701 309 3756 τις
332 3671 354 3767 ἢ
376 3672 554 3763 στεναγμὸν
577 3671 599 3766 ἢ
620 3677 720 3763 χερῶν
741 3671 867 3743 κτύπον
889 3670 973 3741 κατὰ
996 3671 1112 3759 στέγας

144 3777 167 3872 ἢ
189 3777 266 3868 γόον
287 3775 332 3861 ὡς
355 3780 608 3869 πεπραγμένωνς
690 3793 692 3797 ’

80 3915 286 3925 ...μὴ

153 3990 175 4057 ¹)
194 3990 226 4044 In
245 3987 423 4058 antistrophe
441 3988 547 4058 legitur

252 4093 351 4161 μηκέτι
366 4090 485 4162 μηδενός
502 4091 644 4161 κρατύνων
661 4088 713 4144 ὅσα
732 4092 833 4161 πέμπει
851 4088 981 4158 {laodiceae
999 4076 1045 4141 uic

147 4287 169 4348 ²)
191 4281 294 4345 Christ,
312 4280 434 4336 Metrik¹
455 4298 481 4350 p.
497 4280 554 4345 140,
571 4279 623 4334 222
641 4280 810 4350 dactylicum
823 4297 968 4335 numerum
981 4296 1039 4334 esse
1052 4278 1217 4348 suspicatur.
