2956 4822
667 364 758 447 [aas]
1220 367 1278 428 rar

144 560 330 634 narrarunt
354 555 536 636 νεμομένους
560 554 596 619 tri
623 555 726 619 αὑτοῖν
756 555 918 634 inriorem,
949 555 1026 636 (irrep
1056 564 1104 618 καί
1128 556 1185 638 προ
1214 563 1280 635 τοῦ,

144 661 293 745 ἠνάγκασε
325 668 380 748 μιᾷ
411 660 497 724 πόλει
536 659 633 747 ταύτῃ
668 667 816 743 χρῆσθαι.
869 661 1021 745 Utrisque
1057 662 1140 723 enim
1173 662 1280 725 uerbis

143 767 300 831 reseruari
326 766 475 828 uidentur
499 765 567 827 iura
592 765 746 849 quaedam
770 764 886 828 ciuium
918 786 1027 828 eorum
1061 766 1113 848 qui
1144 766 1173 827 in
1203 768 1281 829 alte·

143 891 251 934 rorum
276 870 437 933 ciuitatem
472 869 661 932 concedunt.
708 869 815 951 Atque
847 889 916 931 cum
945 868 1008 931 illic
1037 869 1069 931 in
1097 869 1281 932 uniuersum

144 973 288 1036 dicantur
311 993 370 1036 sua
393 973 510 1056 quique
535 972 702 1035 retinuisse
725 972 777 1054 qui
802 972 832 1034 in
857 972 1020 1035 ciuitatem
1039 971 1279 1035 Atheniensium

143 1077 262 1160 recepti
286 1077 360 1155 sint,
391 1074 441 1138 hic
466 1083 610 1145 cauetur.
635 1097 675 1137 ne
699 1074 738 1136 de
761 1075 867 1154 sacris,
892 1074 980 1154 urbe,
1004 1075 1099 1157 agris,
1122 1076 1280 1158 portubus

143 1180 253 1242 aliisue
277 1179 373 1241 rebus
396 1199 479 1262 quae
505 1177 748 1241 Medeoniorum
773 1180 845 1257 sint,
870 1177 971 1241 Stiriis
996 1177 1168 1262 quidquam
1198 1178 1280 1240 arbi·

143 1285 241 1346 trario
273 1281 435 1345 statuendi
467 1289 610 1366 potestas
641 1283 679 1344 sit
711 1303 792 1344 neue
823 1282 977 1345 inuicem:
1007 1282 1144 1367 exempli
1178 1282 1281 1364 gretia

142 1407 182 1449 ne
215 1388 284 1447 iura
315 1384 526 1463 familiarum,
557 1384 581 1445 si
615 1404 696 1467 quae
730 1392 820 1447 erant
851 1385 882 1447 in
916 1386 1028 1462 sacris,
1058 1385 1168 1469 populi
1200 1385 1279 1448 scito

142 1489 312 1562 tollantur3
347 1510 386 1550 ne
420 1487 548 1550 aedibus
581 1488 698 1549 reiictis
732 1486 829 1550 Stirin
863 1490 1087 1571 transmigrare
1120 1488 1281 1552 Medeonii

143 1602 316 1675 eoguntur3
349 1612 389 1656 ne
412 1594 480 1674 agri
513 1591 713 1676 publicentur
743 1613 824 1655 neue
856 1614 932 1674 ager
964 1592 1110 1676 publicus
1144 1600 1280 1673 uenect3

142 1718 182 1760 ne
214 1695 383 1778 uectigalia
415 1696 445 1757 in
482 1704 574 1778 portu
610 1695 780 1759 Medeonio
811 1697 1017 1759 instituantur
1050 1698 1164 1780 quibus
1196 1717 1280 1761 com-

143 1801 262 1863 mercia
278 1800 307 1861 in
326 1805 453 1883 portum
469 1797 636 1862 Stiricrum
654 1798 894 1862 transferantur.
923 1798 1168 1882 Coniunguntur
1184 1801 1281 1885 igitur

145 1905 292 1966 ciuitates
316 1902 451 1986 quidem.
475 1902 532 1965 sed
556 1909 698 1983 cauetur,
722 1925 761 1966 ne
785 1904 889 1966 altera
912 1904 943 1966 in
966 1905 1096 1966 alterius
1126 1904 1279 1968 dicionem

142 2008 324 2090 perueniat,
356 2009 445 2070 uelut
477 2006 659 2071 Corinthios
690 2009 874 2092 sympolitio
904 2007 988 2071 fectu
1021 2010 1053 2071 in
1083 2010 1278 2092 Argiuorum

141 2118 334 2195 potestatem
365 2110 601 2194 quodammodo
631 2110 777 2174 redactos
807 2133 877 2174 esse
905 2112 1062 2194 significat
1095 2112 1278 2197 Xenophon

142 2215 200 2295 (Η.
218 2214 257 2280 G.
278 2215 440 2297 1V4‚6):
464 2219 512 2277 καὶ
535 2216 686 2291 πολιτείας
707 2216 765 2294 μὲν
786 2215 1024 2297 ἀναγκαζόμενοι
1048 2223 1102 2296 τῆς
1124 2219 1157 2279 s'r
1172 2215 1277 2298 ’Ἀργει

141 2317 290 2401 μετέχον,
321 2308 358 2401 ἧς
382 2319 472 2381 οὐδὲν
502 2318 631 2394 ἐδέοντο,
663 2322 696 2382 s'r
726 2319 757 2382 di:
786 2326 826 2407 τῇ
858 2318 941 2383 πόλει
973 2322 1119 2400 μετοίκιον
1153 2320 1278 2384 ἔλαττον

141 2420 308 2501 δυνάμενοι.
364 2424 445 2486 Cum
478 2423 560 2486 euim
594 2444 657 2486 nou
691 2434 784 2507 pacto
809 2424 893 2486 ultro
924 2425 1000 2486 inito
1030 2423 1086 2488 sed
1119 2426 1147 2488 ui
1176 2427 1276 2489 coacti
1357 2508 1359 2513 Ι

140 2524 296 2589 Corinthii
320 2528 350 2589 in
376 2527 571 2610 Argiuorum
596 2528 757 2590 ciuitatem
782 2528 900 2612 recepti
924 2529 996 2606 sint,
1023 2529 1139 2613 iniquis
1171 2529 1277 2591 eondi-

140 2630 284 2693 cionibus
310 2631 370 2693 hoc
393 2630 511 2693 facturn
534 2652 604 2694 esse
627 2639 879 2695 cousentaneum
896 2642 952 2696 est.
1000 2631 1064 2707 (Of.
1083 2633 1177 2696 Diod.
1194 2632 1277 2696 XIV

140 2734 191 2811 92,
216 2734 259 2814 1.)

244 2837 357 2922 Neque
380 2840 493 2901 mirum
517 2847 566 2903 est
589 2839 676 2902 illam
701 2861 766 2902 rom
791 2841 821 2902 in
838 2841 1021 2904 uniuersum
1041 2838 1166 2917 sanciri,
1190 2846 1278 2902 ante·

139 2961 234 3024 quarn
259 2944 342 3026 pacti
367 2943 572 3008 condiciones
594 2944 741 3026 singulae
765 2944 1008 3007 constituantur.
1054 2943 1136 3006 Nam
1168 2943 1274 3007 itidem

138 3053 174 3108 ut
197 3047 400 3130 sympolitiue
429 3068 558 3118 nomen,
591 3047 673 3131 quod
705 3049 735 3109 in
767 3047 837 3132 ipso
868 3048 971 3133 cupite
1004 3047 1148 3131 ponitur,
1178 3048 1276 3110 totius

140 3150 224 3232 pacti
255 3151 313 3214 hoc
345 3158 393 3214 est
423 3151 674 3215 fundamentum.
721 3150 834 3234 Neque
865 3172 1044 3235 repugnare
1076 3151 1149 3213 huic
1181 3152 1277 3213 inter-

139 3254 311 3335 pretationi
335 3274 465 3318 censeas
489 3277 573 3339 quae
596 3263 779 3318 statuuntur
808 3255 839 3317 in
864 3277 894 3318 v.
911 3259 952 3317 44
969 3276 1024 3338 sq.,
1057 3267 1091 3317 ut
1113 3255 1277 3318 aciuitate

140 3357 310 3419 coniuncta
323 3358 585 3422 administrentur
597 3381 686 3422 saera
706 3358 882 3423 Medeonia.
913 3357 994 3420 Nam
1012 3370 1043 3421 et
1059 3359 1076 3438 ξ
1093 3363 1109 3422 7
1126 3366 1277 3422 uetantur

143 3459 229 3524 Stirii
254 3470 362 3524 contra
384 3463 490 3546 legem
514 3463 673 3546 publicam
698 3446 821 3526 de‘iliis
845 3464 942 3526 sacris
962 3463 1136 3547 quidquam
1160 3462 1276 3540 iacere,

139 3573 170 3629 et
183 3566 200 3645 §
214 3570 232 3627 3
248 3566 401 3629 sacrificia
418 3568 545 3648 publica
560 3568 755 3632 imminuere.
780 3567 860 3630 Item
875 3588 904 3630 r.
917 3570 957 3630 48
974 3587 1041 3650 sqq.
1054 3561 1131 3649 ager
1147 3565 1274 3649 quidem
1304 3586 1306 3591 “

140 3668 383 3734 Medeoniorum
400 3671 513 3735 Stirius
536 3672 581 3747 fir,
604 3692 705 3754 aeque
728 3693 764 3734 ac
787 3671 956 3735 Stiriorum
979 3692 1056 3755 ager
1078 3670 1275 3735 Medeonius.

139 3771 323 3838 Memineris
339 3785 450 3837 autom·
468 3775 562 3837 etiam
580 3776 771 3839 Pcreensem
794 3796 905 3859 agrum
922 3775 1083 3860 publicum
1100 3776 1276 3838 communis

140 3877 216 3940 iuris
230 3874 350 3940 fectum
372 3899 451 3958 esse,
475 3898 580 3962 neque
596 3885 704 3943 tamen
720 3878 979 3941 Molitaeensibus
994 3877 1068 3941 ideo
1084 3878 1275 3961 permissum

139 4001 211 4043 esse
235 3979 387 4064 quidquid
411 3981 532 4044 uellent
563 3980 602 4043 de
632 4002 671 4045 eo
693 3981 878 4046 decernere.
924 3979 1066 4063 (Quodsi
1097 3980 1276 4065 quisdicat

139 4085 280 4164 arbitrio,
305 4105 367 4147 non
383 4095 478 4170 paeto
495 4085 694 4168 sympolitico
712 4085 772 4148 hoc
788 4085 895 4165 statui,
918 4086 948 4148 ei
963 4084 1220 4169 respondendum
1238 4085 1278 4147 sit

139 4188 330 4253 arbitrorum
354 4208 424 4252 esse
447 4187 523 4272 quid
545 4190 586 4252 eit
608 4189 684 4253 iuris
707 4188 892 4266 diiudicare,
922 4209 986 4252 nou
1015 4189 1085 4252 iura
1114 4184 1277 4267 condere.)

139 4292 240 4356 Immo
263 4291 399 4355 formula
429 4294 498 4377 ipsa
528 4313 592 4375 qua
620 4293 797 4357 inuicem
830 4279 978 4357 ciuitates
1007 4312 1102 4375 agros
1130 4292 1212 4357 inter
1241 4313 1277 4356 se

138 4395 385 4476 communicant,
408 4403 595 4478 argumento
621 4403 678 4476 est,
694 4417 758 4461 non
782 4403 845 4460 tam
870 4397 1053 4460 ciuitatibus
1073 4396 1157 4480 ipsis,
1181 4416 1275 4481 quam

1157 4500 1172 4530 t
