3030 4816
224 293 266 356 aa
748 287 838 372 [314]
868 297 870 300 ’

222 491 330 569 poetas
352 485 421 569 ipsa
443 484 613 569 Adelphos
636 483 746 547 fabula
770 482 982 548 demonstrat:
1006 483 1070 566 ubi,
1095 482 1177 569 qnod
1201 485 1234 547 in'
1256 491 1317 549 aet.
1345 485 1363 549 Ι

223 610 265 652 se.
289 591 308 653 2
331 588 499 653 Bacchidis
522 587 648 672 puellae
670 595 779 672 raptus
802 587 866 650 iam
895 593 1042 651 narratur
1073 608 1154 671 quse
1184 588 1215 651 in
1239 594 1300 653 aet.
1323 588 1363 651 H

223 713 264 756 so.
291 695 306 755 l
332 692 457 756 demum
481 712 592 756 revera
623 691 664 754 ab
686 690 845 755 Aeschino
877 690 1007 774 rapitur,
1038 711 1076 754 ea
1106 692 1258 776 temporis
1288 712 1363 755 eon-

223 796 303 861 fusio
326 797 379 860 vix
403 795 481 859 ferri
503 802 615 880 potest.
661 795 781 859 Maiore
804 816 877 859 oum
900 802 968 858 arte
992 801 1023 858 et
1045 794 1185 860 feliciore
1215 816 1364 861 successu

223 900 346 965 Andria
361 906 393 965 et
408 900 580 964 Eunuchus
595 901 788 984 compositae
804 907 887 978 sunt,
904 899 988 983 quod
1005 921 1041 964 eo
1053 899 1199 964 effectum
1213 907 1361 985 apparet,

224 1005 297 1088 quia
320 1005 486 1068 simillimis
509 1004 704 1088 argumentis
726 1003 901 1067 Menander
923 1025 998 1067 usus
1020 1010 1098 1068 erat.

770 1298 816 1379 ll.

224 1454 344 1531 QUAE}
368 1455 507 1521 RATIO
524 1457 749 1522 TERENTIO
765 1456 857 1522 CUM
874 1455 1030 1521 POETIS
1045 1454 1102 1520 ET
1118 1454 1362 1519 PRIORIBUS

451 1561 508 1625 ET
532 1560 817 1636 AEQUALIBUS
840 1559 1137 1625 INTEROEDAT.

755 1735 825 1817 §a

575 1855 623 1907 DE
645 1855 852 1908 VETERIBUS
871 1854 1011 1908 POll'l'IS.

327 1994 377 2059 De
387 1996 490 2079 poetis
501 1996 635 2076 comicis,
644 1995 699 2080 qui
707 1996 809 2080 ipsum
820 2003 925 2060 aetate
935 2004 1182 2080 praeeesserunt,
1193 1995 1363 2060 Terentius

223 2099 381 2163 nonnullis
405 2100 610 2184 prologorum
632 2101 707 2163 loeis
730 2099 827 2163 verba
850 2099 935 2179 faoit,
967 2100 1022 2163 ubi
1052 2100 1091 2164 de
1125 2100 1364 2164 contaminandi

223 2203 352 2266 erimine
373 2203 413 2266 ab
437 2203 625 2267 adversariis
648 2205 680 2266 in
702 2225 735 2267 se
751 2189 877 2267 intento
891 2204 957 2287 agit
973 2202 1075 2268 Andr.
1091 2204 1172 2288 prol.
1189 2226 1219 2268 v.
1239 2204 1278 2267 18
1294 2224 1360 2287 sq.:

351 2333 413 2413 Qui
434 2353 526 2417 qucum
547 2333 629 2397 huuc
653 2340 816 2414 accusant,
838 2332 999 2397 Naeuium
1022 2332 1172 2396 Plautum
1196 2331 1338 2397 Ennium

355 2437 525 2518 Acamans,
549 2458 625 2522 quoa
646 2437 697 2501 uu
720 2444 824 2501 uester
847 2444 990 2501 auctores
1012 2436 1111 2518 liutet,

352 2543 495 2622 Quorum
518 2544 675 2606 aemrutari
697 2548 822 2625 eaoptat
843 2542 1066 2621 uecteqautiam

354 2646 465 2711 Potius
488 2667 583 2730 quam
605 2649 739 2711 istorum
762 2645 929 2710 obscuram
952 2646 1158 2730 diliyauttam.

327 2801 450 2865 Eodem
472 2808 594 2887 spectat
618 2802 722 2899 Heau.
746 2803 825 2886 prol.
850 2823 880 2866 v.
904 2804 964 2865 20:

355 2930 460 2995 Habet
482 2931 633 2996 donorum
655 2932 837 3015 exemptum,
860 2952 920 3016 qaia
943 2933 1079 3017 eaeuapto
1102 2932 1161 2997 sibi

353 3033 462 3098 Dicere
485 3035 519 3098 id
533 3035 649 3118 facere
671 3037 752 3120 quod
775 3036 824 3100 tua
841 3035 990 3119 feceruut
1008 3043 1114 3120 putat.

221 3163 261 3228 de
277 3164 390 3248 quibus
406 3165 546 3229 versibus
562 3166 626 3229 iam
641 3188 736 3251 supra
752 3167 981 3251 disputavimus
997 3187 1027 3249 p.
1048 3167 1096 3228 19.
1125 3166 1163 3228 ln
1179 3163 1261 3228 Eun.
1279 3166 1361 3249 prol.

222 3290 252 3334 v.
277 3273 317 3334 35
341 3292 386 3355 sq.
420 3270 533 3335 Colaee
558 3271 674 3335 Naevii
697 3278 728 3336 et
751 3272 859 3336 Plauti
883 3279 1130 3336 commemorata
1153 3293 1192 3335 ex
1216 3277 1365 3334 veterum

224 3375 370 3458 exemplo
393 3374 452 3438 sibi
477 3378 712 3439 exeusationem
736 3384 827 3460 parat
851 3383 962 3459 poeta:

352 3505 442 3585 Qruoct
465 3509 658 3589 sipersouie
681 3507 777 3571 isdem
801 3506 873 3571 huia
895 3509 945 3571 uti
966 3528 1029 3571 uon
1051 3508 1140 3571 ticet:
1182 3533 1187 3544 ⁵

353 3611 416 3691 Qui
438 3614 542 3696 madata
564 3613 636 3676 ticet
659 3619 833 3677 currentem
856 3632 979 3676 seruum
1002 3612 1144 3692 scribere,
1192 3637 1196 3650 ¹

355 3712 466 3778 Bouas
488 3723 653 3780 matronas
671 3716 792 3800 facere,
816 3717 992 3780 rueretriaes
1016 3717 1131 3795 malas,

354 3817 539 3882 Parasitum
562 3819 693 3900 artacem,
717 3822 890 3904 utoriosum
913 3819 1051 3901 utilitum,

356 3922 496 3986 Puerum
519 3924 665 4007 stepponi,
687 3924 765 4002 fatu
784 3944 843 4007 per
864 3944 986 3987 seruam
1008 3943 1120 4004 seuam,

354 4026 485 4108 Amara,
510 4027 620 4106 odisee,
643 4028 829 4110 suspirari?
850 4028 981 4112 duamur

351 4129 513 4194 Nullumst
535 4132 601 4194 iam
624 4131 742 4194 dictum
764 4132 847 4216 quod
870 4134 997 4196 nonsit
1020 4132 1137 4195 dictum
1155 4130 1259 4214 priua.

351 4236 458 4314 Quare
482 4241 639 4319 aequomst
663 4256 720 4299 uos
744 4256 928 4318 euanescere
951 4242 1042 4320 atque
1065 4237 1233 4318 iquosaere,

353 4339 440 4420 Quae
461 4346 624 4409 ueteres
644 4337 841 4419 factitarunt
863 4341 892 4405 si
914 4341 1043 4418 faciunt
1065 4340 1152 4405 uoui.
