2956 4822
649 271 739 362 [222]
1203 280 1263 346 222

124 470 309 554 moretum),
333 472 372 537 de
397 494 460 557 quo
476 471 627 538 Kuhnius
652 473 805 556 cogitauit
820 473 864 558 (p.
880 476 967 538 942.
985 474 1052 556 63),
1074 497 1114 539 22
1139 496 1176 539 22
1192 475 1267 539 urbs

126 599 222 663 quam
245 577 427 661 Stephanus
452 576 530 661 Byz.
547 577 656 661 quinto
680 577 751 640 loco
775 575 881 642 adfert
869 584 928 643 t.s
948 598 977 643 v
1000 576 1025 641 ε’
1047 580 1080 641 ἐν
1104 577 1187 666 2ή222
1211 585 1266 662 τῆς

123 679 327 761 Ἀκαρνανιας
347 707 404 759 μια
435 685 498 742 cair
521 677 645 762 Ἐχιιᾰδ
638 706 687 742 2222.
734 678 815 744 Nam
844 682 944 744 hus
936 704 967 746 ln
991 682 1179 747 Aetolorum
1209 705 1266 767 po·

125 790 241 849 testate
209 784 361 849 tfuisse
387 784 455 848 ueri
477 783 644 847 similet
595 789 644 847 222
646 783 827 868 ,quoniam
855 804 966 849 eorum
990 785 1086 849 etiam
1104 785 1267 850 Oeniadae

125 887 255 951 luerunt
242 886 375 971 t(inde
408 887 447 951 ab
480 833 658 951 Alexandri
691 887 734 952 M.
766 889 963 972 temporibus
995 911 1096 975 usque
1131 889 1171 952 ad
1203 892 1265 954 219

124 1013 154 1057 2.
180 991 214 1056 O.
240 995 410 1058 etiterum
435 993 605 1055 210-189
629 1014 657 1055 2.
681 991 718 1056 C.
742 991 838 1056 Diod.
863 991 982 1056 XVIII
1005 996 1035 1057 8.
1081 994 1194 1078 Polyb.
1217 994 1266 1057 IV

126 1098 177 1160 65.
200 1096 248 1160 IX
274 1099 327 1180 39,
347 1100 377 1160 2.
421 1095 505 1159 XXI
529 1098 569 1158 32
593 1093 707 1177 [XXII
737 1095 799 1178 15],
826 1096 888 1176 14).

230 1200 346 1264 Mirum
370 1212 476 1263 autem
501 1206 549 1263 est
572 1197 657 1282 quod
681 1198 721 1262 de
744 1197 890 1283 Erythris
921 1199 965 1279 (r.
992 1200 1047 1279 35)
1078 1200 1264 1265 Aetolorum

125 1304 296 1387 Ussingius
320 1303 418 1367 dixit:
444 1303 569 1381 ,scriba
589 1302 795 1385 Erythraeus,
818 1303 988 1368 eBoeotia
1012 1305 1135 1387 opinor,
1158 1324 1267 1388 quam-

125 1430 220 1494 quam
246 1408 349 1492 possis
373 1409 469 1472 etiam
494 1407 534 1470 de
558 1406 665 1470 Ionica
689 1407 768 1469 urbe
793 1407 943 1490 cogitare.
966 1407 1121 1491 siquidem
1150 1414 1181 1471 et
1203 1407 1266 1493 Ly·

126 1513 278 1577 simachia
302 1519 335 1575 et
358 1509 541 1574 Chalcedon
567 1518 597 1572 22
620 1508 706 1574 'fens
730 1509 916 1575 Aetolorum
939 1510 1059 1575 foederi
1083 1511 1265 1594 adscriptae

126 1616 249 1681 erant“.
296 1613 451 1699 Erythras
467 1614 498 1676 12
514 1614 595 1677 Asia
613 1613 690 1677 sitas
706 1614 736 1676 in
752 1612 941 1678 Aetolorum
957 1615 1140 1699 sympolitia
1155 1616 1265 1697 luisse,

127 1742 299 1805 numquam
330 1718 456 1784 audiui:
490 1719 530 1782 de
561 1717 675 1781 ceteris
710 1717 749 1782 of.
773 1739 803 1801 p.
831 1721 892 1782 120
919 1741 965 1803 sq.
1010 1719 1125 1784 Boeoti
1158 1726 1265 1784 autem

127 1821 319 1887 Aetolorum
352 1821 553 1907 sympolitiae
585 1842 647 1884 non
677 1821 737 1885 nisi
769 1823 927 1904 perbreue
957 1829 1083 1903 tempus
1113 1823 1264 1909 adscripti

127 1927 274 2006 luerunt,
305 1926 372 1991 scil.
404 1926 478 1989 inde
510 1925 550 1989 ab
583 1947 666 1988 auno
700 1927 763 1988 244
795 1919 966 2010 usquead
999 1926 1154 1990 Demetrii
1181 1930 1266 2011 regis

126 2037 288 2116 tampora,
320 2030 372 2114 qui
406 2031 555 2113 regnauit
579 2032 642 2093 239
655 2032 750 2092 -229
774 2029 905 2114 (Polyb.
928 2029 1046 2108 XX5,
1070 2029 1117 2112 3).
1163 2032 1266 2097 Aliter·

127 2143 323 2200 censuerunt
353 2134 570 2217 Raugabacus
601 2141 632 2196 et
620 2133 811 2196 tKuhnius
844 2134 986 2216 (2112.
1017 2136 1110 2214 130)
1141 2136 1192 2219 qui
1224 2136 1265 2198 ad

129 2238 303 2324 „Erythras
314 2239 380 2304 Aet
368 2239 516 2320 otlorum,
528 2259 609 2324 quae
621 2259 720 2322 prope
733 2237 903 2323 Eupalium
917 2248 991 2303 sunt
996 2239 1071 2319 “(1’
1065 2261 1102 2301 rv.
1113 2240 1177 2303 XX
1186 2239 1265 2303 VIII

127 2340 173 2426 8‚)
127 2342 282 2405 hunc
299 2341 381 2427 Ery
370 2343 515 2406 hraeum
540 2342 741 2407 rettulerunt.
788 2341 931 2405 Eandem
955 2344 1066 2406 urbem
1084 2343 1265 2427 Stephanus

131 2453 362 2510 commemorat
384 2467 448 2510 sv.
501 2446 610 2509 Possis
634 2448 727 2509 22122222
753 2446 791 2508 dc
816 2445 1001 2529 Erythris
986 2473 1034 2509 2222
1029 2446 1264 2527 0222222122

134 2549 274 2630 cogitaro
299 2547 354 2628 (cf.
381 2547 621 2631 Dittenbergeri
655 2548 733 2631 Syll.
760 2550 831 2613 190.
881 2549 984 2613 11112212.
1014 2547 1044 2611 d.
1074 2550 1159 2615 arch.
1184 2550 1263 2616 1222.

127 2675 153 2718 2.
177 2653 295 2716 Athen.
320 2649 368 2714 IV
393 2654 474 2715 1819
499 2674 528 2737 p.
553 2655 615 2716 206
639 2652 736 2738 sqq).

230 2755 402 2819 Ethnicum
421 2754 599 2837 Ἐρμάτῑιος
623 2779 686 2841 quo
710 2756 911 2843 referendum
941 2758 983 2821 sit
1015 2759 1191 2838 nescimus;
1223 2759 1266 2822 le·

127 2862 213 2945 gitur
236 2862 332 2925 etiam
355 2859 439 2943 apud
465 2859 624 2924 Wcsclror
648 2867 679 2923 22
702 2859 844 2923 Eoucart
871 2863 929 2924 118
954 2884 984 2924 r.
1006 2863 1042 2936 4,
1073 2862 1125 2925 2121
1157 2862 1265 2926 itidem

128 2965 265 3029 Aetolus
292 2972 340 3028 est
364 2964 469 3048 Lycus
502 2963 629 3048 quidem
660 2964 869 3028 Ilermattius.
917 2964 1104 3029 Ceterorum
1138 2967 1265 3045 testium

128 3089 210 3133 unus
234 3077 282 3132 est
304 3068 507 3146 Pleuronius,
531 3089 613 3131 unus
637 3066 845 3151 Naupactius,
871 3090 951 3132 unus
968 3069 1201 3150 Heracleensis,
1226 3093 1265 3133 ox

128 3170 287 3235 Heraclea
311 3171 481 3234 Trachinia
504 3172 663 3252 nimirum,
687 3192 782 3256 quam
807 3172 847 3235 ol.
876 3175 977 3253 125,1
1007 3201 1046 3224 =
1072 3176 1133 3237 219
1157 3174 1264 3237 Aetoli

128 3275 186 3340 sibi
210 3275 424 3339 adiunxerant
448 3275 560 3356 (Paos.
583 3274 616 3338 X
641 3279 692 3356 21,
719 3278 744 3338 1.
768 3274 806 3340 21.
831 3297 857 3340 2.
883 3279 934 3354 23,
958 3277 1001 3357 91,

231 3483 345 3547 Restat
367 3489 403 3546 ut
426 3483 626 3548 condiciones
650 3484 852 3569 sympolitine
877 3483 1131 3548 Melitaeensium
1156 3494 1188 3548 22
1204 3483 1267 3550 Ρ2-

57 3664 63 3670 ,
128 3586 287 3651 reensium
312 3607 394 3670 quae
419 3606 459 3648 ex
484 3594 590 3651 nostro
609 3587 707 3670 titulo
732 3588 812 3651 ellici
847 3594 991 3673 possunt,
1021 3587 1129 3671 paucis
1161 3589 1267 3652 uerbis

128 3690 385 3774 complectamur.

232 3793 352 3858 Omnes
382 3795 558 3857 Pcreerrses
592 3795 727 3858 ciuitatis
760 3795 829 3858 iuro
859 3795 984 3877 integro
1015 3793 1266 3859 hlelitaeensium

128 3920 201 3964 usos
234 3919 323 3981 esso,
356 3921 397 3962 ex
429 3900 665 3983 comparatione
694 3908 872 3963 ceterarum
903 3898 1159 3984 sympolitiarum
1194 3921 1266 3963 con·
1343 3981 1345 3986 ,

129 4010 201 4066 stat.
247 4001 309 4083 (of.
330 4023 360 4086 p.
381 4005 449 4066 100.
476 4005 536 4065 119
553 4024 599 4087 sq.-
624 4010 655 4065 et
678 4003 763 4066 tituli
788 4003 947 4067 Stiricusis
971 4022 1000 4066 v.
1020 4004 1059 4064 10
1082 4002 1143 4086 sq.)
1184 4004 1265 4067 122222

128 4106 252 4190 legibus
286 4106 539 4170 Melitaoensium
575 4108 747 4169 utebantur
781 4106 969 4170 Pereenses.
1026 4106 1121 4168 Fines
1157 4112 1264 4171 autem

128 4212 292 4296 utriusque
327 4210 464 4274 ciuitatis
496 4211 634 4294 separati
667 4219 774 4293 erant,
811 4218 1037 4294 praeterquam
1074 4210 1157 4294 quod
1197 4213 1265 4293 agri

5 4351 8 4356 ·
128 4316 245 4401 publici
268 4314 475 4379 Pereensium
500 4313 700 4399 possessione
725 4314 890 4378 fruebatur
915 4322 982 4378 tota
1007 4314 1127 4378 ciuitas.
1171 4314 1265 4390 Quod
