2970 4814
564 320 606 331 -
652 282 739 373 [ιιι]
787 323 826 334 -
1226 292 1268 352 55

132 469 191 537 καί
212 464 314 537 πάλιν
353 470 431 553 ,καὶ
453 472 514 558 γὰρ
530 471 605 557 ἐμοὶ
623 465 697 551 νόος
713 469 802 538 ἐστίν
817 469 995 557 έναίσιμος,
1019 467 1097 542 οὐδέ
1109 499 1168 558 μοι
1183 469 1266 564 αίτῇ

351 571 483 659 ,θυμὸς
515 574 563 643 ένὶ
597 572 759 666 στήθεσσι
793 572 957 666 σιδήρεος,
997 571 1064 644 ἄλλ’
1102 573 1267 668 έλιήμων“

456 679 530 765 (Od.
554 704 570 746 ε
596 680 686 765 190)·

132 774 214 847 ἄλλα
238 779 295 848 καὶ
317 780 498 848 ἐνεστῶσαν
521 776 663 870 ἀγωνίαν
686 780 802 851 πείθει
825 781 944 873 φέρειν,
967 777 1012 864 ὡς
1033 779 1072 852 τὸ

348 884 506 969 ,τέτλαθι
518 885 584 978 (δὴ)
595 884 722 978 κραδίη·
738 888 795 956 καί
810 885 960 976 κύντερον
974 883 1053 957 δίλλο
1065 883 1139 957 ποτ’
1151 886 1265 978 έτλης“

455 993 531 1078 (οι.
555 1019 574 1059 ι
600 994 664 1079 18),

133 1092 189 1160 καί
213 1088 316 1161 πάλιν
353 1097 421 1184 ,τῷ
449 1095 486 1163 δέ
512 1091 591 1182 μάλ’
623 1095 657 1163 έν
686 1093 824 1185 πείση*)
850 1094 967 1187 κραδίη
993 1097 1069 1183 μένε
1094 1099 1266 1186 τετληυῖα“

454 1200 531 1286 (Οδ.
554 1227 574 1266 υ
597 1201 664 1287 23),

130 1297 204 1370 ἀντὶ
226 1305 286 1371 τοῦ
308 1301 452 1392 ἐπείσθη
475 1303 508 1371 ἒν
529 1301 648 1394 ἡσυχίη
669 1303 727 1371 καὶ
749 1297 901 1394 ὑπομονῇ
922 1297 1016 1372 εἶναι.
1050 1306 1128 1373 Mel.
1145 1311 1196 1388 97,
1211 1310 1262 1372 26.

75 1421 86 1438 ·
131 1408 186 1475 or.
207 1413 280 1490 ιιι,
294 1414 322 1476 1.
366 1409 419 1475 Ει.
436 1409 480 1474 Μ.
499 1413 636 1491 φησι.

192 1567 194 1574 v
216 1528 264 1599 88
286 1529 558 1610 κατακλεῖδες;
587 1551 617 1595 v.
639 1524 807 1618 τράχηλος.
922 1535 924 1540 ’

216 1639 263 1709 89
285 1636 445 1720 καυλός;
474 1663 506 1708 v.
529 1636 654 1707 αἰδοῖα.

218 1751 264 1821 90
287 1747 444 1819 κενεών;
474 1775 504 1819 v.
527 1741 634 1842 ἦτρον.

216 1864 260 1933 91
285 1860 431 1950 κερκίςε
460 1885 491 1931 τ.
513 1867 625 1949 χεῖρες.

216 1977 262 2046 92
285 1971 455 2065 κεφαλήε
486 1968 561 2065 ἤτοι
584 1968 737 2063 καρφαλή
760 1972 844 2055 έστι,
874 1971 967 2061 παρὰ
996 1971 1033 2044 τδ
1062 1971 1263 2066 κάρφεσθαι,

20 2090 23 2107 ’“
128 2080 148 2151 ὅ
177 2082 247 2150 έστι
270 2078 500 2172 ξηραίνεσθαι,
530 2075 611 2169 ξηρὰ
634 2075 695 2167 γὰρ
722 2078 779 2145 καί
802 2072 948 2167 ὀστώδης
970 2078 1073 2148 έστίν·
1102 2075 1264 2150 Ἀπολλό-

96 2260 99 2265 ,
128 2188 232 2274 δωρος
254 2186 291 2254 δέ
310 2183 480 2275 κελυφὴν
502 2179 603 2275 αὐτὴν
624 2183 724 2272 λέγει,
757 2181 851 2271 παρὰ
873 2181 911 2251 τὸ
933 2185 1067 2253 σκέπειν
1088 2185 1145 2253 καί
1165 2184 1265 2254 καλύ-

129 2315 225 2357 πτειν
246 2286 303 2358 τὸν
325 2288 518 2378 ἐγκέφαλον·
541 2288 626 2369 τινές
647 2288 684 2355 δὲ
698 2284 783 2355 κατὰ
798 2285 1005 2374 πλεονασμὸν
1025 2291 1084 2356 τοῦ
1106 2277 1133 2372 λ,
1157 2287 1264 2381 νεφαή

126 2421 179 2475 τις
201 2384 293 2477 οδσα,
318 2381 392 2484 ένῇ
414 2398 526 2461 κεῖται·
542 2389 585 2460 τὰ
608 2388 692 2482 φάη·
722 2386 815 2460 δίλλοι
838 2392 874 2460 δέ
896 2386 967 2461 ἀπὸ
988 2396 1049 2483 τῆς
1070 2390 1262 2483 κυφότητος,

126 2495 165 2566 τὸ
194 2495 255 2587 γὰρ
276 2497 431 2586 περιαγὲς
461 2497 517 2564 καί
545 2497 719 2586 περιφερές
748 2492 853 2586 κυφὸν
882 2495 1025 2584 λέγεται·
1056 2491 1117 2587 ἀφ’
1143 2486 1182 2565 οὗ
1206 2498 1262 2566 καί

126 2598 274 2690 κίμβιον,
290 2600 329 2670 τὸ
345 2601 519 2691 περιφερές
533 2598 701 2691 ποτήριον,
719 2595 793 2691 ἤτοι
809 2598 963 2690 κυφίδιον
977 2600 1033 2667 καὶ
1050 2595 1260 2691 ἀμφικύπελ-

125 2710 191 2791 λον,
214 2704 253 2777 τὸ
272 2706 454 2798 περίκυφον
470 2703 619 2792 ἔκπωμα.
655 2703 686 2774 οἳ
710 2705 747 2773 δέ
767 2702 889 2792 κόραν
910 2704 1066 2794 λέγουσιν,
1091 2698 1162 2775 οἷον
1183 2708 1261 2795 κέρα

126 2807 197 2880 ἀπὸ
219 2814 279 2879 τοῦ
299 2813 535 2898 τετριχιῦσθαι·
559 2809 654 2897 κέρας
675 2806 736 2897 γὰρ
751 2803 771 2898 ἡ
788 2807 882 2896 θρίξ·
905 2805 929 2899 ἢ
951 2805 1083 2896 κράτα,
1108 2804 1178 2879 ἀπὸ
1201 2814 1263 2879 τοί·

125 2911 253 3002 κράτος,
277 2909 322 2995 ὡς
341 2914 486 2982 ἐνταῦθα
507 2917 567 2982 τοῦ
586 2915 778 3002 ἡγεμονικοῦ
800 2909 1027 2999 τυγχάνοντος·
1051 2909 1260 3003 ἢκρανίον,

125 3018 220 3108 παρὰ
241 3018 279 3088 τὸ
296 3018 437 3108 κραίνειν
452 3019 508 3087 καί
524 3015 708 3106 βασιλεύειν
723 3020 782 3086 τοῦ
798 3013 898 3085 ἷίλλου
917 3015 1078 3104 σώματος,
1102 3016 1182 3088 ὅθεν
1204 3020 1261 3089 καί
1339 3026 1341 3028 ’

124 3125 255 3212 κέρατα,
271 3120 313 3191 τὰ
330 3123 366 3191 ἐκ
386 3126 445 3191 τοῦ
460 3120 595 3207 κρανίου
611 3118 758 3211 φυόμενα
765 3123 804 3209 ι)·
828 3116 850 3211 ἢ
866 3117 975 3189 διὰτὸ
990 3121 1178 3208 κρέμασθαι
1195 3123 1262 3192 ἐκεῖ

123 3226 182 3296 τὸν
212 3227 405 3317 έγιέφαλον·
440 3227 661 3316 ἐγκέφαλος
689 3226 725 3293 δέ
750 3224 876 3314 λέγεται
904 3222 998 3312 παρὰ
1024 3222 1062 3294 τὸ
1089 3225 1261 3314 ἐγκεῖσθαι

122 3334 165 3422 τῇ
178 3333 304 3422 κεφαλῇ
319 3330 376 3398 καὶ
397 3335 437 3422 τῇ
452 3327 584 3421 κάρηιλγ
607 3326 629 3420 ἢ
645 3321 715 3397 οἷον
734 3326 938 3417 ἔγκρανος,
962 3324 1019 3396 διὰ
1034 3325 1073 3396 τὸ
1089 3328 1261 3416 ἐγκεῖσθαι

125 3432 294 3523 ίδιυίτερον
315 3439 363 3524 τῇ
385 3432 516 3524 κρανίῳ.
560 3430 636 3520 μίξ
642 3460 664 3500 α
687 3433 723 3501 δέ
745 3429 871 3522 εἴρηται
893 3428 986 3519 παρὰ
1007 3428 1046 3500 τδ
1074 3431 1110 3499 έκ
1135 3436 1260 3524 μυκτῆ-

123 3566 181 3626 ρος
205 3537 456 3627 έκκρίνεσθαιθ).
489 3537 615 3626 λέγεται
638 3538 675 3606 δέ
698 3539 720 3613 δ,
736 3536 913 3627 ἐγκέφαλος
933 3536 990 3603 καὶ
1009 3531 1165 3622 μυελός,
1191 3528 1261 3606 οἷον

122 3639 275 3731 μυχελός,
299 3637 451 3712 ἀπὸτοῦ
473 3642 507 3710 έν
527 3646 621 3733 μυχῷ
644 3641 823 3724 είλεῖσθαι,
848 3638 867 3711 δ’
888 3641 977 3709 ἔστιν
999 3636 1215 3724 αὐλίζεσθαι·
1238 3639 1261 3733 ἢ

123 3744 182 3817 διὰ
203 3744 242 3816 τδ
264 3749 351 3815 λεῖον
373 3740 472 3815 εἶναι·
500 3743 522 3837 ἢ
544 3746 577 3814 έν
598 3743 758 3833 μεμυκότι
783 3740 885 3834 δστέηι
911 3741 1123 3833 τυγχάνεινδ).
1168 3743 1201 3813 οί
1223 3747 1260 3815 δὲ

123 3850 301 3931 σκέποντες
328 3854 443 3918 τοῐτον
471 3846 583 3936 ὑμένες
604 3847 793 3940 μήνιγμες
814 3849 976 3937 λέγονται,
1003 3844 1061 3917 διὰ
1088 3844 1126 3917 τδ
1153 3849 1260 3934 μένειν

124 3956 159 4023 έν
174 3952 293 4034 αδταῖς
306 3949 363 4021 τὸν
378 3952 596 4043 έγνέφαλονΰ).
626 3957 686 4044 τῇς
703 3945 760 4022 οὖν
775 3955 919 4044 κεφαλῆς
940 3949 978 4022 τὸ
992 3951 1053 4039 μὲν
1067 3949 1259 4040 ἔμπροσθεν

212 4145 236 4213 *)
254 4144 384 4199 Meletius
403 4145 456 4214 (98,
464 4145 491 4213 4)
510 4142 644 4214 ἐμτεὶσεα
665 4144 713 4199 cfr.
731 4161 803 4214 quae
822 4144 862 4198 La
879 4143 974 4198 Roche
991 4142 1110 4198 adnotat
1128 4144 1164 4197 ad
1183 4144 1257 4199 hunc

120 4233 216 4286 locum
234 4230 357 4285 Homeri.
