<?xml version="1.0" encoding="UTF-8"?>
<!DOCTYPE html PUBLIC "-//W3C//DTD XHTML 1.0 Transitional//EN"
    "http://www.w3.org/TR/xhtml1/DTD/xhtml1-transitional.dtd">
<html xmlns="http://www.w3.org/1999/xhtml" xml:lang="en" lang="en">
 <head>
  <title>
</title>
<meta http-equiv="Content-Type" content="text/html;charset=utf-8" />
  <meta name='ocr-system' content='tesseract 3.04.00' />
  <meta name='ocr-capabilities' content='ocr_page ocr_carea ocr_par ocr_line ocrx_word'/>
</head>
<body>
  <div class='ocr_page' id='page_1' title='image "./dissertationesp00stragoog/dissertationesp00stragoog_0803.png"; bbox 0 0 2962 4800; ppageno 0'>
   <div class='ocr_carea' id='block_1_1' title="bbox 778 317 846 407">
    <p class='ocr_par' dir='ltr' id='par_1_1' title="bbox 778 317 846 407">
     <span class='ocr_line' id='line_1_1' title="bbox 778 317 846 407; baseline 0.029 -2"><span class='ocrx_word' id='word_1_1' title='bbox 778 317 846 407; x_wconf 79' lang='grc'>[86]</span> 
     </span>
    </p>
   </div>
   <div class='ocr_carea' id='block_1_2' title="bbox 240 512 1415 1019">
    <p class='ocr_par' dir='ltr' id='par_1_2' title="bbox 240 512 1415 1019">
     <span class='ocr_line' id='line_1_2' title="bbox 498 512 1415 602; baseline 0.008 -23"><span class='ocrx_word' id='word_1_2' title='bbox 498 514 802 580; x_wconf 60' lang='lat' dir='ltr'>Adrumeticum</span> <span class='ocrx_word' id='word_1_3' title='bbox 818 514 927 598; x_wconf 77' lang='lat' dir='ltr'>absim,</span> <span class='ocrx_word' id='word_1_4' title='bbox 942 512 1029 579; x_wconf 81' lang='lat' dir='ltr'>laud</span> <span class='ocrx_word' id='word_1_5' title='bbox 1045 533 1205 599; x_wconf 77' lang='lat' dir='ltr'>recusem,</span> <span class='ocrx_word' id='word_1_6' title='bbox 1228 518 1314 602; x_wconf 79' lang='lat' dir='ltr'>quin</span> <span class='ocrx_word' id='word_1_7' title='bbox 1333 517 1415 586; x_wconf 78' lang='lat' dir='ltr'>nrilii</span> 
     </span>
     <span class='ocr_line' id='line_1_3' title="bbox 909 621 1299 702; baseline 0 -17"><span class='ocrx_word' id='word_1_8' title='bbox 909 621 990 685; x_wconf 86' lang='lat' dir='ltr'>mole</span> <span class='ocrx_word' id='word_1_9' title='bbox 1011 621 1062 702; x_wconf 80' lang='lat' dir='ltr'>cit,</span> <span class='ocrx_word' id='word_1_10' title='bbox 1084 623 1147 685; x_wconf 86' lang='lat' dir='ltr'>mel</span> <span class='ocrx_word' id='word_1_11' title='bbox 1171 643 1299 688; x_wconf 68' lang='lat' dir='ltr'>mecm.</span> 
     </span>
     <span class='ocr_line' id='line_1_4' title="bbox 344 724 1410 814; baseline 0.003 -25"><span class='ocrx_word' id='word_1_12' title='bbox 344 724 437 790; x_wconf 88' lang='lat' dir='ltr'>Haec</span> <span class='ocrx_word' id='word_1_13' title='bbox 459 746 540 810; x_wconf 83' lang='lat' dir='ltr'>quae</span> <span class='ocrx_word' id='word_1_14' title='bbox 555 725 780 809; x_wconf 78' lang='lat' dir='ltr'><strong>exscripsimus</strong></span> <span class='ocrx_word' id='word_1_15' title='bbox 796 725 961 788; x_wconf 83' lang='lat' dir='ltr'>enuntiata</span> <span class='ocrx_word' id='word_1_16' title='bbox 977 724 1218 790; x_wconf 84' lang='lat' dir='ltr'>condicionalia</span> <span class='ocrx_word' id='word_1_17' title='bbox 1235 750 1299 794; x_wconf 83' lang='lat' dir='ltr'>eas</span> <span class='ocrx_word' id='word_1_18' title='bbox 1319 729 1410 814; x_wconf 86' lang='lat' dir='ltr'>ipsas</span> 
     </span>
     <span class='ocr_line' id='line_1_5' title="bbox 242 827 1409 914; baseline 0.003 -20"><span class='ocrx_word' id='word_1_19' title='bbox 242 829 404 895; x_wconf 82' lang='lat' dir='ltr'>continent</span> <span class='ocrx_word' id='word_1_20' title='bbox 426 828 639 906; x_wconf 82' lang='lat' dir='ltr'>condiciones,</span> <span class='ocrx_word' id='word_1_21' title='bbox 671 849 753 913; x_wconf 86' lang='lat' dir='ltr'>quae</span> <span class='ocrx_word' id='word_1_22' title='bbox 776 829 808 892; x_wconf 93' lang='lat' dir='ltr'>in</span> <span class='ocrx_word' id='word_1_23' title='bbox 831 829 891 893; x_wconf 89' lang='lat' dir='ltr'>illis</span> <span class='ocrx_word' id='word_1_24' title='bbox 914 827 1028 913; x_wconf 87' lang='lat' dir='ltr'>quibus</span> <span class='ocrx_word' id='word_1_25' title='bbox 1056 830 1160 914; x_wconf 84' lang='lat' dir='ltr'>vulgo</span> <span class='ocrx_word' id='word_1_26' title='bbox 1196 833 1335 897; x_wconf 88' lang='lat' dir='ltr'>utimur</span> <span class='ocrx_word' id='word_1_27' title='bbox 1368 834 1409 898; x_wconf 92' lang='lat' dir='ltr'>de</span> 
     </span>
     <span class='ocr_line' id='line_1_6' title="bbox 240 929 1163 1019; baseline 0.002 -23"><span class='ocrx_word' id='word_1_28' title='bbox 240 934 448 1019; x_wconf 78' lang='lat' dir='ltr'>grammatica</span> <span class='ocrx_word' id='word_1_29' title='bbox 470 933 568 996; x_wconf 85' lang='lat' dir='ltr'>latina</span> <span class='ocrx_word' id='word_1_30' title='bbox 589 932 676 997; x_wconf 86' lang='lat' dir='ltr'>libris</span> <span class='ocrx_word' id='word_1_31' title='bbox 700 929 847 998; x_wconf 85' lang='lat' dir='ltr'>‘irreales&#39;</span> <span class='ocrx_word' id='word_1_32' title='bbox 868 933 1019 1018; x_wconf 87' lang='lat' dir='ltr'>appellari</span> <span class='ocrx_word' id='word_1_33' title='bbox 1044 934 1163 998; x_wconf 84' lang='lat' dir='ltr'>solent.</span> 
     </span>
    </p>
   </div>
   <div class='ocr_carea' id='block_1_3' title="bbox 234 1036 1408 4450">
    <p class='ocr_par' dir='ltr' id='par_1_3' title="bbox 239 1036 1408 2351">
     <span class='ocr_line' id='line_1_7' title="bbox 300 1036 1408 1127; baseline 0.005 -25"><span class='ocrx_word' id='word_1_34' title='bbox 300 1065 303 1071; x_wconf 92' lang='lat'>·</span> <span class='ocrx_word' id='word_1_35' title='bbox 343 1037 378 1102; x_wconf 81' lang='lat' dir='ltr'>si</span> <span class='ocrx_word' id='word_1_36' title='bbox 405 1059 510 1124; x_wconf 91' lang='lat' dir='ltr'>neque</span> <span class='ocrx_word' id='word_1_37' title='bbox 540 1058 588 1117; x_wconf 84' lang='lat' dir='ltr'>ea,</span> <span class='ocrx_word' id='word_1_38' title='bbox 621 1057 704 1119; x_wconf 88' lang='lat' dir='ltr'>quae</span> <span class='ocrx_word' id='word_1_39' title='bbox 732 1037 763 1100; x_wconf 93' lang='lat' dir='ltr'>in</span> <span class='ocrx_word' id='word_1_40' title='bbox 796 1037 964 1103; x_wconf 84' lang='lat' dir='ltr'>Asinariae</span> <span class='ocrx_word' id='word_1_41' title='bbox 996 1036 1140 1102; x_wconf 86' lang='lat' dir='ltr'>versibus</span> <span class='ocrx_word' id='word_1_42' title='bbox 1177 1043 1408 1127; x_wconf 78' lang='lat' dir='ltr'>conspicitur,</span> 
     </span>
     <span class='ocr_line' id='line_1_8' title="bbox 240 1139 1406 1227; baseline 0.002 -18"><span class='ocrx_word' id='word_1_43' title='bbox 240 1143 385 1209; x_wconf 86' lang='lat' dir='ltr'>oratione</span> <span class='ocrx_word' id='word_1_44' title='bbox 408 1161 512 1225; x_wconf 90' lang='lat' dir='ltr'>neque</span> <span class='ocrx_word' id='word_1_45' title='bbox 536 1161 584 1218; x_wconf 83' lang='lat' dir='ltr'>cc,</span> <span class='ocrx_word' id='word_1_46' title='bbox 607 1162 688 1227; x_wconf 82' lang='lat' dir='ltr'>quac</span> <span class='ocrx_word' id='word_1_47' title='bbox 712 1140 743 1203; x_wconf 93' lang='lat' dir='ltr'>in</span> <span class='ocrx_word' id='word_1_48' title='bbox 761 1139 959 1205; x_wconf 85' lang='lat' dir='ltr'>Curculionis</span> <span class='ocrx_word' id='word_1_49' title='bbox 982 1140 1061 1222; x_wconf 90' lang='lat' dir='ltr'>loco,</span> <span class='ocrx_word' id='word_1_50' title='bbox 1084 1141 1129 1204; x_wconf 87' lang='lat' dir='ltr'>uti</span> <span class='ocrx_word' id='word_1_51' title='bbox 1151 1144 1337 1227; x_wconf 82' lang='lat' dir='ltr'>volebant,</span> <span class='ocrx_word' id='word_1_52' title='bbox 1364 1148 1406 1211; x_wconf 86' lang='lat' dir='ltr'>ad</span> 
     </span>
     <span class='ocr_line' id='line_1_9' title="bbox 239 1244 1403 1330; baseline 0.002 -17"><span class='ocrx_word' id='word_1_53' title='bbox 239 1246 326 1313; x_wconf 83' lang='lat' dir='ltr'>eliud</span> <span class='ocrx_word' id='word_1_54' title='bbox 349 1245 522 1312; x_wconf 89' lang='lat' dir='ltr'>remedium</span> <span class='ocrx_word' id='word_1_55' title='bbox 552 1245 760 1310; x_wconf 80' lang='lat' dir='ltr'>recurrebant</span> <span class='ocrx_word' id='word_1_56' title='bbox 785 1244 934 1324; x_wconf 83' lang='lat' dir='ltr'>Romani,</span> <span class='ocrx_word' id='word_1_57' title='bbox 966 1254 1001 1309; x_wconf 92' lang='lat' dir='ltr'>ut</span> <span class='ocrx_word' id='word_1_58' title='bbox 1032 1247 1263 1330; x_wconf 85' lang='lat' dir='ltr'>exprimerent</span> <span class='ocrx_word' id='word_1_59' title='bbox 1300 1252 1403 1314; x_wconf 79' lang='lat' dir='ltr'>nimia</span> 
     </span>
     <span class='ocr_line' id='line_1_10' title="bbox 239 1349 1404 1434; baseline 0.004 -20"><span class='ocrx_word' id='word_1_60' title='bbox 239 1351 403 1417; x_wconf 89' lang='lat' dir='ltr'>imminere</span> <span class='ocrx_word' id='word_1_61' title='bbox 426 1351 600 1431; x_wconf 82' lang='lat' dir='ltr'>obstacula,</span> <span class='ocrx_word' id='word_1_62' title='bbox 625 1349 793 1434; x_wconf 83' lang='lat' dir='ltr'>quominus</span> <span class='ocrx_word' id='word_1_63' title='bbox 817 1349 906 1414; x_wconf 88' lang='lat' dir='ltr'>fieret</span> <span class='ocrx_word' id='word_1_64' title='bbox 931 1370 967 1413; x_wconf 89' lang='lat' dir='ltr'>ea</span> <span class='ocrx_word' id='word_1_65' title='bbox 989 1351 1082 1430; x_wconf 87' lang='lat' dir='ltr'>cotio,</span> <span class='ocrx_word' id='word_1_66' title='bbox 1113 1371 1204 1434; x_wconf 85' lang='lat' dir='ltr'>quae</span> <span class='ocrx_word' id='word_1_67' title='bbox 1229 1357 1404 1419; x_wconf 85' lang='lat' dir='ltr'>enuntiati</span> 
     </span>
     <span class='ocr_line' id='line_1_11' title="bbox 239 1453 1401 1545; baseline 0.002 -24"><span class='ocrx_word' id='word_1_68' title='bbox 239 1455 464 1521; x_wconf 83' lang='lat' dir='ltr'>condicionalis</span> <span class='ocrx_word' id='word_1_69' title='bbox 499 1454 596 1520; x_wconf 86' lang='lat' dir='ltr'>verbo</span> <span class='ocrx_word' id='word_1_70' title='bbox 630 1454 824 1538; x_wconf 87' lang='lat' dir='ltr'>exprimitur.</span> <span class='ocrx_word' id='word_1_71' title='bbox 881 1453 1060 1518; x_wconf 89' lang='lat' dir='ltr'>Utebantur</span> <span class='ocrx_word' id='word_1_72' title='bbox 1098 1455 1204 1538; x_wconf 88' lang='lat' dir='ltr'>igitur</span> <span class='ocrx_word' id='word_1_73' title='bbox 1240 1466 1401 1545; x_wconf 88' lang='lat' dir='ltr'>tempore</span> 
     </span>
     <span class='ocr_line' id='line_1_12' title="bbox 239 1556 1400 1648; baseline 0.004 -26"><span class='ocrx_word' id='word_1_74' title='bbox 239 1559 415 1644; x_wconf 88' lang='lat' dir='ltr'>imperfecti</span> <span class='ocrx_word' id='word_1_75' title='bbox 438 1558 601 1644; x_wconf 85' lang='lat' dir='ltr'>praeteriti</span> <span class='ocrx_word' id='word_1_76' title='bbox 633 1558 653 1622; x_wconf 93' lang='lat' dir='ltr'>i.</span> <span class='ocrx_word' id='word_1_77' title='bbox 677 1579 704 1621; x_wconf 90' lang='lat' dir='ltr'>c.</span> <span class='ocrx_word' id='word_1_78' title='bbox 730 1558 934 1622; x_wconf 88' lang='lat' dir='ltr'>coniunctivo</span> <span class='ocrx_word' id='word_1_79' title='bbox 964 1556 1050 1641; x_wconf 85' lang='lat' dir='ltr'>impf.</span> <span class='ocrx_word' id='word_1_80' title='bbox 1074 1559 1104 1621; x_wconf 82' lang='lat' dir='ltr'>ci</span> <span class='ocrx_word' id='word_1_81' title='bbox 1131 1558 1304 1642; x_wconf 74' lang='lat' dir='ltr'>traderem,</span> <span class='ocrx_word' id='word_1_82' title='bbox 1340 1585 1400 1648; x_wconf 90' lang='lat' dir='ltr'>pro</span> 
     </span>
     <span class='ocr_line' id='line_1_13' title="bbox 239 1661 1398 1750; baseline 0.003 -23"><span class='ocrx_word' id='word_1_83' title='bbox 239 1686 302 1750; x_wconf 91' lang='lat' dir='ltr'>quo</span> <span class='ocrx_word' id='word_1_84' title='bbox 326 1664 431 1729; x_wconf 89' lang='lat' dir='ltr'>dicere</span> <span class='ocrx_word' id='word_1_85' title='bbox 453 1662 541 1727; x_wconf 90' lang='lat' dir='ltr'>licuit</span> <span class='ocrx_word' id='word_1_86' title='bbox 563 1663 657 1726; x_wconf 91' lang='lat' dir='ltr'>etiam</span> <span class='ocrx_word' id='word_1_87' title='bbox 683 1661 873 1726; x_wconf 55' lang='lat' dir='ltr'>micheam.</span> <span class='ocrx_word' id='word_1_88' title='bbox 919 1661 1035 1725; x_wconf 83' lang='lat' dir='ltr'>Forma</span> <span class='ocrx_word' id='word_1_89' title='bbox 1056 1661 1204 1726; x_wconf 69' lang='lat' dir='ltr'>Mberem</span> <span class='ocrx_word' id='word_1_90' title='bbox 1233 1686 1279 1729; x_wconf 82' lang='lat' dir='ltr'>ea</span> <span class='ocrx_word' id='word_1_91' title='bbox 1312 1667 1398 1750; x_wconf 87' lang='lat' dir='ltr'>cogi·</span> 
     </span>
     <span class='ocr_line' id='line_1_14' title="bbox 239 1763 1395 1850; baseline 0.003 -20"><span class='ocrx_word' id='word_1_92' title='bbox 239 1768 316 1831; x_wconf 83' lang='lat' dir='ltr'>tatio</span> <span class='ocrx_word' id='word_1_93' title='bbox 341 1767 468 1833; x_wconf 90' lang='lat' dir='ltr'>omnino</span> <span class='ocrx_word' id='word_1_94' title='bbox 493 1763 735 1847; x_wconf 84' lang='lat' dir='ltr'>excludebatur,</span> <span class='ocrx_word' id='word_1_95' title='bbox 759 1767 850 1850; x_wconf 87' lang='lat' dir='ltr'>quasi</span> <span class='ocrx_word' id='word_1_96' title='bbox 874 1764 982 1829; x_wconf 84' lang='lat' dir='ltr'>futuro</span> <span class='ocrx_word' id='word_1_97' title='bbox 1002 1771 1146 1850; x_wconf 89' lang='lat' dir='ltr'>tempore</span> <span class='ocrx_word' id='word_1_98' title='bbox 1172 1767 1282 1831; x_wconf 86' lang='lat' dir='ltr'>dandi</span> <span class='ocrx_word' id='word_1_99' title='bbox 1308 1770 1395 1834; x_wconf 80' lang='lat' dir='ltr'>actio</span> 
     </span>
     <span class='ocr_line' id='line_1_15' title="bbox 239 1868 1394 1957; baseline 0.003 -23"><span class='ocrx_word' id='word_1_100' title='bbox 239 1891 389 1956; x_wconf 83' lang='lat' dir='ltr'>umquam</span> <span class='ocrx_word' id='word_1_101' title='bbox 414 1871 497 1935; x_wconf 89' lang='lat' dir='ltr'>effici</span> <span class='ocrx_word' id='word_1_102' title='bbox 518 1877 637 1955; x_wconf 87' lang='lat' dir='ltr'>posset.</span> <span class='ocrx_word' id='word_1_103' title='bbox 681 1868 795 1953; x_wconf 85' lang='lat' dir='ltr'>Itaque</span> <span class='ocrx_word' id='word_1_104' title='bbox 817 1877 985 1955; x_wconf 89' lang='lat' dir='ltr'>postquam</span> <span class='ocrx_word' id='word_1_105' title='bbox 1002 1889 1057 1953; x_wconf 90' lang='lat' dir='ltr'>per</span> <span class='ocrx_word' id='word_1_106' title='bbox 1072 1869 1210 1951; x_wconf 88' lang='lat' dir='ltr'>longum</span> <span class='ocrx_word' id='word_1_107' title='bbox 1228 1875 1394 1957; x_wconf 87' lang='lat' dir='ltr'>temporis</span> 
     </span>
     <span class='ocr_line' id='line_1_16' title="bbox 239 1971 1390 2059; baseline 0.003 -21"><span class='ocrx_word' id='word_1_108' title='bbox 239 1975 377 2059; x_wconf 87' lang='lat' dir='ltr'>spatium</span> <span class='ocrx_word' id='word_1_109' title='bbox 399 1974 539 2039; x_wconf 87' lang='lat' dir='ltr'>Romani</span> <span class='ocrx_word' id='word_1_110' title='bbox 561 1975 764 2038; x_wconf 89' lang='lat' dir='ltr'>coniunctivo</span> <span class='ocrx_word' id='word_1_111' title='bbox 788 1973 965 2058; x_wconf 85' lang='lat' dir='ltr'>imperfecti</span> <span class='ocrx_word' id='word_1_112' title='bbox 980 1974 1011 2036; x_wconf 91' lang='lat' dir='ltr'>in</span> <span class='ocrx_word' id='word_1_113' title='bbox 1026 1971 1188 2036; x_wconf 87' lang='lat' dir='ltr'>eiusmodi</span> <span class='ocrx_word' id='word_1_114' title='bbox 1205 1978 1390 2041; x_wconf 80' lang='lat' dir='ltr'>enuntiatis</span> 
     </span>
     <span class='ocr_line' id='line_1_17' title="bbox 240 2075 1389 2163; baseline 0.003 -22"><span class='ocrx_word' id='word_1_115' title='bbox 240 2079 286 2141; x_wconf 88' lang='lat' dir='ltr'>uti</span> <span class='ocrx_word' id='word_1_116' title='bbox 309 2078 394 2142; x_wconf 89' lang='lat' dir='ltr'>soliti</span> <span class='ocrx_word' id='word_1_117' title='bbox 416 2086 501 2161; x_wconf 90' lang='lat' dir='ltr'>sunt,</span> <span class='ocrx_word' id='word_1_118' title='bbox 525 2079 643 2142; x_wconf 87' lang='lat' dir='ltr'>sensim</span> <span class='ocrx_word' id='word_1_119' title='bbox 666 2077 955 2163; x_wconf 88' lang='lat' dir='ltr'>pedetemptimque</span> <span class='ocrx_word' id='word_1_120' title='bbox 978 2075 1141 2142; x_wconf 87' lang='lat' dir='ltr'>desierunt</span> <span class='ocrx_word' id='word_1_121' title='bbox 1164 2087 1279 2142; x_wconf 82' lang='lat' dir='ltr'>artum</span> <span class='ocrx_word' id='word_1_122' title='bbox 1296 2081 1389 2145; x_wconf 88' lang='lat' dir='ltr'>illurn</span> 
     </span>
     <span class='ocr_line' id='line_1_18' title="bbox 239 2180 1388 2268; baseline 0.003 -24"><span class='ocrx_word' id='word_1_123' title='bbox 239 2201 395 2246; x_wconf 90' lang='lat' dir='ltr'>conexum</span> <span class='ocrx_word' id='word_1_124' title='bbox 418 2183 547 2264; x_wconf 87' lang='lat' dir='ltr'>sentire,</span> <span class='ocrx_word' id='word_1_125' title='bbox 570 2204 633 2268; x_wconf 94' lang='lat' dir='ltr'>quo</span> <span class='ocrx_word' id='word_1_126' title='bbox 657 2182 876 2247; x_wconf 87' lang='lat' dir='ltr'>coniunctivus</span> <span class='ocrx_word' id='word_1_127' title='bbox 898 2180 987 2267; x_wconf 87' lang='lat' dir='ltr'>impf.</span> <span class='ocrx_word' id='word_1_128' title='bbox 1012 2202 1085 2245; x_wconf 90' lang='lat' dir='ltr'>cum</span> <span class='ocrx_word' id='word_1_129' title='bbox 1101 2184 1285 2264; x_wconf 83' lang='lat' dir='ltr'>praeterito</span> <span class='ocrx_word' id='word_1_130' title='bbox 1311 2185 1388 2248; x_wconf 90' lang='lat' dir='ltr'>olim</span> 
     </span>
     <span class='ocr_line' id='line_1_19' title="bbox 239 2285 438 2351; baseline 0.005 -1"><span class='ocrx_word' id='word_1_131' title='bbox 239 2285 438 2351; x_wconf 84' lang='lat' dir='ltr'>cohaerebat.</span> 
     </span>
    </p>

    <p class='ocr_par' dir='ltr' id='par_1_4' title="bbox 236 2388 1383 3100">
     <span class='ocr_line' id='line_1_20' title="bbox 341 2388 1383 2477; baseline 0.002 -23"><span class='ocrx_word' id='word_1_132' title='bbox 341 2388 408 2456; x_wconf 88' lang='lat' dir='ltr'>Nec</span> <span class='ocrx_word' id='word_1_133' title='bbox 442 2398 546 2455; x_wconf 88' lang='lat' dir='ltr'>tamen</span> <span class='ocrx_word' id='word_1_134' title='bbox 580 2412 617 2455; x_wconf 92' lang='lat' dir='ltr'>eo</span> <span class='ocrx_word' id='word_1_135' title='bbox 655 2413 843 2477; x_wconf 86' lang='lat' dir='ltr'>progressus</span> <span class='ocrx_word' id='word_1_136' title='bbox 876 2413 946 2456; x_wconf 86' lang='lat' dir='ltr'>esse</span> <span class='ocrx_word' id='word_1_137' title='bbox 985 2390 1122 2454; x_wconf 82' lang='lat' dir='ltr'>Plautus</span> <span class='ocrx_word' id='word_1_138' title='bbox 1160 2390 1311 2475; x_wconf 86' lang='lat' dir='ltr'>videtur,</span> <span class='ocrx_word' id='word_1_139' title='bbox 1347 2401 1383 2456; x_wconf 89' lang='lat' dir='ltr'>ut</span> 
     </span>
     <span class='ocr_line' id='line_1_21' title="bbox 238 2493 1382 2581; baseline 0.001 -22"><span class='ocrx_word' id='word_1_140' title='bbox 238 2495 439 2559; x_wconf 87' lang='lat' dir='ltr'>coniunctivo</span> <span class='ocrx_word' id='word_1_141' title='bbox 478 2495 564 2581; x_wconf 90' lang='lat' dir='ltr'>impf.</span> <span class='ocrx_word' id='word_1_142' title='bbox 604 2496 700 2559; x_wconf 88' lang='lat' dir='ltr'>etiam</span> <span class='ocrx_word' id='word_1_143' title='bbox 735 2494 777 2559; x_wconf 86' lang='lat' dir='ltr'>ad</span> <span class='ocrx_word' id='word_1_144' title='bbox 817 2516 870 2559; x_wconf 87' lang='lat' dir='ltr'>eas</span> <span class='ocrx_word' id='word_1_145' title='bbox 907 2493 1109 2559; x_wconf 85' lang='lat' dir='ltr'>condiciones</span> <span class='ocrx_word' id='word_1_146' title='bbox 1147 2493 1382 2579; x_wconf 78' lang='lat' dir='ltr'>significandos</span> 
     </span>
     <span class='ocr_line' id='line_1_22' title="bbox 237 2600 1381 2686; baseline 0.003 -23"><span class='ocrx_word' id='word_1_147' title='bbox 237 2606 390 2683; x_wconf 68' lang='lat' dir='ltr'>uteretur,</span> <span class='ocrx_word' id='word_1_148' title='bbox 419 2600 479 2664; x_wconf 85' lang='lat' dir='ltr'>sub</span> <span class='ocrx_word' id='word_1_149' title='bbox 503 2601 616 2685; x_wconf 93' lang='lat' dir='ltr'>quibus</span> <span class='ocrx_word' id='word_1_150' title='bbox 639 2602 883 2686; x_wconf 86' lang='lat' dir='ltr'>pronuntiantur</span> <span class='ocrx_word' id='word_1_151' title='bbox 906 2601 1056 2675; x_wconf 84' lang='lat' dir='ltr'>cotiones,</span> <span class='ocrx_word' id='word_1_152' title='bbox 1087 2619 1170 2682; x_wconf 84' lang='lat' dir='ltr'>quac</span> <span class='ocrx_word' id='word_1_153' title='bbox 1201 2608 1237 2664; x_wconf 88' lang='lat' dir='ltr'>ut</span> <span class='ocrx_word' id='word_1_154' title='bbox 1268 2603 1381 2667; x_wconf 80' lang='lat' dir='ltr'>futuro</span> 
     </span>
     <span class='ocr_line' id='line_1_23' title="bbox 237 2702 1379 2788; baseline 0.002 -22"><span class='ocrx_word' id='word_1_155' title='bbox 237 2710 384 2787; x_wconf 90' lang='lat' dir='ltr'>tempore</span> <span class='ocrx_word' id='word_1_156' title='bbox 407 2702 587 2768; x_wconf 85' lang='lat' dir='ltr'>efficiantur</span> <span class='ocrx_word' id='word_1_157' title='bbox 601 2704 669 2768; x_wconf 90' lang='lat' dir='ltr'>fieri</span> <span class='ocrx_word' id='word_1_158' title='bbox 688 2712 805 2788; x_wconf 87' lang='lat' dir='ltr'>potest.</span> <span class='ocrx_word' id='word_1_159' title='bbox 850 2703 947 2788; x_wconf 85' lang='lat' dir='ltr'>Apud</span> <span class='ocrx_word' id='word_1_160' title='bbox 970 2703 1120 2767; x_wconf 85' lang='lat' dir='ltr'>Plautum</span> <span class='ocrx_word' id='word_1_161' title='bbox 1144 2703 1242 2787; x_wconf 84' lang='lat' dir='ltr'>igitur</span> <span class='ocrx_word' id='word_1_162' title='bbox 1268 2706 1379 2771; x_wconf 67' lang='lat' dir='ltr'>dareta</span> 
     </span>
     <span class='ocr_line' id='line_1_24' title="bbox 236 2806 1378 2896; baseline 0.005 -27"><span class='ocrx_word' id='word_1_163' title='bbox 236 2806 319 2871; x_wconf 88' lang='lat' dir='ltr'>idem</span> <span class='ocrx_word' id='word_1_164' title='bbox 343 2808 469 2892; x_wconf 91' lang='lat' dir='ltr'>quidem</span> <span class='ocrx_word' id='word_1_165' title='bbox 492 2815 589 2894; x_wconf 85' lang='lat' dir='ltr'>atque</span> <span class='ocrx_word' id='word_1_166' title='bbox 613 2808 683 2872; x_wconf 84' lang='lat' dir='ltr'>clem</span> <span class='ocrx_word' id='word_1_167' title='bbox 704 2808 880 2892; x_wconf 85' lang='lat' dir='ltr'>significare</span> <span class='ocrx_word' id='word_1_168' title='bbox 903 2815 1019 2892; x_wconf 80' lang='lat' dir='ltr'>potest,</span> <span class='ocrx_word' id='word_1_169' title='bbox 1043 2829 1101 2872; x_wconf 93' lang='lat' dir='ltr'>nec</span> <span class='ocrx_word' id='word_1_170' title='bbox 1116 2815 1223 2873; x_wconf 90' lang='lat' dir='ltr'>tamen</span> <span class='ocrx_word' id='word_1_171' title='bbox 1240 2832 1378 2896; x_wconf 88' lang='lat' dir='ltr'>usquam</span> 
     </span>
     <span class='ocr_line' id='line_1_25' title="bbox 237 2911 1377 2996; baseline 0.004 -22"><span class='ocrx_word' id='word_1_172' title='bbox 237 2911 393 2994; x_wconf 86' lang='lat' dir='ltr'>significat</span> <span class='ocrx_word' id='word_1_173' title='bbox 416 2912 553 2976; x_wconf 81' lang='lat' dir='ltr'>daturus</span> <span class='ocrx_word' id='word_1_174' title='bbox 583 2914 652 2977; x_wconf 79' lang='lat' dir='ltr'>eim.</span> <span class='ocrx_word' id='word_1_175' title='bbox 698 2912 807 2996; x_wconf 81' lang='lat' dir='ltr'>Atque</span> <span class='ocrx_word' id='word_1_176' title='bbox 836 2912 914 2976; x_wconf 84' lang='lat' dir='ltr'>haec</span> <span class='ocrx_word' id='word_1_177' title='bbox 939 2913 1009 2996; x_wconf 85' lang='lat' dir='ltr'>ipsa</span> <span class='ocrx_word' id='word_1_178' title='bbox 1037 2914 1176 2976; x_wconf 81' lang='lat' dir='ltr'>maxima</span> <span class='ocrx_word' id='word_1_179' title='bbox 1206 2914 1377 2981; x_wconf 87' lang='lat' dir='ltr'>intercedit</span> 
     </span>
     <span class='ocr_line' id='line_1_26' title="bbox 237 3014 1376 3100; baseline 0.004 -22"><span class='ocrx_word' id='word_1_180' title='bbox 237 3014 417 3081; x_wconf 86' lang='lat' dir='ltr'>differentia</span> <span class='ocrx_word' id='word_1_181' title='bbox 439 3017 523 3080; x_wconf 89' lang='lat' dir='ltr'>inter</span> <span class='ocrx_word' id='word_1_182' title='bbox 545 3016 731 3081; x_wconf 82' lang='lat' dir='ltr'>Plautinum</span> <span class='ocrx_word' id='word_1_183' title='bbox 757 3015 907 3100; x_wconf 90' lang='lat' dir='ltr'>loquendi</span> <span class='ocrx_word' id='word_1_184' title='bbox 937 3038 1030 3081; x_wconf 87' lang='lat' dir='ltr'>usum</span> <span class='ocrx_word' id='word_1_185' title='bbox 1059 3024 1092 3081; x_wconf 89' lang='lat' dir='ltr'>ct</span> <span class='ocrx_word' id='word_1_186' title='bbox 1115 3016 1376 3083; x_wconf 83' lang='lat' dir='ltr'>Ciceronianam.</span> 
     </span>
    </p>

    <p class='ocr_par' dir='ltr' id='par_1_5' title="bbox 234 3119 1378 4450">
     <span class='ocr_line' id='line_1_27' title="bbox 339 3119 1377 3206; baseline 0.005 -23"><span class='ocrx_word' id='word_1_187' title='bbox 339 3119 420 3184; x_wconf 91' lang='lat' dir='ltr'>Inde</span> <span class='ocrx_word' id='word_1_188' title='bbox 443 3119 521 3184; x_wconf 93' lang='lat' dir='ltr'>illud</span> <span class='ocrx_word' id='word_1_189' title='bbox 548 3121 773 3205; x_wconf 86' lang='lat' dir='ltr'>explicandum</span> <span class='ocrx_word' id='word_1_190' title='bbox 796 3128 854 3202; x_wconf 81' lang='lat' dir='ltr'>est,</span> <span class='ocrx_word' id='word_1_191' title='bbox 877 3119 962 3206; x_wconf 92' lang='lat' dir='ltr'>quod</span> <span class='ocrx_word' id='word_1_192' title='bbox 990 3119 1076 3204; x_wconf 83' lang='lat' dir='ltr'>apud</span> <span class='ocrx_word' id='word_1_193' title='bbox 1098 3121 1253 3185; x_wconf 82' lang='lat' dir='ltr'>Plautum</span> <span class='ocrx_word' id='word_1_194' title='bbox 1277 3144 1377 3187; x_wconf 92' lang='lat' dir='ltr'>unum</span> 
     </span>
     <span class='ocr_line' id='line_1_28' title="bbox 236 3222 1375 3308; baseline 0.004 -21"><span class='ocrx_word' id='word_1_195' title='bbox 236 3222 314 3288; x_wconf 93' lang='lat' dir='ltr'>illud</span> <span class='ocrx_word' id='word_1_196' title='bbox 338 3226 367 3287; x_wconf 80' lang='lat' dir='ltr'>si</span> <span class='ocrx_word' id='word_1_197' title='bbox 388 3226 509 3307; x_wconf 76' lang='lat' dir='ltr'>sapiae,</span> <span class='ocrx_word' id='word_1_198' title='bbox 541 3225 635 3290; x_wconf 83' lang='lat' dir='ltr'>abeas</span> <span class='ocrx_word' id='word_1_199' title='bbox 663 3225 791 3308; x_wconf 82' lang='lat' dir='ltr'>legitur,</span> <span class='ocrx_word' id='word_1_200' title='bbox 822 3244 884 3288; x_wconf 93' lang='lat' dir='ltr'>uon</span> <span class='ocrx_word' id='word_1_201' title='bbox 917 3226 946 3287; x_wconf 83' lang='lat' dir='ltr'>si</span> <span class='ocrx_word' id='word_1_202' title='bbox 973 3244 1110 3308; x_wconf 79' lang='lat' dir='ltr'>saperes,</span> <span class='ocrx_word' id='word_1_203' title='bbox 1141 3224 1268 3305; x_wconf 76' lang='lat' dir='ltr'>acires;</span> <span class='ocrx_word' id='word_1_204' title='bbox 1298 3227 1375 3292; x_wconf 88' lang='lat' dir='ltr'>item</span> 
     </span>
     <span class='ocr_line' id='line_1_29' title="bbox 236 3328 1376 3414; baseline 0.004 -23"><span class='ocrx_word' id='word_1_205' title='bbox 236 3348 337 3392; x_wconf 85' lang='lat' dir='ltr'>uocem</span> <span class='ocrx_word' id='word_1_206' title='bbox 370 3335 397 3391; x_wconf 84' lang='lat' dir='ltr'>te</span> <span class='ocrx_word' id='word_1_207' title='bbox 432 3328 477 3391; x_wconf 84' lang='lat' dir='ltr'>cd</span> <span class='ocrx_word' id='word_1_208' title='bbox 508 3349 633 3410; x_wconf 82' lang='lat' dir='ltr'>cenam,</span> <span class='ocrx_word' id='word_1_209' title='bbox 675 3331 711 3392; x_wconf 80' lang='lat' dir='ltr'>ci</span> <span class='ocrx_word' id='word_1_210' title='bbox 742 3336 814 3410; x_wconf 77' lang='lat' dir='ltr'>eto,</span> <span class='ocrx_word' id='word_1_211' title='bbox 847 3328 994 3413; x_wconf 83' lang='lat' dir='ltr'>quoniam</span> <span class='ocrx_word' id='word_1_212' title='bbox 1029 3328 1055 3391; x_wconf 87' lang='lat' dir='ltr'>is</span> <span class='ocrx_word' id='word_1_213' title='bbox 1084 3328 1138 3412; x_wconf 94' lang='lat' dir='ltr'>qui</span> <span class='ocrx_word' id='word_1_214' title='bbox 1166 3329 1313 3414; x_wconf 89' lang='lat' dir='ltr'>loquitur</span> <span class='ocrx_word' id='word_1_215' title='bbox 1343 3330 1376 3395; x_wconf 95' lang='lat' dir='ltr'>id</span> 
     </span>
     <span class='ocr_line' id='line_1_30' title="bbox 236 3429 1375 3518; baseline 0.004 -24"><span class='ocrx_word' id='word_1_216' title='bbox 236 3429 356 3514; x_wconf 90' lang='lat' dir='ltr'>ubique</span> <span class='ocrx_word' id='word_1_217' title='bbox 377 3436 503 3515; x_wconf 87' lang='lat' dir='ltr'>tempus</span> <span class='ocrx_word' id='word_1_218' title='bbox 536 3434 660 3514; x_wconf 85' lang='lat' dir='ltr'>spectat</span> <span class='ocrx_word' id='word_1_219' title='bbox 693 3430 778 3516; x_wconf 93' lang='lat' dir='ltr'>quod</span> <span class='ocrx_word' id='word_1_220' title='bbox 809 3430 868 3516; x_wconf 89' lang='lat' dir='ltr'>ipsi</span> <span class='ocrx_word' id='word_1_221' title='bbox 896 3432 1009 3510; x_wconf 84' lang='lat' dir='ltr'>instat,</span> <span class='ocrx_word' id='word_1_222' title='bbox 1039 3429 1072 3494; x_wconf 92' lang='lat' dir='ltr'>id</span> <span class='ocrx_word' id='word_1_223' title='bbox 1100 3437 1149 3494; x_wconf 88' lang='lat' dir='ltr'>est</span> <span class='ocrx_word' id='word_1_224' title='bbox 1181 3431 1214 3495; x_wconf 90' lang='lat' dir='ltr'>id</span> <span class='ocrx_word' id='word_1_225' title='bbox 1246 3439 1375 3518; x_wconf 90' lang='lat' dir='ltr'>tempus</span> 
     </span>
     <span class='ocr_line' id='line_1_31' title="bbox 236 3533 1376 3617; baseline 0.004 -22"><span class='ocrx_word' id='word_1_226' title='bbox 236 3533 322 3617; x_wconf 94' lang='lat' dir='ltr'>quod</span> <span class='ocrx_word' id='word_1_227' title='bbox 353 3540 462 3597; x_wconf 86' lang='lat' dir='ltr'>nostra</span> <span class='ocrx_word' id='word_1_228' title='bbox 494 3533 605 3617; x_wconf 84' lang='lat' dir='ltr'>lingua</span> <span class='ocrx_word' id='word_1_229' title='bbox 635 3534 798 3599; x_wconf 86' lang='lat' dir='ltr'>locutione</span> <span class='ocrx_word' id='word_1_230' title='bbox 826 3534 876 3598; x_wconf 76' lang='lat' dir='ltr'>ich</span> <span class='ocrx_word' id='word_1_231' title='bbox 915 3534 1022 3598; x_wconf 81' lang='lat' dir='ltr'>wiirde</span> <span class='ocrx_word' id='word_1_232' title='bbox 1055 3534 1189 3599; x_wconf 88' lang='lat' dir='ltr'>reddere</span> <span class='ocrx_word' id='word_1_233' title='bbox 1221 3535 1376 3602; x_wconf 88' lang='lat' dir='ltr'>solemus.</span> 
     </span>
     <span class='ocr_line' id='line_1_32' title="bbox 235 3636 1376 3722; baseline 0.004 -22"><span class='ocrx_word' id='word_1_234' title='bbox 235 3636 314 3702; x_wconf 90' lang='lat' dir='ltr'>Inde</span> <span class='ocrx_word' id='word_1_235' title='bbox 346 3636 422 3700; x_wconf 93' lang='lat' dir='ltr'>illud</span> <span class='ocrx_word' id='word_1_236' title='bbox 457 3656 586 3720; x_wconf 88' lang='lat' dir='ltr'>quoquc</span> <span class='ocrx_word' id='word_1_237' title='bbox 618 3637 807 3720; x_wconf 86' lang='lat' dir='ltr'>expeditur,</span> <span class='ocrx_word' id='word_1_238' title='bbox 838 3637 921 3722; x_wconf 95' lang='lat' dir='ltr'>quod</span> <span class='ocrx_word' id='word_1_239' title='bbox 953 3636 1046 3702; x_wconf 86' lang='lat' dir='ltr'>Truc.</span> <span class='ocrx_word' id='word_1_240' title='bbox 1071 3640 1133 3701; x_wconf 85' lang='grc'>363</span> <span class='ocrx_word' id='word_1_241' title='bbox 1164 3638 1197 3700; x_wconf 92' lang='lat' dir='ltr'>in</span> <span class='ocrx_word' id='word_1_242' title='bbox 1227 3639 1376 3704; x_wconf 91' lang='lat' dir='ltr'>codicum</span> 
     </span>
     <span class='ocr_line' id='line_1_33' title="bbox 234 3738 1376 3825; baseline 0.004 -22"><span class='ocrx_word' id='word_1_243' title='bbox 234 3740 453 3804; x_wconf 84' lang='lat' dir='ltr'>Palatinorunr</span> <span class='ocrx_word' id='word_1_244' title='bbox 470 3738 557 3803; x_wconf 90' lang='lat' dir='ltr'>BCD</span> <span class='ocrx_word' id='word_1_245' title='bbox 580 3739 716 3806; x_wconf 90' lang='lat' dir='ltr'>lectione</span> <span class='ocrx_word' id='word_1_246' title='bbox 733 3742 831 3822; x_wconf 82' lang='lat' dir='ltr'>celim,</span> <span class='ocrx_word' id='word_1_247' title='bbox 854 3742 883 3804; x_wconf 85' lang='lat' dir='ltr'>si</span> <span class='ocrx_word' id='word_1_248' title='bbox 900 3742 973 3822; x_wconf 67' lang='lat' dir='ltr'>pieri</span> <span class='ocrx_word' id='word_1_249' title='bbox 991 3743 1090 3824; x_wconf 79' lang='lat' dir='ltr'>poscit</span> <span class='ocrx_word' id='word_1_250' title='bbox 1103 3742 1376 3825; x_wconf 84' lang='lat' dir='ltr'>acquiescendum</span> 
     </span>
     <span class='ocr_line' id='line_1_34' title="bbox 235 3844 1375 3930; baseline 0.006 -24"><span class='ocrx_word' id='word_1_251' title='bbox 235 3853 292 3922; x_wconf 87' lang='lat' dir='ltr'>est,</span> <span class='ocrx_word' id='word_1_252' title='bbox 321 3845 471 3929; x_wconf 85' lang='lat' dir='ltr'>quoniam</span> <span class='ocrx_word' id='word_1_253' title='bbox 501 3865 538 3907; x_wconf 88' lang='lat' dir='ltr'>ea</span> <span class='ocrx_word' id='word_1_254' title='bbox 573 3865 658 3928; x_wconf 84' lang='lat' dir='ltr'>quae</span> <span class='ocrx_word' id='word_1_255' title='bbox 689 3846 720 3907; x_wconf 92' lang='lat' dir='ltr'>iu</span> <span class='ocrx_word' id='word_1_256' title='bbox 748 3845 809 3908; x_wconf 87' lang='lat' dir='ltr'>illis</span> <span class='ocrx_word' id='word_1_257' title='bbox 839 3866 921 3929; x_wconf 89' lang='lat' dir='ltr'>quae</span> <span class='ocrx_word' id='word_1_258' title='bbox 952 3844 1148 3930; x_wconf 82' lang='lat' dir='ltr'>praecedunt</span> <span class='ocrx_word' id='word_1_259' title='bbox 1179 3844 1375 3913; x_wconf 85' lang='lat' dir='ltr'>Diniarchus</span> 
     </span>
     <span class='ocr_line' id='line_1_35' title="bbox 234 3947 1378 4032; baseline 0.004 -21"><span class='ocrx_word' id='word_1_260' title='bbox 234 3949 485 4032; x_wconf 80' lang='lat' dir='ltr'>interrogaverat</span> <span class='ocrx_word' id='word_1_261' title='bbox 507 3968 616 4031; x_wconf 79' lang='lat' dir='ltr'>cerupe</span> <span class='ocrx_word' id='word_1_262' title='bbox 640 3954 675 4012; x_wconf 84' lang='lat' dir='ltr'>tu</span> <span class='ocrx_word' id='word_1_263' title='bbox 697 3950 760 4013; x_wconf 83' lang='lat' dir='ltr'>cris</span> <span class='ocrx_word' id='word_1_264' title='bbox 782 3947 872 4012; x_wconf 83' lang='lat' dir='ltr'>hodie</span> <span class='ocrx_word' id='word_1_265' title='bbox 894 3970 1022 4031; x_wconf 78' lang='lat' dir='ltr'>mecum,</span> <span class='ocrx_word' id='word_1_266' title='bbox 1044 3969 1112 4012; x_wconf 86' lang='lat' dir='ltr'>mea</span> <span class='ocrx_word' id='word_1_267' title='bbox 1136 3947 1378 4016; x_wconf 77' lang='lat' dir='ltr'>Phronesium?</span> 
     </span>
     <span class='ocr_line' id='line_1_36' title="bbox 235 4050 1375 4141; baseline 0.006 -27"><span class='ocrx_word' id='word_1_268' title='bbox 235 4050 275 4117; x_wconf 92' lang='lat' dir='ltr'>de</span> <span class='ocrx_word' id='word_1_269' title='bbox 297 4050 404 4116; x_wconf 87' lang='lat' dir='ltr'>futuro</span> <span class='ocrx_word' id='word_1_270' title='bbox 428 4058 571 4134; x_wconf 88' lang='lat' dir='ltr'>tempore</span> <span class='ocrx_word' id='word_1_271' title='bbox 595 4052 646 4135; x_wconf 87' lang='lat' dir='ltr'>agi</span> <span class='ocrx_word' id='word_1_272' title='bbox 664 4053 734 4116; x_wconf 90' lang='lat' dir='ltr'>luce</span> <span class='ocrx_word' id='word_1_273' title='bbox 753 4052 866 4116; x_wconf 83' lang='lat' dir='ltr'>clarius</span> <span class='ocrx_word' id='word_1_274' title='bbox 885 4060 1034 4137; x_wconf 81' lang='lat' dir='ltr'>apparet3</span> <span class='ocrx_word' id='word_1_275' title='bbox 1058 4051 1257 4136; x_wconf 85' lang='lat' dir='ltr'>repudianda</span> <span class='ocrx_word' id='word_1_276' title='bbox 1277 4056 1375 4141; x_wconf 85' lang='lat' dir='ltr'>igitur</span> 
     </span>
     <span class='ocr_line' id='line_1_37' title="bbox 235 4154 1374 4243; baseline 0.005 -25"><span class='ocrx_word' id='word_1_277' title='bbox 235 4163 283 4219; x_wconf 86' lang='lat' dir='ltr'>est</span> <span class='ocrx_word' id='word_1_278' title='bbox 306 4154 422 4220; x_wconf 92' lang='lat' dir='ltr'>codicis</span> <span class='ocrx_word' id='word_1_279' title='bbox 438 4155 579 4240; x_wconf 86' lang='lat' dir='ltr'>rescripti</span> <span class='ocrx_word' id='word_1_280' title='bbox 596 4155 800 4220; x_wconf 84' lang='lat' dir='ltr'>Ambrosiani</span> <span class='ocrx_word' id='word_1_281' title='bbox 816 4156 844 4218; x_wconf 88' lang='lat' dir='ltr'>A</span> <span class='ocrx_word' id='word_1_282' title='bbox 861 4156 956 4220; x_wconf 90' lang='lat' dir='ltr'>lectio</span> <span class='ocrx_word' id='word_1_283' title='bbox 979 4157 1092 4235; x_wconf 83' lang='lat' dir='ltr'>uellem,</span> <span class='ocrx_word' id='word_1_284' title='bbox 1116 4157 1146 4220; x_wconf 84' lang='lat' dir='ltr'>si</span> <span class='ocrx_word' id='word_1_285' title='bbox 1164 4159 1237 4238; x_wconf 78' lang='lat' dir='ltr'>fieri</span> <span class='ocrx_word' id='word_1_286' title='bbox 1258 4168 1374 4243; x_wconf 76' lang='lat' dir='ltr'>posset,</span> 
     </span>
     <span class='ocr_line' id='line_1_38' title="bbox 234 4258 1375 4346; baseline 0.009 -24"><span class='ocrx_word' id='word_1_287' title='bbox 234 4280 317 4344; x_wconf 85' lang='lat' dir='ltr'>quae</span> <span class='ocrx_word' id='word_1_288' title='bbox 339 4259 433 4324; x_wconf 91' lang='lat' dir='ltr'>lectio</span> <span class='ocrx_word' id='word_1_289' title='bbox 456 4266 492 4323; x_wconf 91' lang='lat' dir='ltr'>ut</span> <span class='ocrx_word' id='word_1_290' title='bbox 508 4258 719 4326; x_wconf 85' lang='lat' dir='ltr'>Ciceroniano</span> <span class='ocrx_word' id='word_1_291' title='bbox 736 4260 886 4345; x_wconf 91' lang='lat' dir='ltr'>loquendi</span> <span class='ocrx_word' id='word_1_292' title='bbox 907 4262 978 4325; x_wconf 93' lang='lat' dir='ltr'>usui</span> <span class='ocrx_word' id='word_1_293' title='bbox 994 4261 1112 4346; x_wconf 89' lang='lat' dir='ltr'>optimc</span> <span class='ocrx_word' id='word_1_294' title='bbox 1128 4267 1375 4331; x_wconf 87' lang='lat' dir='ltr'>accommodata</span> 
     </span>
     <span class='ocr_line' id='line_1_39' title="bbox 235 4363 1374 4450; baseline 0.008 -21"><span class='ocrx_word' id='word_1_295' title='bbox 235 4370 292 4446; x_wconf 86' lang='lat' dir='ltr'>est,</span> <span class='ocrx_word' id='word_1_296' title='bbox 315 4364 359 4428; x_wconf 84' lang='lat' dir='ltr'>ite</span> <span class='ocrx_word' id='word_1_297' title='bbox 374 4363 542 4430; x_wconf 78' lang='lat' dir='ltr'>Plautinae</span> <span class='ocrx_word' id='word_1_298' title='bbox 564 4364 693 4447; x_wconf 81' lang='lat' dir='ltr'>linguae</span> <span class='ocrx_word' id='word_1_299' title='bbox 718 4365 815 4428; x_wconf 89' lang='lat' dir='ltr'>indoli</span> <span class='ocrx_word' id='word_1_300' title='bbox 840 4366 1048 4430; x_wconf 85' lang='lat' dir='ltr'>vehementer</span> <span class='ocrx_word' id='word_1_301' title='bbox 1070 4377 1240 4450; x_wconf 79' lang='lat' dir='ltr'>repugnat.</span> <span class='ocrx_word' id='word_1_302' title='bbox 1281 4370 1374 4439; x_wconf 91' lang='lat' dir='ltr'>Idem</span> 
     </span>
    </p>
   </div>
   <div class='ocr_carea' id='block_1_4' title="bbox 0 0 1486 4800">
    <p class='ocr_par' dir='ltr' id='par_1_6' title="bbox 0 0 1486 4800">
     <span class='ocr_line' id='line_1_40' title="bbox 0 0 1486 4800; baseline 0 2"><span class='ocrx_word' id='word_1_303' title='bbox 0 0 1486 4800; x_wconf 95' lang='lat' dir='ltr'> </span> 
     </span>
    </p>
   </div>
  </div>
 </body>
</html>
