2970 4814
224 240 265 300 44
656 276 697 285 -
744 235 831 323 [κιο]
880 274 920 283 -

313 429 356 496 17
390 422 568 516 ἀρτηρίαι
609 421 679 495 οἷον
712 421 902 516 άεροτηρία,
938 419 1007 492 άπὸ
1041 427 1100 492 τοῦ
1129 423 1290 510 περιέχειν
1322 421 1361 491 τὸ

225 533 353 616 πνεῦμα
376 531 431 599 καί
447 537 571 620 τηρεῖν·
596 527 618 621 ἢ
640 527 725 598 κατὰ
738 527 918 615 μετάθεσιν
940 532 998 596 τοῦ
1020 520 1040 596 λ
1062 528 1152 617 εἰςρ·
1174 521 1245 597 οἷον
1260 525 1361 619 ἁλτη-

213 632 281 720 ,ρία
299 661 349 716 τις
364 626 455 717 οὖσα,
473 630 543 702 ἀπὸ
563 638 623 703 τοῦ
638 633 810 715 όίλλεσθαι,
835 629 886 700 ότι
910 629 1072 700 ἅλλεσθαι
1096 635 1187 700 δοκεῖ
1207 631 1361 718 παλμοὺς

225 740 380 805 ποιοῦσα.
420 741 476 806 Or.
497 743 545 819 17,
559 743 592 818 33
616 738 668 805 Et.
686 735 730 804 M.
748 743 819 818 150,
832 741 873 801 22
896 738 967 823 (cfr.
987 737 1025 804 E.
1039 740 1159 820 Miller,
1179 738 1362 824 Μόίεοςεε,

225 866 255 930 p.
273 844 346 929 46);
368 843 445 910 Mel.
459 846 560 923 81,7.'

314 948 359 1017 18
389 941 516 1031 άρτος;
552 940 774 1034 Ἱπποκράτης
807 946 1006 1033 (Aphorism.
1034 947 1052 1012 I
1080 948 1131 1032 15)
1170 942 1270 1035 φησίν
1305 944 1364 1028 ,μί

227 1048 351 1118 κοιλίαι
374 1052 531 1136 χειμῶνος
559 1049 616 1116 καί
643 1040 721 1140 ἦρος
749 1045 955 1134 θερμόταται
983 1044 1131 1138 φόσει*)·
1154 1046 1188 1116 ἐν
1208 1043 1365 1138 ταόιησιν

226 1144 283 1221 σίν
303 1159 397 1243 τῇσιν
413 1150 514 1242 άίρησι
537 1149 650 1220 καὶτὰ
666 1149 887 1242 προσάρματα
903 1151 1008 1220 πλείω
1024 1152 1219 1237 δοτέον“,**)
1243 1176 1365 1237 προσ-

230 1256 274 1346 άρ
281 1283 385 1343 ματα
406 1254 562 1344 λέγωντὰ
578 1254 678 1338 σιτία,
703 1250 747 1336 ὡς
763 1253 1014 1345 προσφερόμενα
1035 1258 1083 1344 τζῦ
1098 1253 1242 1342 σώματι·
1266 1255 1302 1337 ἐξ
1324 1245 1363 1323 οὗ

227 1362 284 1428 καί
308 1355 424 1449 άρτος
446 1357 539 1448 παρὰ
562 1356 600 1431 τὸ
624 1357 737 1445 αίρειν,
766 1357 877 1428 ὅέστι
900 1360 1098 1450 προσφέρειν
1120 1356 1197 1427 καθ’
1223 1356 1364 1448 ἑκάστην

227 1466 285 1534 καί
322 1454 468 1551 μάττειν·
507 1468 597 1554 ἡμῶν
633 1464 694 1553 γὰρ
731 1456 826 1544 οὗτος
858 1462 963 1553 τροφὴ
998 1464 1055 1531 καί
1090 1460 1269 1554 προσθήκη
1304 1466 1365 1531 τοῦ

231 1567 383 1655 σώματος
392 1571 432 1656 ¹)‘
456 1568 513 1636 καί
534 1564 771 1658 Ἀριστοφάνης
793 1571 886 1656 (Pae.
912 1570 943 1654 1)

620 1667 704 1761 ,αἶρ’
730 1667 968 1761 αίρε’μᾶζσν“·

231 1778 286 1846 καί
312 1773 484 1867 ἁρμαλιά
508 1777 566 1845 ἐπὶ
589 1785 650 1868 της
671 1780 804 1867 τροφῆς,
828 1774 921 1864 παρὰ
943 1773 981 1845 τὸ
1005 1774 1098 1864 αἴρω,
1121 1774 1159 1844 τό
1176 1776 1365 1865 προσφέρω,

229 1878 341 1968 ἁρμός,
374 1880 458 1951 οἳτω
481 1881 636 1968 καθαίρω
659 1878 848 1971 καθαρμός·
878 1876 971 1969 παρὰ
1000 1872 1057 1950 σόν
1078 1876 1116 1949 τὸ
1139 1877 1244 1967 ἁρμὸς
1261 1877 1366 1968 ἆρμία

228 1986 285 2053 καί
307 1988 584 2076 πλεονασμῷτης
606 1976 824 2073 αλίιρμαλιά.
865 1989 918 2052 Οτ.
940 1990 1058 2066 21,1s.
1102 1987 1132 2070 l)
1159 1986 1235 2052 Mel.
1254 1991 1366 2068 101,3.

320 2090 365 2159 19
389 2083 656 2177 άστράμαλοςε
681 2113 710 2155 v.
735 2089 857 2170 σκέλος.

318 2193 365 2263 20
387 2187 528 2283 αόχήνε
552 2187 623 2260 ἀπὸ
645 2197 705 2283 τῆς
727 2187 793 2259 άνω
815 2196 875 2282 τῆς
897 2193 1043 2283 κεφαλῆς
1059 2189 1203 2276 νεύσεως,
1227 2193 1368 2261 ἐπὶτῶν

231 2292 390 2365 αὐθαδῶν
412 2293 434 2385 ἢ
455 2295 515 2364 ε’πί
536 2321 623 2364 τισιν
645 2291 837 2380 αόχοόντων.
883 2299 940 2366 Or.
960 2302 1048 2379 17,1.

313 2403 357 2472 21
383 2396 570 2488 βάλανοςε
602 2424 632 2466 v.
657 2397 781 2468 αἰδοῖα.
890 2391 891 2394 ¹
1116 2389 1118 2393 ’

315 2506 361 2574 22
384 2503 640 2594 βλεφαρίδεςε
670 2527 700 2570 v.
723 2498 908 2593 ὀφθαλμοί.

317 2609 363 2678 23
385 2607 603 2696 βλέφαρονι
635 2632 666 2675 ι.
690 2602 875 2696 ὀφθαλμοί.

316 2712 364 2780 24
385 2709 548 2798 βολβόςε
572 2711 631 2778 ἐπὶ
654 2715 713 2780 τοῦ
729 2705 926 2801 ὀφθαλμοῦ·
951 2706 1021 2778 ἀπὸ
1043 2715 1102 2802 τῆς
1117 2709 1201 2799 πρὸς
1219 2708 1276 2780 τὸν
1298 2709 1362 2795 ἔξω

229 2810 287 2881 τὸν
310 2814 346 2880 ἐκ
368 2817 426 2904 γῆς
447 2811 568 2901 βολβόν
590 2813 774 2904 ἑμφερείας.
820 2817 875 2882 Or.
894 2820 945 2896 34,
963 2819 1010 2881 13.

316 2920 362 2987 25
383 2915 613 3004 βόστρυχοιε
639 2943 669 2985 v.
692 2917 781 3007 θρίξ.

318 3024 364 3092 26
386 3019 558 3110 βοοβάνε
588 3047 616 3091 ν.
640 3014 748 3113 ἦτρον.-

316 3126 362 3195 27
385 3122 568 3213 βράγχοςε
593 3151 622 3194 v.
648 3124 766 3211 στόμα.

317 3229 364 3300 28
386 3228 580 3317 βραχίωνε
610 3254 639 3298 v.
663 3235 775 3316 χεῖρες.
806 3260 808 3262 ·

318 3335 365 3403 29
387 3334 552 3422 βρέμμαε
582 3356 613 3403 v.
635 3329 772 3423 κεφαλή.

319 3439 366 3508 30
388 3438 547 3528 βρίφοςε
577 3462 606 3508 ν.
629 3435 778 3526 ἔμβρυον.

319 3544 362 3612 31
389 3539 502 3631 μάλαε
533 3566 563 3613 v.
586 3541 735 3632 ἔμβρυον.

318 3646 364 3716 32
387 3642 628 3734 γαργαρεοίνε
660 3669 690 3714 v.
713 3642 830 3730 στόμα.

319 3749 366 3818 33
389 3744 556 3839 γαστήρε
585 3747 711 3835 λέγεται
735 3747 791 3815 καί
814 3746 956 3815 κοιλία
979 3743 1049 3815 άπὸ
1073 3752 1132 3815 τοῦ
1151 3751 1262 3829 κοῖλος
1284 3744 1368 3819 εἶναι

233 3849 257 3942 ἢ
294 3847 364 3922 άπὸ
401 3856 462 3921 τοῦ
495 3852 633 3921 λεαίνειν
671 3851 730 3944 τὴν
762 3850 886 3943 τροφίην
920 3853 976 3921 καί
1003 3855 1131 3937 χαλοίν,
1170 3851 1280 3936 χοιλία
1311 3856 1369 3923 καί

320 4013 344 4079 *)
364 4013 428 4081 post
446 4010 530 4080 φάσει
548 4010 732 4079 Hippocrates
751 4008 847 4063 addit:
875 4008 920 4062 καί
938 4007 1019 4062 ὕπνοι
1036 4009 1211 4081 μακρότατοι.

307 4100 346 4166 ιη
366 4100 413 4152 cfr.
436 4097 472 4152 ad
491 4098 565 4151 hunc
584 4098 688 4152 locum:
717 4095 816 4150 Galeni
841 4096 894 4163 (ed.
913 4097 1024 4164 Kuehn)
1043 4096 1113 4166 Vp.
1133 4096 1191 4150 704.
1213 4096 1251 4149 IX
1270 4109 1297 4165 p.
1311 4097 1369 4151 1⁶29,

235 4184 285 4239 XV
306 4186 457 4257 p.89,180.
494 4184 558 4239 XVI
578 4203 604 4254 p.
617 4185 676 4239 252.
714 4183 792 4238 XVII
806 4184 827 4237 B
843 4202 870 4255 p.
883 4186 942 4249 205,
954 4184 1014 4241 415.
1050 4182 1115 4237 XVI
1133 4183 1232 4254 p.430,
