2954 4822
220 264 259 325 a
659 298 698 307 -
745 256 833 346 [roo]
882 296 960 352 -p

221 454 360 537 spatium
391 453 538 538 expleat,
574 452 703 517 facilius
736 448 907 515 toleranda
941 448 1087 527 videtur,
1119 469 1215 535 quam
1248 506 1264 516 .
1279 489 1355 517 ,ο.

220 561 277 620 aut
298 558 427 623 wa.
450 562 508 619 aut
533 575 663 623 ,GM
686 553 820 617 diiambi
843 553 916 618 loco
940 555 1056 640 posita.

305 657 478 724 Admissus
502 665 554 723 est
577 657 759 744 tribrachys
783 664 914 743 praeter
943 657 1164 722 choriambum
1188 656 1229 721 ab
1253 655 1357 720 Ana-

221 771 394 830 creonte

714 849 752 914 ir.
776 849 869 935 24:¹)

287 955 514 1043 Ἀναπέτομαι
537 956 577 1049 δὴ
602 956 687 1047 πρὸς
701 953 876 1046 ’Όλυμπον
898 954 1091 1046 πτερύγεσσι
1114 954 1255 1047 κούφαις

290 1061 346 1131 διὰ
368 1060 424 1131 τὸν
439 1057 576 1151 Ἔρωτ’·
601 1059 638 1130 οὐ
661 1060 722 1151 γὰρ
745 1063 820 1148 ἐμοὶ
843 1068 927 1144 παῖς
949 1063 1057 1131 ἐθέλει
1081 1065 1231 1151 συνηβᾶν.

688 1440 733 1524 ὥς
753 1438 786 1530 μ’
812 1440 929 1511 έσιδιὺν
951 1442 1070 1531 γένειον

412 1543 598 1616 ὑποπόλιον
619 1547 866 1638 χρυσοφαέννων
888 1544 1056 1636 πτερύγιον
1078 1543 1197 1639 άήταις

389 1682 393 1688 ·
413 1651 644 1741 παραπέταται

310 1993 553 2057 Anacreontcm
587 1986 648 2058 ὅλα
683 1984 818 2080 ᾄσματα
853 1992 903 2056 his
940 1992 1090 2058 versibus
1125 1993 1361 2078 conscripsisse

224 2096 447 2182 Hephaestion
471 2095 568 2160 docet
592 2117 623 2180 p.
647 2098 702 2176 31,
727 2099 762 2159 6:
795 2088 977 2181 Ἀνακρέων
1008 2094 1044 2161 δέ
1074 2090 1271 2184 ἐπετήδευσε
1304 2091 1364 2184 τὴν

224 2193 355 2286 πρώτην
376 2194 530 2285 συζυγίαν
552 2191 593 2263 δι’
620 2193 697 2264 ὅλου
720 2192 868 2286 ᾅσματος
889 2197 926 2264 ἐκ
946 2193 1136 2286 τριβράχεος
1157 2196 1215 2264 καί
1240 2193 1364 2283 ἰάμβου

225 2304 377 2391 ποιῆσαι,
401 2297 446 2381 ὡς
468 2295 552 2369 εἶναι
575 2297 686 2391 κοινὴν
707 2297 800 2368 λύσιν
831 2304 890 2391 τῆς
915 2326 951 2369 τε
978 2304 1196 2393 χοριαμβικῆς
1222 2301 1278 2369 καί
1305 2304 1366 2391 τῆς

226 2400 414 2495 ἰαμβικῆς(
442 2399 650 2490 ἀναπέτομαι
673 2405 741 2471 κτλ.

314 2509 395 2575 Cum
405 2532 470 2574 non
483 2516 650 2595 appareat,
666 2516 774 2573 utrum
787 2501 827 2579 cb
840 2553 860 2576 ο
872 2552 893 2576 ο
939 2532 980 2574 an
993 2552 1014 2577 ο
1023 2504 1092 2578 ὼν
1104 2547 1120 2579 r
1134 2509 1363 2596 Hephaestion

137 2640 142 2650 ·
230 2614 373 2679 dividere
387 2615 537 2695 voluerit,
554 2613 641 2678 haud
654 2615 745 2700 parvi
756 2614 911 2677 momenti
925 2614 1005 2679 illud
1018 2621 1077 2696 est,
1091 2615 1178 2700 quod
1189 2615 1366 2680 scholiasta

227 2720 258 2783 A
277 2718 319 2783 ad
341 2719 427 2783 hunc
451 2719 557 2783 locum
584 2717 665 2782 haec
689 2717 823 2782 adnotat
845 2739 877 2803 p.
897 2720 967 2798 181,
987 2721 1043 2782 20:
1068 2714 1199 2783 Γίνεται
1222 2706 1279 2784 ούν
1293 2717 1367 2807 (τῆς

228 2815 437 2906 ἀναπέτομαι
453 2819 582 2907 λέξειας)
598 2815 636 2887 τὸ
655 2816 735 2907 (πρὸ
750 2822 822 2907 τοῦ)
839 2844 939 2905 τομαι
952 2817 1134 2908 τρίβραχυς,
1147 2822 1207 2910 τῆς
1221 2822 1367 2907 μα(κράς

229 2926 405 3015 συλλαβῆς)
428 2927 486 2992 τοῦ
510 2921 632 3011 ἰάμβου
656 2923 726 3014 [τῆς
746 2951 808 3010 μαι
831 2927 890 2991 τοῦ
914 2921 1072 3010 ίαμβικού
1096 2924 1200 3013 codd]
1233 2925 1366 2993 διαλυο-

228 3026 326 3118 μένης
357 3026 405 3109 εἰς
437 3024 496 3096 δύο
529 3025 694 3116 βραχείας.
750 3028 877 3102 Quibus
913 3027 1021 3094 verbis
1055 3029 1210 3114 perlectis
1248 3031 1367 3095 nemini

230 3135 362 3200 dubium
386 3136 448 3200 erit
468 3125 606 3203 οώυι
629 3155 693 3198 non
716 3126 786 3202 cbo
799 3175 820 3200 o
835 3169 852 3199 L
877 3153 951 3198 esse
974 3130 1193 3197 dividendum.

317 3247 447 3312 Tertius
471 3249 561 3313 locus
585 3253 676 3313 extat
698 3244 785 3331 apud
808 3243 1047 3331 Euripidem

421 3367 493 3455 lph.
517 3369 594 3435 Aul.
620 3369 830 3432 1036-1047
848 3398 887 3420 =
909 3366 1175 3451 1058—10'10:²)

376 3476 428 3560 τίς
449 3474 497 3566 άρ’
523 3474 675 3564 ὑμέναιος
696 3473 753 3544 διὰ
774 3478 881 3544 λωτοῦ
902 3473 1034 3563 Λίβυος

379 3580 462 3669 μετά
485 3610 521 3652 τε
542 3580 719 3674 φιλοχόρου
741 3577 886 3669 κιθάρας

306 3731 325 3792 ¹)
344 3723 491 3793 Westphnl
506 3724 555 3777 11²
574 3722 831 3791 piternnatam
850 3720 1067 3776 choriambicum
1086 3725 1115 3775 et
1134 3720 1254 3791 primum
1273 3721 1370 3790 phere·

235 3816 359 3868 oratcum
377 3829 440 3866 cum
459 3809 598 3865 solutione
617 3812 706 3864 vocat.

304 3903 325 3965 ¹)
345 3897 492 3966 Westphal
506 3897 550 3950 11¹
563 3914 590 3966 p.
602 3896 653 3949 842
666 3896 875 3965 hypermetrum
887 3894 1115 3959 choriambicum,
1129 3894 1222 3949 Christ
1236 3894 1372 3962 (Metrik¹

236 4003 262 4054 p.
274 3984 335 4050 472)
354 3983 527 4039 choriambus
545 3981 722 4036 intermixtos
740 3998 798 4035 esse
817 3983 907 4050 putat.
938 3980 1097 4051 Euripidem
1117 3980 1146 4033 in
1165 3979 1291 4036 trimetm
1304 4000 1372 4051 quo·

236 4089 290 4141 que
308 4069 427 4124 diverbii
445 4070 549 4124 maiore
568 4086 681 4123 numero
701 4068 803 4139 pedum
821 4067 976 4123 solutorum
989 4085 1069 4121 usum
1082 4085 1140 4121 esse
1153 4084 1237 4135 quam
1253 4069 1373 4137 Aeschy-

236 4157 293 4211 lum
313 4160 341 4211 et
353 4156 518 4226 Sophoclem
536 4174 599 4211 cum
617 4155 667 4209 alii
685 4156 840 4211 docuerunt
858 4156 917 4209 tum
930 4153 1106 4225 Rumpelius‚
1124 4152 1170 4207 die
1183 4153 1373 4224 aullbsungen

237 4243 275 4299 im
294 4243 420 4299 trimeter
437 4243 486 4299 das
504 4241 650 4314 Euripides
669 4242 819 4314 (Philolog.
838 4242 891 4296 vol.
910 4240 1002 4296 XXIV
1021 4259 1047 4311 p.
1065 4240 1223 4307 ror-421).
