2970 4814
543 321 584 338 -
631 278 718 377 [nr]
763 322 804 338 -
1199 285 1237 353 υ

192 474 423 566 (longlulinari
452 480 560 566 igitur,
595 501 678 566 quae
712 483 744 546 in
778 480 894 547 lexicis
923 480 1061 567 aliisque
1095 479 1240 546 fontibus

103 583 265 670 dirempta
283 591 424 667 exstant,
447 585 641 671 fragmenta,
665 586 835 652 Meletium
851 587 1056 672 potissimum
1074 590 1241 649 auctorem

103 696 235 755 secutus
260 710 370 776 neque
393 690 492 754 anxie
517 707 634 756 curans
653 688 791 756 formam
811 691 984 756 verborum
1003 690 1240 763 floraneorum;

103 792 199 860 simul
222 799 332 858 autem
351 794 392 858 ad
407 796 557 874 maiores,
582 816 664 881 quos
684 795 746 859 hcc
763 794 860 859 modo
875 795 1060 875 effeceram,
1084 793 1240 858 articulos

103 898 241 962 lectores
267 899 416 962 revocavi
446 900 479 965 ln
506 899 642 984 singulis
666 918 750 985 quac
775 900 979 985 explicantur
1002 897 1169 962 vocabulis
1198 918 1241 960 ex

104 1001 218 1065 ordine
234 1000 439 1086 alphabetico
457 1003 664 1066 enumeratis.
692 1002 730 1066 In
750 1002 911 1068 nonnullis
927 1001 1125 1087 longioribus
1144 1021 1240 1087 para-

103 1105 238 1192 graphis
261 1106 453 1192 capitulisre
476 1107 636 1171 lectorum
658 1107 828 1172 commodo
850 1107 896 1170 ita
917 1104 1035 1179 studui,
1059 1112 1095 1170 ut
1109 1105 1242 1169 minutis

103 1210 249 1275 numeris
272 1209 400 1290 additis,
416 1210 500 1296 apud
517 1231 613 1295 quern
630 1209 776 1296 (praeter
792 1209 977 1295 Meletium)
994 1209 1241 1294 grammaticum

104 1312 254 1397 singulae
289 1313 486 1400 paragraphi
521 1314 696 1399 capitulive
731 1314 910 1400 particulae
944 1314 1108 1398 legantur,
1141 1312 1241 1396 signi-

103 1417 246 1484 ficarem.
278 1453 316 1463 -
346 1415 578 1501 Amplissimae
603 1422 712 1481 autem
738 1417 863 1501 gratiae
888 1415 1036 1500 agendae
1066 1415 1143 1480 mihi
1167 1419 1241 1477 sunt

103 1518 309 1605 Leopoldo
340 1517 462 1600 Oohn,
500 1519 556 1606 qui
591 1518 632 1584 de
668 1520 781 1587 multia
814 1520 893 1584 locis
929 1519 1005 1605 quid
1034 1517 1241 1582 iudicandum

104 1630 194 1689 esset
216 1622 446 1691 liberalissime
469 1643 521 1687 me
545 1622 663 1688 dooere
686 1624 799 1688 voluit

195 2036 211 2107 l
238 2028 412 2124 διγγεῖονε
438 2057 466 2100 v.
490 2031 638 2123 ἔμβρυον.

191 2140 213 2210 2
238 2130 384 2224 διμοιρία
409 2158 438 2202 v.
462 2131 627 2205 δάκτυλοι.

191 2243 213 2311 3
238 2234 420 2327 διγοστδςε
444 2239 462 2304 δ
486 2231 602 2324 oracio,
626 2240 643 2305 δ
666 2233 748 2327 δίγαν
768 2232 915 2328 ὀστώδης
936 2236 1104 2331 τόπος·ψῆ
1125 2238 1242 2310 διὰτὸ

104 2342 291 2432 ἐπάγεσθαι
315 2342 371 2410 καί
389 2338 611 2427 ἑπικάμπτειν
625 2339 685 2430 τὴν
703 2348 806 2430 χεῖρα,
831 2335 902 2411 οἷον
922 2338 1100 2431 άγνυσθαι·
1129 2342 1241 2432 ὥσπερ

103 2445 279 2538 γὰρπαρὰ
303 2443 341 2515 τὸ
363 2443 488 2526 πολλὸς
508 2444 632 2534 γίνεται
655 2445 855 2529 πολλοστός,
887 2444 972 2517 οὕτω
995 2446 1088 2536 παρὰ
1110 2447 1149 2516 τδ
1172 2444 1241 2536 άγω

104 2550 184 2643 ἀγὸς
210 2555 267 2624 καί
296 2547 444 2641 eynarde.
477 2552 531 2620 Et.
548 2553 592 2618 M.
613 2556 661 2635 12,
675 2556 733 2630 28;
757 2553 813 2619 Or.
834 2558 883 2635 17,
895 2559 924 2620 o.

190 2664 215 2732 4
237 2655 422 2750 άδελφόςε
447 2684 477 2730 v.
500 2657 649 2748 ἔμβρυον.

192 2763 388 2837 bulcinio:
427 2762 520 2853 παρὰ
551 2763 610 2855 τὴν
641 2762 743 2832 αἰδῶ·
784 2762 973 2851 αἰδούμεθα
1002 2763 1063 2854 γάρ
1097 2765 1153 2833 καί
1185 2791 1242 2853 γυ-

102 2872 232 2955 μνῶσαι
255 2864 341 2940 αὐτὰ
372 2869 429 2936 καὶ
453 2864 615 2954 ὀνομάσαι
638 2866 732 2955 παρὰ
754 2865 882 2955 καιρόν·
911 2865 932 2958 ἢ
959 2865 1052 2956 παρδ
1080 2866 1118 2936 τδ
1150 2862 1241 2937 ἄνοι-

104 2973 227 3045 δαίνειν
249 2975 283 3042 δυ
304 2978 343 3063 τῇ
366 2971 522 3062 συνουσίᾳ
547 2967 708 3059 ὀργῶντα·
732 2968 820 3040 ἔστιν
843 2962 899 3039 criu
922 2970 1032 3039 οίδοῖα
1054 2972 1110 3038 καί
1133 2975 1242 3062 τροπῇ

103 3080 163 3148 τοῦ
193 3085 211 3146 ὃ
236 3076 284 3159 εἷς
312 3075 514 3165 ᾶαίδοῖαῑ).
558 3079 578 3164 ἡ
606 3075 643 3143 δὲ
663 3072 836 3161 βάλανος
862 3075 918 3143 καί
942 3072 1086 3155 καυλὸς
1114 3075 1241 3163 λέγεται

103 3181 160 3252 καί
190 3184 435 3271 σηραγγιῦδες
466 3183 598 3268 νεῦρον
627 3179 683 3248 καὶ
715 3177 828 3270 ψιυλὴ
857 3179 914 3250 καί
940 3177 1094 3268 κάπρις.
1139 3178 1178 3248 τὸ
1206 3180 1243 3247 δὲ

103 3282 350 3374 περικαλύπτον
372 3280 474 3376 αὐτὴν
489 3285 592 3373 δέρμα
601 3281 748 3373 Ιπόσθη
771 3284 828 3351 καὶ
844 3279 1059 3371 πρόσθεμα
1081 3285 1241 3351 καλεῖται.

103 3387 241 3477 πάσθη
268 3390 328 3476 μὲν
354 3391 553 3477 πλεονασμῷ
579 3390 638 3457 τοῦ
666 3395 698 3471 δ,
728 3380 799 3456 οἷον
826 3384 935 3476 πάθη·
970 3387 1020 3454 δι’
1048 3377 1088 3478 ἧς
1114 3384 1156 3455 τὰ
1182 3389 1242 3454 τοῦ

103 3491 219 3562 πόθου
234 3492 404 3581 γίνεταιῖγ
428 3488 451 3583 ἢ
465 3489 558 3581 παρὰ
573 3490 611 3562 τὸ
629 3484 699 3561 οἷον
711 3492 905 3560 ἐπικεῖσθαι
921 3491 977 3560 καλ
994 3488 1240 3578 προσειθίσθαι

104 3600 221 3666 δοκεῖν.
257 3595 470 3686 πρόσθομα
489 3597 533 3678 δέ,
557 3593 650 3682 παρὰ
672 3593 710 3667 τδ
735 3590 888 3686 ἀλλήλοις
909 3595 942 3663 ἐν
963 3601 1038 3676 ταῖς
1054 3592 1242 3673 συνουσίαις

103 3701 369 3791 προστίθεσθαι·
404 3697 426 3792 ἢ
452 3698 510 3771 διὰ
538 3698 577 3769 τὸ
605 3699 663 3770 ἐπὶ
695 3697 738 3768 τὰ
771 3698 963 3787 ἔμπροσθεν
994 3699 1075 3788 μέρη
1109 3692 1191 3766 εἶναι
1203 3699 1240 3784 ³).

103 3803 274 3892 βάλανος
308 3806 359 3890 δέ,
395 3804 446 3875 δτι
478 3802 563 3875 κατὰ
596 3808 655 3896 τὴν
685 3804 860 3894 ἐμφέρειαν
890 3801 1022 3891 βαλάνῳ
1055 3802 1240 3890 προσέοικε.

103 3909 219 4003 malr}
243 3913 295 3995 δέ,
319 3909 412 4000 παρά
434 3908 475 3980 τδ
497 3911 715 4001 ε’μφυσᾶσθαι
735 3908 821 3979 κατὰ
842 3907 901 4003 τὴν
924 3905 1029 3999 δρεξιν
1050 3914 1114 3979 τῶν
1136 3903 1240 3999 άφρο-

105 4013 229 4098 δισίων,
253 4016 310 4083 καὶ
333 4012 384 4083 ὅτι
408 4017 558 4105 φυσῶδες
580 4011 673 4104 φάσει
700 4012 917 4103 παράπτωμά
941 4014 1075 4102 ἐστινὴ·
1104 4010 1241 4104 ἢπαρδι

103 4117 142 4188 τδ
165 4123 223 4207 oo]
250 4117 289 4188 τὸ
313 4117 464 4206 ἅπτομαι
488 4119 543 4186 καί
565 4115 689 4209 κνήθω,
712 4115 854 4208 κνησμὸς
875 4115 936 4205 γάρ
957 4116 1009 4198 τίς
1031 4118 1100 4185 ἔστι
1121 4116 1160 4185 τὸ
1182 4123 1242 4208 τῆς

102 4224 228 4313 ἡδονῆς.
273 4224 523 4311 σηραγμῶδες
546 4222 582 4288 δὲ
603 4225 746 4308 νεῦρον,
776 4218 827 4288 ὅτι
850 4221 934 4287 ποτὲ
954 4222 1013 4305 μὲν
1033 4217 1134 4302 αὔξει,
1157 4222 1242 4289 ποτὲ

1000 4324 1031 4378 17
