2954 4822
547 296 586 304 -
635 255 722 344 [103]
771 297 809 306 -

370 442 486 532 λοίβετε
508 440 539 512 δ’
565 443 731 528 εἰλατίνας
752 444 896 532 πλάτας,

370 549 411 618 iai
432 554 559 634 ναῦται,
584 549 625 620 isi
648 556 776 634 ναῦται,

371 656 560 742 πέμποντες
582 651 768 743 εὐλιμένους

369 760 537 850 Περσείων
559 759 659 830 οἴκων
677 758 806 831 Ἑλέναν
830 759 881 831 ἐπ’
907 759 1032 854 ἀκτάς]

198 902 358 989 Strophae
383 903 595 989 logaoedicae
619 905 701 969 haee
724 879 912 992 praeposita
937 914 1027 972 sunt:

1089 978 1100 1009 Ι

195 1373 409 1438 Dubitatione
426 1395 489 1438 non
506 1382 619 1441 carent
630 1376 732 1441 verba
744 1399 774 1441 v.
787 1380 806 1441 3
821 1372 946 1464 εἰρεσίᾳ
964 1373 1047 1464 φίλα
1061 1419 1236 1456 .......
1240 1427 1248 1457 ,

110 1478 226 1564 quibus
238 1479 272 1542 in
284 1479 487 1566 antistropha
499 1480 700 1567 respondent
712 1477 889 1560 Παλλάδος
900 1475 940 1545 δν
946 1475 1063 1565 λάβοις
1074 1540 1088 1548 .
1097 1525 1146 1549 ου
1155 1540 1177 1559 -,
1193 1525 1213 1548 ο
1222 1541 1246 1553 -.

108 1581 194 1646 Nam
218 1584 280 1648 etsi
303 1584 335 1647 iu
360 1582 597 1671 Thesmophor.
621 1608 651 1649 v.
670 1589 731 1650 957
755 1608 785 1671 p.
804 1588 844 1648 22
869 1585 1008 1650 eundem
1032 1607 1164 1650 versum
1188 1586 1246 1649 ad-

110 1687 247 1751 mixtum
273 1688 459 1773 legerimus,
482 1695 592 1754 tamen
616 1690 678 1754 hoe
702 1691 775 1754 loeo
798 1691 831 1754 iu
855 1691 973 1754 ceteris
998 1690 1146 1754 versibus
1172 1695 1248 1754 tone

109 1798 165 1855 aut
187 1792 360 1856 intervallo
385 1792 566 1878 supplendo
590 1801 690 1879 poeta
712 1815 790 1858 usus
822 1800 976 1873 nonest,
1007 1800 1043 1858 ut
1072 1815 1136 1857 non
1161 1793 1249 1857 omui

109 1918 152 1960 ex
174 1903 269 1982 parte
294 1896 380 1960 hune
403 1898 510 1961 locum
533 1898 580 1961 illi
605 1918 790 1983 exaequare
814 1898 1003 1962 debeamus.
1048 1896 1117 1962 Nee
1141 1904 1249 1960 tamen

108 1999 182 2065 ideo
207 2000 419 2087 sequentibus
442 2002 612 2088 logaoedis
635 2023 749 2068 versus
773 2004 792 2066 3
817 2008 850 2067 et
873 2006 892 2065 4
916 2001 1160 2088 adscripserim.

194 2233 361 2299 Numerus
385 2235 591 2320 stropharum
614 2257 657 2300 ex
672 2234 904 2301 Amsroeusurs
927 2237 1047 2301 fabulis
1070 2236 1246 2321 petitarum

111 2345 208 2423 atque
233 2338 296 2402 hue
319 2339 550 2424 pertinentium
573 2338 679 2403 maior
702 2344 765 2403 est:

198 2459 343 2523 Primum
371 2461 558 2546 exemplum
583 2466 634 2525 est
662 2481 753 2547 vesp.
777 2463 948 2525 526-545
965 2492 1004 2515 =
1023 2461 1210 2524 sal-647:
1225 2457 1250 2543 ¹)

320 2615 392 2680 XO.
421 2616 476 2679 νῦν
497 2611 537 2704 δὴ
561 2615 618 2681 τδν
640 2613 677 2681 ἐι
698 2609 884 2705 θήμετέρου
1200 2646 1247 2689 ιιι

421 2716 601 2805 γυμνασίου
626 2719 677 2786 δεῖ
698 2744 731 2784 τι
753 2717 856 2805 λέγειν

420 2819 541 2906 καινὸν,
565 2818 658 2903 ὅπως
680 2818 831 2912 φανήσει.

110 2931 181 2992 ΒΔ.
211 2922 368 3050 ἑγεγιάτιο
390 2951 449 3012 μοι
472 2922 625 3013 δεῦρο
589 2953 648 3017 την
669 2924 783 3014 κίστην
804 2952 855 3006 τις
877 2919 922 3006 ὡς
944 2921 1093 3012 τοίχιστα

214 3024 297 3119 ἀτὰρ
320 3036 417 3119 φανεῖ
439 3027 539 3111 ποῖός
560 3057 612 3111 τις
634 3024 687 3112 ὤν,
711 3026 751 3119 ἢν
773 3032 878 3096 ταῦτα
902 3026 1123 3118 παρακελείνγς
1202 3064 1249 3104 5³0

318 3138 392 3203 XO.
423 3130 578 3225 μὴκατὰ
600 3130 658 3202 τὸν
680 3131 810 3202 νεανίαν
859 3141 860 3144 ’

421 3238 512 3306 τονδὶ
535 3238 647 3327 λέγειν.
672 3232 751 3328 ὁρᾷς
773 3234 834 3326 γὰρ
857 3231 901 3317 ὡς

422 3343 476 3412 σοί
499 3342 602 3431 μέγας
624 3342 714 3410 ἐστίν
736 3337 823 3430 ἁγὼν

422 3446 479 3513 καί
502 3445 580 3535 περί
602 3449 668 3513 τῶν
690 3440 856 3525 ἁπάντων,

422 3549 526 3641 εἴπερ,
550 3543 570 3621 ὃ
590 3549 637 3643 μὴ
661 3546 795 3640 γένοιθ’,
819 3538 875 3618 οὗ·

420 3653 476 3736 τός
499 3651 526 3723 α’
556 3655 664 3724 ἐθέλει
687 3658 860 3745 κρατῆσαι.

111 3766 182 3828 ΒΔ.
215 3760 271 3827 καὶ
294 3757 360 3850 μὴν
382 3754 429 3828 ὅδ
456 3755 495 3827 δν
517 3760 591 3849 λέξῃ
614 3753 640 3848 γ’
667 3754 783 3839 ἁπλῶς
804 3764 946 3847 μνημεῖα
967 3754 1141 3846 γράψομαι
1161 3751 1231 3844 ’γαί

113 3872 170 3932 ml.
216 3862 251 3931 τί
274 3860 335 3951 γὰρ
358 3857 441 3952 φάθ’
467 3858 570 3948 Ιὑμεῖς,
594 3859 637 3955 ἢν
660 3858 713 3931 ὁδί
734 3888 776 3949 με
798 3871 845 3952 τῷ
867 3858 952 3951 λόγῳ
975 3858 1135 3952 κρατήσῃς

323 3970 394 4034 XO.
426 3960 533 4033 oia-mc
556 3969 748 4055 πρεσβυτῶν
771 3960 866 4049 ὄχλος
1203 3999 1250 4038 sar

420 4066 580 4160 χρήσιμος
602 4066 665 4138 ἔστ’
693 4066 764 4139 οίνδ>
790 4065 912 4161 ἀκαρῆ·

113 4179 319 4187 m—

182 4247 202 4312 ¹)
222 4242 371 4314 Westphal
392 4244 442 4298 11²
460 4261 487 4313 p.
508 4242 566 4308 733,
586 4245 645 4309 736,
663 4245 722 4299 84⁴2.
