2956 4822
585 307 674 392 [125]
1153 309 1193 373 aa

164 507 276 570 Altera
291 502 384 565 buius
400 500 590 586 paragraphi
613 508 705 584 parte
728 502 834 585 agitur
858 502 898 567 de
920 502 1044 587 legibus
1068 507 1194 590 quilius·

60 616 133 678 dam
156 610 239 696 pacti
264 630 343 694 quas
367 605 499 688 collegio
524 604 697 668 electorum
729 603 1026 690 (orrvtpaoypn'rpoer)
1049 631 1104 674 rex
1129 635 1192 676 non

60 712 289 801 permittendas
313 730 382 774 esse
402 709 533 788 censuit,
557 707 615 771 sed
637 709 705 792 ipse
730 710 900 774 coustituit.
935 710 1070 776 Praeter
1086 737 1194 781 neccs-

60 823 185 886 sitatern
226 816 288 879 hoc
316 814 388 876 loeo
419 810 494 873 mihi
527 810 654 873 uidetur
678 811 944 895 Dittenbergerus
974 815 1128 883 alitteris
1161 821 1193 882 in

60 924 167 1009 lapide
191 918 313 983 traditis
337 914 522 994 recessisse3
546 935 650 998 neque
668 913 708 977 de
725 914 849 978 delictis
865 924 1001 998 tantum,
1024 919 1192 985 sedetiam

59 1029 99 1092 de
128 1021 343 1090 contractibus
375 1015 543 1079 dicendum
576 1025 654 1080 erat.
711 1015 792 1080 Cum
822 1028 930 1082 autem
963 1019 1193 1106 Waddingtoni

59 1132 316 1216 supplementum
340 1122 427 1187 nullo
451 1121 546 1183 modo
570 1127 654 1184 stare
678 1124 788 1205 possit,
813 1124 932 1208 optime
948 1126 1071 1208 scripsit
1095 1127 1194 1191 Hick-

60 1235 141 1298 sius:
165 1232 213 1294 ἐπὶ
239 1224 432 1300 τοιούτοις·
452 1218 505 1299 οἷς.
524 1222 739 1287 -Funditus
762 1226 950 1290 restituendi
967 1237 1058 1293 erant
1082 1252 1194 1295 uersus

59 1338 197 1414 33235,
220 1351 355 1416 quorum
384 1330 604 1412 supplementa
627 1349 646 1390 a
671 1325 913 1412 Waddingtono
936 1334 1101 1416 proposita
1124 1357 1193 1400 sen-

59 1440 179 1506 tentiae
202 1458 265 1501 non
288 1433 461 1498 sufficiunt.
499 1431 608 1516 Atque
631 1433 893 1515 proficiscendum
917 1444 986 1498 erat
1010 1437 1082 1502 inde
1105 1439 1189 1523 quod

60 1566 98 1609 eo
116 1541 280 1607 enuntiato
296 1558 359 1622 quo
376 1535 581 1619 parenthesin
598 1535 679 1597 eftici
696 1537 859 1619 particulis
882 1539 930 1598 καὶ
952 1536 1009 1618 γάρ
1025 1539 1191 1624 indicatur,

63 1667 158 1713 causa
181 1642 335 1708 contineri
359 1638 498 1703 debebat
525 1639 592 1702 eius
616 1639 661 1702 rei
685 1660 766 1722 quae
790 1642 821 1702 in
846 1641 1012 1724 principali
1035 1648 1194 1711 sententia

61 1749 295 1837 pronuntiatur.
348 1743 427 1807 Cum
467 1763 544 1806 uero
580 1742 610 1805 id
645 1742 728 1827 quod
760 1743 914 1807 Hicksius
948 1747 1123 1831 suppleuit:
1160 1753 1196 1815 ου1

62 1852 184 1919 δύναται
207 1849 291 1925 τέλος
314 1845 468 1931 εἰληφέναι
493 1853 597 1925 ταῦτα,
619 1867 734 1930 graece
749 1846 809 1910 dici
834 1869 897 1911 non
920 1868 1013 1931 posse
1035 1851 1194 1937 uideatur,

62 1957 173 2041 scripsi
203 1952 238 2018 ori
269 1955 349 2015 douai
368 1949 524 2032 προκοπήν
547 1948 700 2032 εἰληφέναι
726 1953 829 2026 τοῦτο,
853 1951 980 2036 Polybi
1012 1957 1194 2039 exemplum

62 2059 220 2126 secutus¹.
265 2054 482 2120 Referendunr
516 2053 598 2116 enirn
630 2074 700 2117 esse
731 2054 859 2119 uidetur
892 2076 1067 2139 pronomen
1099 2067 1195 2124 τοῦτο

63 2165 103 2228 ad
127 2184 164 2227 ea
188 2181 270 2246 quae
300 2160 330 2223 in
360 2157 566 2243 praecedenti
598 2159 762 2220 enuntiato
793 2159 911 2241 optime
934 2162 1073 2225 restitnit
1097 2162 1196 2227 Wad-

63 2268 251 2351 dingtonus:
268 2261 307 2326 ἇν
323 2269 376 2326 retr
395 2260 485 2341 νόμιοι
498 2264 657 2343 διακριθῆι.
683 2262 785 2335 Quam
804 2284 869 2326 rein
883 2284 992 2346 parunt
1007 2269 1194 2349 processisse

63 2394 121 2436 rex
156 2370 247 2433 dicit:
281 2388 386 2448 neque
420 2366 520 2429 minus
560 2386 655 2449 quani
690 2366 804 2430 iudicia
838 2369 932 2430 etiarn
968 2373 1196 2454 compromissa

63 2474 241 2538 debitorum
273 2480 304 2539 et
333 2470 526 2535 creditorunr
558 2468 605 2552 (ni.
628 2473 792 2551 συνθῆκαι)
817 2471 966 2553 impedita
998 2496 1066 2537 esse
1100 2496 1138 2539 ea
1161 2497 1195 2539 re

62 2578 198 2664 quaein
224 2576 328 2638 uerbis
356 2573 562 2657 sequentibus
585 2573 765 2657 exponitur.
812 2574 901 2637 Haec
925 2585 1032 2639 autern
1062 2600 1111 2641 res
1131 2600 1192 2642 non

61 2684 144 2746 inest
182 2680 212 2741 in
245 2676 473 2759 Waddingloni
510 2676 731 2760 supplemento
758 2679 795 2754 ,ἐκ
826 2680 888 2740 τοῖν
924 2677 1026 2742 e'uoirro
1062 2680 1193 2763 χρόνιον.

62 2784 144 2849 Nam
164 2782 236 2846 inde
253 2781 336 2864 quod
350 2787 533 2844 contractus
549 2781 662 2864 aliquis
677 2783 842 2865 superiore
860 2789 1003 2863 tempore
1016 2783 1119 2849 faetus
1135 2798 1193 2868 est,

62 2909 223 2973 nunquam
247 2885 507 2968 compromissum
527 2886 577 2947 uel
593 2884 742 2948 iudicium
765 2894 872 2968 potest
890 2886 1066 2969 prohiberi:
1089 2898 1195 2972 potest

64 3000 180 3074 autem,
193 2992 286 3076 siper
299 2989 428 3071 aliquod
443 2996 569 3072 tenipus
585 2996 768 3052 contractus
781 2990 905 3071 legibus
921 2990 1117 3055 satisfactum
1132 3015 1194 3057 non

63 3105 121 3177 est,
136 3096 255 3160 scilieet
270 3113 387 3157 usurae
401 3092 527 3156 solutae
543 3112 605 3155 non
622 3100 704 3173 sunt,
722 3093 794 3157 lites
809 3102 916 3157 autern
933 3095 1005 3157 inde
1021 3104 1110 3160 ortae
1126 3118 1196 3179 pro·

64 3200 176 3264 ductae
189 3188 269 3261 sunt.
288 3198 379 3269 Quae
393 3197 539 3281 suppleui
551 3195 732 3278 deprompsi
746 3219 762 3258 e
777 3197 902 3281 Polyhii
917 3198 1017 3262 XXII
1028 3206 1046 3263 4
1059 3198 1194 3281 (xxiii

64 3307 83 3366 2
97 3302 162 3384 Bk)
174 3302 191 3383 ξ
206 3304 256 3364 ll:
272 3299 423 3380 coadstans
437 3297 494 3380 γάρ
507 3302 555 3362 καὶ
569 3297 604 3361 τοτ’
617 3297 689 3380 πρὸς
703 3298 826 3376 τούτους
838 3300 1075 3382 συναλλάγματα
1088 3301 1195 3384 παρέλ-

62 3481 94 3536 sie
111 3474 243 3542 λτύ[κιο]μοι
261 3475 284 3526 οἶ
303 3476 441 3541 εἰσαγωγεῖς
458 3478 496 3523 nni
516 3470 561 3530 arie
579 3472 704 3538 ἰπιιιρίοτις
723 3471 766 3531 τάς
778 3473 828 3525 τοῖν
845 3473 980 3538 διαιτητῶν
998 3472 1025 3533 οἷς
1042 3474 1073 3525 h'r
1090 3477 1133 3527 ἐπὶ
1150 3477 1198 3528 τοῦ
1279 3539 1280 3542 ¹

63 3564 220 3631 δικαστηρίου
239 3556 473 3629 ουνομολογιξοωοιν-
516 3557 550 3609 cf.
571 3557 650 3607 etium
671 3557 738 3623 legis
766 3557 948 3610 Andanienflis
968 3575 992 3610 v,
1010 3558 1043 3611 84
1063 3577 1116 3627 sq.:
1136 3557 1151 3613 ri
1170 3561 1196 3612 dr

63 3649 137 3718 ἷερεύς
155 3651 298 3716 ὶττικρινέτω
317 3652 371 3714 περὶ
391 3644 440 3695 τῶν
463 3644 616 3707 ολοαιτετιιιῶν
635 3647 688 3695 ὅοοι
707 3667 739 3695 κα
757 3642 828 3710 ἧνται
848 3647 873 3696 ἔτι
898 3646 943 3702 ree
961 3643 1077 3715 ἇμετίρος
1101 3652 1197 3712 πόλεος,

62 3743 103 3788 καὶ
112 3740 186 3794 ὅσους
204 3757 234 3785 κα
247 3742 392 3798 κατακρίνει,
411 3732 547 3796 παραδότω
566 3739 617 3790 τοῖς
635 3737 729 3797 κυρίοις.
745 3758 772 3767 ··
785 3729 964 3797 Adprobandi
983 3732 1197 3800 significatione,

63 3838 116 3889 qua
141 3819 221 3871 etiarn
241 3820 268 3870 in
296 3824 390 3869 nostro
411 3818 490 3867 titulo
519 3817 622 3882 legitur
649 3833 672 3867 r.
693 3816 740 3879 60,
767 3809 929 3868 uocabulum
954 3819 1020 3868 illud
1050 3824 1197 3884 usurpatur

64 3905 126 3959 CIG
151 3905 221 3957 216ss
249 3922 272 3955 v.
297 3901 331 3955 23
355 3898 421 3967 mh}
446 3905 589 3954 διαλυοίοοοι
614 3910 667 3961 τοὶς
696 3901 709 3954 ὁ
728 3902 838 3967 βιιοιλούς
864 3905 990 3969 ἰοίκρινττ
1008 3902 1197 3971 [ἐτετρύπητο

65 3991 189 4055 neoth),
208 3992 243 4042 cl.
263 3989 475 4062 Herodiauhb
502 4003 613 4040 excessu
641 3988 958 4053 o.Mar0io‚1‚·2(Bk):
982 3989 1044 4043 odde'
1060 4013 1082 4042 τι
1101 3992 1198 4059 ἐλέγετο

64 4082 78 4145 ι’,
97 4076 247 4145 ἐπράττετο,
266 4078 287 4127 ei
302 4067 553 4147 μοῨίιᾶκεῑνοιοῦτὸ
572 4076 735 4140 inruptione
760 4074 890 4144 adppqpa
918 4077 1036 4145 iyr'uorro.
1065 4093 1089 4127 v.
1115 4078 1198 4127 ctiam

64 4165 137 4218 Plut.
154 4163 222 4231 [ιτα-
240 4179 262 4215 ο.
282 4161 306 4214 6.
324 4166 352 4212 et
372 4146 483 4228 Dionys.
502 4148 566 4211 Hal.
586 4160 644 4211 AR.
662 4160 728 4221 tas.

161 4244 329 4308 '¹V11117‚6
348 4248 441 4318 ταχέως
459 4243 583 4315 ἓλᾶμβαοτ
601 4247 632 4300 τό
651 4249 755 4319 πρᾶγμα
774 4252 913 4315 προκοπήν.
933 4247 968 4300 ol.
979 4247 1059 4299 etiam
1080 4247 1197 4301 ciusdem

67 4326 196 4404 xenia
216 4335 355 4402 vinca
374 4335 388 4386 1
409 4334 520 4400 rann
540 4333 605 4400 rar.
624 4334 708 4394 earo.
726 4334 794 4400 rau.
813 4334 880 4400 aar.
899 4333 941 4387 111
962 4334 1010 4399 aa.
