2956 4822
675 300 764 386 [res]
1244 302 1285 368 ee

150 496 284 562 iurando
308 494 448 560 iudicum
471 493 717 560 Atheniensium
741 494 922 578 (Demosth.
940 497 990 576 24,
1020 496 1079 560 149
1103 493 1175 581 sq),
1199 495 1284 581 quod

151 607 182 665 st
203 603 307 685 ipsum
331 622 447 684 magna
471 623 488 665 e
510 606 600 683 parte
624 620 689 664 non
706 607 769 663 tam
786 598 826 663 ad
842 599 983 664 iudicum
999 620 1093 684 quam
1110 599 1149 663 ad
1166 601 1284 664 ciuium

151 704 255 769 officia
278 711 410 789 spectat.
435 739 472 748 -
500 701 668 787 Smyrnaei
692 704 797 767 iurant
819 724 884 767 non
907 703 1011 767 solum
1034 723 1072 766 ea
1088 724 1172 787 quae
1189 724 1286 768 unus·

150 812 283 894 quisque
312 809 344 872 in
375 830 410 873 se
440 808 589 892 recipiat,
618 806 673 870 sed
706 827 816 870 omnes
845 807 943 872 totius
970 807 1108 871 ciuitatis
1140 807 1285 872 nomine:

150 937 179 979 v.
205 918 245 978 74
268 935 314 998 sq.
338 916 387 976 καὶ
410 910 573 994 ποιήσομαι
596 908 710 987 αὐτούς
732 914 909 987 πολίτας-
928 915 977 975 καὶ
998 908 1285 995 inpeterent-roh

150 1016 357 1100 ἐπικληριόσας
378 1022 559 1099 catagrapha
582 1021 639 1079 etc.
686 1014 779 1088 Quae
808 1036 872 1079 non
902 1022 977 1080 sunt
1005 1017 1099 1079 unius
1129 1016 1284 1100 cuiusque

149 1124 238 1204 ciuis,
262 1121 317 1187 scd
341 1120 585 1203 magistratuum
601 1122 620 1184 ¹.

252 1226 269 1307 §
296 1228 343 1289 13.
390 1223 603 1289 constituitur
626 1222 785 1306 quomodo
810 1229 944 1306 utraque
960 1223 1071 1288 ciuitas
1087 1223 1218 1287 alterius
1233 1224 1284 1289 ius

148 1330 317 1396 iurandum
341 1328 486 1413 accipiat.
531 1326 634 1400 Quam
658 1347 724 1390 rem
741 1326 933 1411 Smyrnaeus
955 1325 1069 1410 legatis
1092 1329 1188 1392 ctiam
1211 1334 1285 1392 ante

147 1441 277 1521 pactum
300 1435 412 1498 initum
436 1431 604 1496 mandasse
626 1452 722 1516 supra
745 1432 884 1496 uidimus
909 1454 938 1516 p.
957 1435 1007 1498 92.
1045 1429 1101 1515 (cf.
1118 1439 1284 1517 praeterea

147 1540 221 1605 adn.
245 1560 276 1623 p.
300 1534 368 1620 91.)

251 1642 342 1723 §la
389 1640 434 1704 Ut
463 1646 590 1724 pactum
620 1641 719 1724 cippis
751 1641 891 1724 quinque
920 1639 1119 1705 inscribatur.
1163 1637 1284 1704 Morum

148 1744 234 1830 quod
257 1767 275 1808 a
300 1736 482 1830 Smyrnaeis
505 1743 580 1823 duo,
604 1750 667 1806 tres
691 1766 710 1806 a
734 1743 937 1826 Magnetibus
966 1745 1139 1828 eriguntur,
1171 1734 1283 1808 mirum

147 1850 250 1913 uideri
283 1850 398 1934 possit,
428 1869 499 1911 curn
530 1848 608 1911 alias
638 1849 668 1911 in
704 1848 804 1932 pactis
835 1848 967 1932 publicis
1002 1849 1127 1933 utrique
1162 1848 1284 1912 ciuitati

147 1974 251 2038 aequa
273 1973 347 2037 pars
372 1951 502 2015 attribui
524 1951 634 2029 soleat,
657 1951 702 2013 ita
724 1951 912 2035 plerumque
937 1958 972 2015 ut
1001 1952 1130 2037 imparis
1161 1952 1284 2016 numeri

148 2058 311 2141 cipporum
344 2077 425 2119 unus
456 2054 677 2118 communibus
706 2055 855 2139 impensis
885 2055 925 2117 ab
955 2056 1100 2140 utrisque
1131 2055 1283 2139 erigatur.

147 2161 212 2225 Res
236 2160 364 2224 insolita
387 2180 468 2243 quae
491 2156 542 2221 hie
575 2159 721 2230 occurrit,
753 2159 796 2221 ita
826 2157 1016 2242 explicanda
1046 2180 1116 2224 csse
1146 2157 1283 2236 uidetur,

147 2273 183 2328 ut
217 2271 320 2328 totum
351 2269 479 2347 pactum
511 2283 567 2345 pro
601 2263 809 2327 concessione
838 2261 1043 2344 Magnetibus
1073 2263 1167 2344 facta,
1195 2263 1221 2327 si
1250 2262 1282 2327 in

147 2369 242 2433 fidem
266 2368 348 2450 regis
372 2375 620 2448 reuerterentur,
651 2366 834 2431 habendum
867 2387 936 2430 esse
967 2372 1155 2431 statuamus.
1199 2364 1282 2430 Nam

147 2473 258 2556 cippos
291 2471 434 2554 erigendi
468 2493 530 2534 non
566 2479 631 2534 tam
667 2494 746 2537 onus
782 2472 901 2535 ciuitati
932 2471 1105 2555 imponitur
1137 2472 1188 2535 cui
1220 2471 1282 2535 hoo

147 2572 327 2653 mandatur,
345 2573 502 2656 quamius
521 2573 714 2653 conceditur,
738 2580 773 2636 ut
789 2574 919 2636 alteram
930 2581 1032 2657 'paeto
1049 2578 1133 2637 stare
1150 2574 1280 2658 obliget.

249 2676 266 2756 ξ
291 2678 339 2739 15.
384 2675 429 2739 Ut
451 2683 579 2759 pactum
603 2675 686 2739 inter
701 2683 772 2739 aeta
788 2677 915 2761 publica
931 2677 1180 2762 Smyrnaeorum
1199 2677 1282 2743 relo-

146 2787 243 2856 catur.
268 2781 399 2864 eiusque
423 2780 618 2865 exemplaria
640 2782 823 2844 muniantur
843 2781 977 2845 alterum
993 2802 1100 2847 eorum
1117 2782 1282 2847 hominum

146 2886 257 2969 sigillis
281 2885 396 2970 quibus
419 2884 587 2968 Magnetes
610 2884 642 2947 id
666 2883 897 2966 mandauerint‚
922 2893 953 2949 et
977 2885 1104 2971 publico
1137 2887 1163 2949 si
1195 2887 1280 2971 quod

145 2991 195 3069 sit,
212 2991 345 3054 alterum
358 2990 496 3054 ciuitatis
511 2996 541 3051 et
555 3009 749 3053 summorum
765 2987 1013 3072 Smyrnaeorum
1026 2989 1280 3073 magistratuum.

145 3093 192 3157 el.
208 3115 238 3178 p.
256 3097 291 3155 91
311 3092 383 3157 adn.
408 3092 527 3176 Eggeri
544 3072 667 3157 Studes
693 3092 882 3177 historiques
898 3115 951 3157 sur
967 3093 1013 3157 les
1029 3091 1139 3158 traites
1157 3093 1281 3177 publice

145 3198 220 3260 chen
243 3197 289 3261 les
314 3197 412 3261 Grocs
437 3204 468 3260 et
492 3197 538 3261 les
561 3197 725 3262 Romains.
771 3199 901 3262 Parisiis
927 3200 1020 3264 1866.
1045 3220 1075 3285 p.
1100 3201 1139 3265 59
1163 3218 1210 3283 sq.

248 3559 320 3625 Hoc
351 3565 477 3644 paetum
508 3560 710 3644 synrpolitiae
740 3581 855 3623 nomen
888 3582 964 3643 prae
998 3582 1032 3625 se
1064 3560 1147 3626 serre
1179 3564 1279 3626 mani·

143 3666 259 3732 festum
276 3673 335 3746 est,
358 3663 514 3748 siquidem
531 3665 630 3728 uerba
647 3663 870 3729 πολιτεύσονται
892 3663 972 3745 pratri
997 3666 1179 3746 Σμυρναίων
1194 3664 1227 3749 (ἓ
1243 3665 1277 3750 3)

143 3771 228 3835 idem
258 3769 367 3833 ualent
398 3768 483 3853 quod
517 3766 806 3848 ovltrnolrtetioovrar
837 3778 898 3847 τοῖς
929 3771 1130 3852 ξιιυρναιόις,
1164 3771 1277 3853 quibus

248 4014 336 4064 1Ηοιι
354 4012 382 4064 in
400 4013 505 4064 iuribus
525 4012 648 4065 iurandis
668 4015 836 4066 Graecorum
860 4015 998 4067 insolitum
1027 4032 1079 4066 non
1106 4017 1156 4078 est,
1181 4016 1217 4068 ct'.
1235 4017 1277 4070 ius

143 4100 287 4153 iurandum
314 4098 433 4150 iudicum
459 4104 486 4149 et
511 4106 668 4152 senatorum
696 4101 904 4153 Atheniensium
931 4100 1158 4153 Chalcidensibus
1183 4103 1275 4156 datum

144 4186 215 4253 (ela
233 4184 342 4239 lvtts
362 4208 392 4229 =
414 4186 536 4237 Dittcnb.
556 4187 621 4254 Syll.
638 4186 691 4252 10),
711 4191 786 4240 cuius
806 4187 1035 4253 Dittenbergerue
1055 4187 1152 4238 iniuria
1170 4189 1276 4241 cenauit

142 4275 254 4342 primam
268 4284 372 4338 partem
386 4273 423 4337 (r.
433 4271 529 4338 6-10)
543 4272 661 4325 iudicum
676 4289 744 4335 esse,
758 4291 829 4342 quoe
843 4278 997 4342 sequuntur
1009 4276 1180 4326 senatorum:
1194 4274 1274 4328 immo

143 4361 252 4429 utrique
271 4359 353 4411 totius
373 4359 465 4426 populi
485 4359 593 4412 nomina
612 4365 698 4413 totum
718 4363 759 4412 ius
777 4360 922 4412 iurandum
941 4361 1044 4413 iurant.

1122 4445 1172 4502 13*
