3030 4816
682 295 773 378 [era]
1027 390 1031 399 .
1254 299 1292 361 21

160 489 319 574 Diphilus,
342 489 531 575 Dioxippus3
552 487 722 573 Ἀδελφούς
744 489 886 574 Euphra,
903 489 1117 573 Hegesippus,
1138 488 1295 568 Philemo,

161 592 318 678 Diphilus,
341 593 567 678 Apollodorus,
585 590 779 658 Menander.'

263 698 308 760 At
338 697 468 782 quinam
496 697 617 760 iactum
647 704 704 777 cst,
735 698 976 780 interrogaverit
999 698 1166 782 quispiam,
1191 704 1226 760 ut
1247 717 1297 762 cc·

159 801 232 866 mici
264 800 403 864 Romani
436 802 499 864 iam
530 801 603 865 inde
634 823 653 864 a
683 801 861 886 primordiis
895 822 964 865 rem
993 803 1069 865 setis
1103 801 1296 885 singularem

159 911 324 989 tantopere
347 905 378 968 in
401 904 521 969 deliciis
544 903 721 969 haberent?
765 905 873 989 Atque
902 906 1040 990 primum
1072 906 1199 990 quidem
1228 905 1297 989 ipsa

160 1007 340 1072 fabularum
373 1030 473 1073 novae
504 1010 685 1074 comoediae
709 1010 852 1074 Graecae
881 1016 1005 1090 natura,
1038 1009 1078 1073 de
1110 1031 1173 1094 qua
1205 1009 1297 1074 modo

159 1112 256 1175 verba
287 1113 428 1191 fecimus,
459 1112 599 1176 studium
630 1113 708 1177 illud
739 1113 976 1177 contaminandi
1007 1114 1196 1177 concitatum
1229 1135 1297 1178 esse

160 1216 291 1299 opinor:
315 1217 520 1281 similitudine
543 1239 618 1281 sane
642 1239 714 1281 cum
735 1219 913 1301 argumenti
937 1225 968 1282 et
991 1238 1196 1302 personarum
1229 1225 1297 1281 tum

160 1320 354 1402 singularum
378 1342 564 1384 scaenarum
588 1322 788 1403 factumest,
812 1327 846 1384 ut
870 1322 979 1386 comici
1002 1321 1138 1384 Romani
1168 1342 1297 1385 scaenas

159 1432 286 1508 praeter
319 1432 440 1488 ceteras
474 1426 591 1489 iocosae
622 1425 750 1489 exalia
780 1424 889 1489 fabula
919 1426 1035 1509 petitas
1066 1425 1115 1488 vel
1145 1445 1297 1508 personas

159 1528 369 1612 lepidissimus
400 1530 487 1593 velut
517 1550 631 1612 coquos
661 1530 814 1613 parasitos
844 1536 1051 1593 ostentatores
1086 1529 1181 1610 alias,
1216 1550 1297 1613 quae

160 1630 374 1697 Rornanorum
398 1639 609 1717 spectatorum
634 1633 730 1695 risum
747 1633 883 1696 maxime
908 1640 1048 1696 moturae
1070 1653 1137 1696 esse
1154 1632 1296 1697 videren-

161 1741 219 1816 tur,
244 1735 372 1801 fabulae
396 1738 571 1822 exemplari
596 1736 805 1819 adiungerent
828 1735 878 1800 vel
909 1736 1092 1801 insererent.
1138 1736 1296 1809 Quemad-

162 1839 289 1902 modum
312 1841 343 1903 in
368 1839 491 1904 Andria
514 1840 624 1904 fabula
648 1839 783 1903 vidimus
805 1860 846 1903 ex
869 1839 993 1903 duabus
1015 1840 1146 1923 graecis,
1174 1839 1297 1904 Andria

160 1949 191 2006 et
206 1943 381 2026 Perinthia,
397 1950 524 2028 poetam
539 1965 593 2008 eas
608 1944 740 2026 elegisse
756 1963 894 2024 scaenas,
911 1963 992 2027 quae
1008 1942 1131 2007 felicius
1147 1943 1295 2008 inventae

160 2047 254 2111 etad
278 2068 455 2111 successum
478 2047 616 2132 aptiores
639 2047 698 2111 sibi
722 2046 915 2112 viderentur.

265 2150 326 2215 Sed
344 2153 474 2215 accessit
496 2151 592 2215 aliud.
636 2150 809 2215 inserendo
832 2151 914 2214 enim
932 2172 1061 2216 scaenas
1078 2152 1128 2216 vel
1144 2173 1296 2237 personas

160 2263 285 2337 praeter
309 2255 387 2319 alias
403 2256 523 2319 iocosae
540 2255 704 2319 dimidium
719 2261 841 2334 tantum
858 2256 961 2339 operis
981 2256 1133 2322 acomico
1150 2257 1295 2321 Romano

160 2357 338 2422 conlectum
360 2365 444 2423 erat:
469 2358 621 2423 eiusmodi
636 2360 828 2424 incremento
852 2360 956 2424 alieno
977 2368 1089 2444 poetae
1113 2361 1296 2445 saepissime

160 2462 282 2545 reliqua
305 2483 430 2547 quoque
453 2471 625 2527 retractare
648 2470 679 2526 et
705 2463 777 2547 plus
809 2463 951 2527 minusve
983 2471 1176 2527 commutare
1205 2485 1296 2547 coge·

159 2567 283 2643 bantur,
306 2574 341 2629 ut
357 2575 464 2650 partes
485 2566 626 2631 diversas
649 2568 730 2631 inter
753 2588 786 2631 se
809 2567 1021 2632 conciliarent.
1068 2567 1139 2641 Qua
1155 2588 1295 2632 commu·

160 2669 280 2731 tatione
304 2668 354 2731 vel
378 2670 473 2732 totius
496 2669 624 2734 fabulae
647 2671 698 2734 vel
728 2671 924 2754 singularum
948 2691 1054 2736 rerum
1085 2670 1205 2734 factum
1236 2680 1296 2752 est,

159 2781 195 2837 ut
217 2774 326 2838 comici
348 2772 486 2837 Romani
510 2774 616 2859 aliqua
639 2796 680 2839 ex
703 2781 793 2859 perte
815 2796 871 2839 suo
894 2774 954 2838 sibi
984 2774 1099 2838 iudicio
1134 2782 1219 2838 stare
1251 2776 1296 2838 vi·

160 2878 319 2958 derantur,
344 2878 427 2962 quod
450 2879 524 2964 ipsis
549 2880 649 2962 magis
672 2900 747 2943 sane
771 2879 986 2964 expetendum
1010 2879 1177 2943 videbatur
1207 2899 1295 2942 mera

159 2969 215 3046 illa
230 2989 262 3046 et
277 2983 408 3047 obscura
425 2981 622 3046 Graecorum
637 2983 823 3047 imitatione.
858 2982 970 3066 Itaque
986 3003 1040 3046 eos
1057 2970 1123 3046 lere
1143 2982 1294 3067 despicie-

159 3085 246 3165 bant,
270 3086 323 3169 qui
346 3082 486 3149 ‘obscura
508 3082 681 3167 diligentia'
697 3085 811 3149 Graeci
834 3086 1025 3171 exemplaris
1048 3085 1183 3169 vestigia
1199 3085 1293 3150 anxie

160 3189 363 3275 premebant:
388 3191 427 3255 cl.
451 3192 551 3255 Andr.
575 3192 655 3276 prol.
679 3213 706 3254 v.
733 3193 791 3256 20:

286 3347 427 3427 Quorum
450 3337 607 3411 a'etuulari
629 3354 755 3432 exoptat
777 3349 999 3432 neclegentiam

288 3450 400 3515 Potius
422 3453 673 3536 praemistorum
695 3452 861 3516 obscuram
883 3452 1079 3536 diligentiam

160 3615 191 3672 et
207 3608 288 3674 Eun.
305 3609 384 3693 prol.
401 3630 431 3674 v.
450 3611 478 3688 7,
503 3608 557 3672 ubi
574 3607 725 3673 Luscium
744 3608 909 3673 ludificans
924 3610 1094 3675 haecdicit
1111 3610 1295 3675 Terentius:

288 3764 350 3843 Qui
372 3765 444 3828 heae
466 3765 614 3828 uertenda
638 3770 666 3827 et
688 3764 811 3828 eosdem
834 3765 999 3829 scribendo
1021 3767 1103 3830 male

289 3867 340 3931 Ea
362 3867 494 3932 Graeaa
516 3866 604 3931 bortis
627 3866 762 3932 Latinos
782 3868 860 3947 fecit
882 3888 946 3931 aon
967 3869 1073 3933 bonas.

261 4024 360 4090 Nobis
384 4047 458 4090 vero
481 4046 519 4088 ea
548 4025 738 4089 inventionis
764 4025 833 4089 laus
862 4046 903 4088 ex
934 4025 1063 4090 aliunde
1096 4027 1215 4110 paratis
1245 4049 1294 4092 ac·

160 4130 274 4213 quisita
297 4129 463 4214 ipsumque
486 4128 720 4213 compositionis
742 4130 911 4193 artificium
934 4131 1010 4193 satis
1033 4131 1117 4195 exile
1149 4137 1182 4195 et
1204 4132 1295 4195 mise·

161 4254 231 4296 rum
267 4232 433 4297 videbitur.
487 4232 526 4297 In
558 4253 636 4316 quc,
670 4232 731 4296 nisi
761 4232 943 4296 fabularum
976 4234 1092 4317 quibus
1125 4235 1296 4299 utebantur

163 4337 409 4420 exemplaribus,
425 4344 614 4422 argumenta
625 4337 786 4402 simillima
797 4345 898 4420 erant,
914 4337 1065 4418 facillime
1080 4339 1146 4404 labi
1157 4339 1295 4426 potuisse
