2954 4822
456 284 458 288 ³
561 318 602 328 -
649 276 735 368 [129]
782 319 825 330 -
1223 287 1263 348 aa

128 522 132 525 Α
187 468 306 533 :Sicut
336 469 391 534 ille
415 467 554 533 Doricus
586 471 773 557 poeta,·ita
802 470 926 536 Lesbia
953 480 1080 558 quoquc
1110 473 1263 560 Sappho

127 572 231 636 ionico
253 593 314 637 usa
338 579 389 637 est
411 574 449 638 fr.
473 575 521 638 88

317 692 320 701 ’
375 689 418 758 Τί
439 717 481 777 με
503 689 683 773 nocolone
705 683 864 781 ὦ”ραννα
886 691 1030 777 χελίδων.

215 883 306 948 Cum>
319 884 353 948 in
372 883 557 970 Sapphonis
580 883 772 970 fragmentis
790 885 914 950 ionicos
938 884 1263 971 deprehenderimus,

128 988 244 1052 mirum
270 994 409 1052 nonest
436 987 522 1074 quod
550 1009 592 1052 ne
609 989 788 1071 'Alcaeus
813 989 945 1075 quidem
972 989 1014 1054 ab
1039 990 1099 1053 hoc
1123 989 1264 1075 rhythmi

129 1112 250 1175 genere
275 1113 349 1157 sese
372 1092 539 1157 abstinuit.
585 1091 685 1157 Cuius
701 1099 828 1178 septem
844 1092 1028 1178 fragmenta
1045 1099 1159 1157 extant
1175 1093 1263 1158 nullo

129 1194 212 1280 peda
235 1196 298 1260 nisi
320 1195 426 1260 ionico
451 1196 646 1280 composita:

626 1307 664 1372 fr.
688 1310 729 1373 48
741 1308 772 1372 Α

163 1416 310 1506 Κρονίδα
332 1416 491 1508 facil-poe
512 1419 602 1507 γένος
621 1415 723 1502 Λὶάν,
743 1415 804 1486 ,τὸν
825 1412 963 1506 ἷίριστον,
980 1412 1057 1487 πεδ’
1080 1413 1241 1503 Ἀχίλλεα.

128 1599 422 1696 Hephaestionem,
459 1632 532 1676 cum
559 1634 589 1698 p.
614 1614 654 1675 35
683 1610 745 1675 hoc
778 1610 995 1696 fragmentum
1020 1617 1264 1706 pentametrum

129 1714 376 1800 antispasticum
392 1721 607 1802 nuncuparet,
631 1735 759 1779 errasse
783 1721 1040 1779 consentaneum
1064 1722 1125 1780 eat.
1157 1707 1264 1796 Ἀχίλ-

129 1816 186 1882 λεα
208 1839 268 1903 per
290 1818 454 1918 syniaesin
476 1818 682 1902 trisyllabum
706 1818 752 1882 lit.

627 1938 665 2004 fr.
691 1941 731 2003 59
750 1937 774 2026 ι)
1047 2005 1049 2012 ,

251 2044 332 2133 ’Ἑμε
355 2046 474 2132 defles,
498 2045 556 2134 ἔμε
577 2050 692 2115 πασᾶν
714 2043 906 2164 scaphon
928 2047 1126 2131 πεδέχοισαν

258 2164 805 2206 ....................

213 3728 374 3792 Alcaeum
409 3726 513 3791 multa
543 3725 686 3789 carmina
716 3726 832 3790 ionicis
866 3747 886 3790 a
922 3728 1046 3791 minore
1080 3730 1264 3794 constantia

128 3834 299 3920 scripsisse
322 3829 551 3916 Hephaestion
572 3835 714 3895 testatur
737 3852 767 3916 p.
792 3831 843 3897 38.

153 4036 155 4040 ⁴
213 4005 328 4090 Longe
341 4004 520 4069 maximum
535 4024 706 4069 numerum
722 4003 978 4090 fragmentorum
992 4003 1108 4068 ionicis
1118 4005 1262 4069 numeris

127 4108 320 4196 scriptorum
343 4110 553 4173 Anacreon
580 4108 722 4193 reliquit.
766 4107 836 4172 Nec
858 4109 992 4189 mirum,
1019 4107 1105 4193 quod
1132 4108 1173 4173 ab
1202 4110 1262 4174 hoc

198 4265 219 4332 ¹)
238 4260 388 4332 Hephaest.
406 4279 434 4331 p.
452 4260 494 4315 38.
