2962 4800
195 264 256 379 ro
730 306 797 393 [rc]

192 507 289 572 cativi
303 506 431 588 formas,
444 527 535 590 quac,
547 505 573 569 si
589 504 768 569 condicione
784 511 905 569 careret
920 507 1133 585 enuntiatum,
1147 512 1358 576 scribendae

193 619 314 691 essent3
337 632 418 695 quae
440 617 528 674 sunt:
550 630 611 673 non
633 615 801 693 potueruut
830 643 863 650 —
884 608 1028 692 faciebat
1052 649 1093 659 -
1118 612 1295 679 scribebat
1321 651 1358 662 —-

193 736 257 780 non
281 735 311 778 es
333 720 523 777 consecutus.

296 820 402 902 Atque
424 817 567 880 homines
595 815 697 897 docti,
727 816 781 900 qui
804 816 836 879 in
859 816 1010 880 librorum
1033 823 1290 886 commentariis
1316 823 1358 887 de

193 923 346 989 eiusmodi
369 921 575 986 coniunctivis
599 927 742 1002 egerunt,
766 920 797 983 in
821 940 893 984 cam
908 921 1046 984 maxime
1061 926 1273 989 sententiam
1291 927 1358 991 dis·

193 1033 395 1114 putaverunt,
430 1024 601 1108 significari
635 1025 697 1087 illis
726 1024 795 1087 fieri
826 1023 945 1109 aliquid
975 1026 1122 1109 possein
1150 1031 1355 1112 praeterito.

193 1132 264 1207 Qua
286 1131 548 1213 interpretatione
572 1129 626 1213 qui
649 1135 788 1206 utuntur,
811 1129 934 1192 etiamsi
957 1150 1056 1213 prope
1080 1130 1206 1195 absunt
1230 1156 1252 1197 a
1270 1156 1355 1199 vera

193 1236 382 1300 coniunctivi
405 1235 437 1298 ri
459 1232 673 1317 percipienda,
697 1241 804 1297 tamen
826 1254 888 1296 non
912 1234 996 1296 omni
1012 1254 1051 1297 ex
1067 1241 1164 1317 parte
1182 1237 1353 1319 probandi

192 1347 273 1404 sunt.
318 1338 401 1403 Nam
425 1337 596 1402 eorundem
619 1359 657 1400 ea
679 1337 837 1401 sententia
859 1337 982 1401 ridetur
1014 1358 1100 1418 esse,
1130 1346 1169 1402 ut
1201 1349 1236 1404 et
1270 1365 1351 1407 con·

192 1444 330 1508 iunctivo
360 1442 449 1527 impl.
474 1463 545 1506 cum
575 1441 703 1505 notione
732 1442 908 1525 praesentis
942 1442 1042 1526 posito
1066 1448 1099 1505 et
1122 1444 1210 1507 coni.
1235 1447 1350 1532 plusq.

193 1547 363 1631 significari
386 1544 505 1630 aliquid
527 1544 596 1608 fieri
618 1565 683 1608 nou
706 1566 795 1629 posse
819 1552 976 1609 censeant.

296 1666 364 1731 Nec
387 1674 492 1729 tamen
516 1666 659 1730 sufficere
675 1666 756 1730 hanc
772 1667 1067 1750 interpretationem
1082 1665 1123 1730 ad
1139 1671 1346 1736 coniunctivi

192 1771 280 1856 impf.
297 1778 329 1834 et
344 1770 445 1855 plusq.
462 1769 603 1834 indolem
626 1771 751 1855 penitus
774 1770 1023 1853 cognoscendam
1045 1770 1129 1834 infra
1152 1772 1261 1839 fusius
1287 1799 1347 1840 ex·

192 1875 394 1959 plicabimus3
425 1896 535 1938 verum
565 1875 596 1938 id
619 1875 757 1958 primum
784 1874 956 1938 tenendum
978 1883 1035 1954 est,
1058 1875 1147 1939 nulla
1171 1880 1234 1942 nisi
1260 1888 1346 1944 tern-

193 1978 276 2063 poris
291 1979 422 2041 notione
445 1980 657 2043 coniunctivae
681 1980 762 2042 inter
777 2000 810 2043 se
827 1978 970 2060 discerni,
986 1986 1018 2042 et
1033 1999 1100 2042 ease
1115 1983 1345 2067 propinquam

192 2103 302 2145 eorum
319 2082 481 2145 notionem
505 2082 534 2145 ci
557 2083 686 2164 notioni,
710 2103 791 2166 quae
815 2084 895 2146 inest
910 2083 942 2146 iu
958 2081 1131 2146 eorundem
1147 2090 1344 2170 temporum

193 2185 381 2248 indicativis.

725 2454 795 2535 §a

296 2671 449 2754 Magnum
472 2671 568 2753 igitur
591 2672 786 2735 intercedere
809 2671 975 2736 discrimen
1005 2673 1086 2736 inter
1115 2673 1337 2741 elocutionem

192 2775 430 2840 Ciceronianam
464 2781 496 2838 et
529 2775 713 2839 Plautinum
747 2775 997 2840 demonstratum
1031 2784 1087 2840 est.
1140 2776 1336 2844 Ciceronem

192 2880 274 2944 enirn
299 2878 434 2942 vidimus
457 2879 609 2942 eiusmodi
633 2879 824 2963 imperfectis
840 2901 912 2943 raro
928 2901 1019 2942 usum
1035 2900 1103 2943 esse
1119 2887 1151 2943 et
1166 2881 1199 2944 id
1216 2883 1335 2949 latiore

192 2991 354 3067 tamquam
385 2983 612 3046 sententiarum
643 3004 767 3046 conexu
791 2991 944 3047 coactum.
990 2983 1035 3045 At
1056 2982 1210 3047 Plautum
1234 2987 1335 3052 simili

191 3107 286 3150 causa
309 3093 363 3150 aut
391 3107 563 3170 numquam
586 3094 641 3150 aut
669 3108 740 3150 raro
772 3086 944 3150 adductum
974 3108 1057 3168 esse,
1087 3093 1122 3150 ut
1153 3093 1335 3172 praeterita

191 3190 368 3274 imperfecti
402 3191 481 3253 coni.
512 3191 643 3254 notione
678 3198 835 3270 uteretur,
871 3191 962 3254 facile
993 3212 1034 3254 ex
1070 3192 1213 3256 versibus
1248 3215 1334 3278 quos

190 3315 286 3379 supra
319 3294 481 3358 attulimus
514 3295 722 3376 cognoscitur.
781 3296 885 3378 Atque
918 3316 1012 3380 quam
1046 3295 1109 3358 late
1143 3302 1255 3376 pateat
1292 3320 1333 3363 ea

191 3419 285 3482 quarn
320 3398 457 3461 diximus
490 3396 670 3462 differentia
704 3400 857 3462 sermonis
887 3399 1028 3462 Plautini
1057 3405 1088 3462 et
1118 3397 1332 3482 Ciceroniani‚

191 3503 293 3584 magis
315 3501 411 3566 etiam
433 3502 609 3586 apparebit,
632 3502 657 3565 si
675 3524 785 3566 eorum
801 3504 1036 3567 enuntiatorum
1053 3503 1333 3588 condicionalium,

192 3625 327 3688 quorum
350 3606 539 3688 inutraque
563 3614 652 3690 parte
682 3614 738 3670 aut
769 3628 870 3691 praes.
895 3609 1109 3671 coniunctivus
1132 3607 1250 3689 legitur
1273 3619 1334 3674 aut

190 3707 270 3791 perf.
290 3710 381 3791 coni,
404 3731 570 3773 numerum
594 3713 891 3794 comparaverimus.
927 3711 1004 3776 Eius
1027 3711 1112 3775 modi
1127 3711 1211 3774 onim
1230 3732 1332 3776 enun-

191 3811 340 3876 tiatorum
368 3834 386 3877 e
415 3814 531 3877 fabulis
553 3814 708 3879 Plautinis
731 3816 796 3879 lere
824 3818 883 3879 170
908 3823 1131 3880 enumerantur
1153 3814 1210 3897 (cf.
1227 3814 1333 3880 Roth·

191 3914 311 3979 heimer
333 3937 364 4000 p.
389 3919 430 3980 36
453 3916 548 4001 sqq),
572 3940 632 3981 uon
655 3919 727 4002 plus
751 3921 863 4003 viginti
886 3921 1125 3984 exorationum
1148 3918 1331 3985 Ciceronia-

190 4039 302 4082 narum
326 4019 450 4084 delectu
473 4021 654 4086 Helmiano.

293 4142 408 4206 Omnia
437 4163 512 4206 vero
541 4145 709 4227 exempla,
740 4166 822 4230 quae
857 4146 1091 4210 coniunctivum
1121 4147 1267 4230 quemvis
1297 4149 1332 4213 in

190 4253 322 4330 utroque
345 4248 508 4310 enuntiato
531 4249 703 4331 praebent,
733 4251 759 4313 si
788 4250 934 4334 colligas,
966 4249 1050 4335 apud
1072 4249 1227 4313 Plautum
1252 4253 1331 4333 244,

189 4349 273 4435 apud
297 4349 481 4413 Ciceronem
505 4352 536 4413 iu
560 4352 753 4416 orationibus
782 4374 860 4437 quas
890 4375 987 4437 supra
1010 4353 1147 4417 diximus
1170 4355 1235 4419 255
1260 4356 1332 4421 elli·
