2954 4822
537 345 580 358 -
626 303 713 396 [αι]
759 347 801 359 -
1219 315 1238 376 5

146 533 149 538 -
188 497 217 561 2.
250 497 388 562 Accedit
418 498 503 584 quod
526 498 714 586 Hesychius
742 501 805 567 hec
835 503 869 567 in
897 486 1088 588 quaestione
1121 503 1239 569 diiudi-

102 597 207 662 canda
229 621 294 665 non
318 601 418 666 nimiu
434 600 552 688 dignus
576 608 627 667 est
648 603 723 685 fide,
749 606 871 692 quippe
888 608 1020 692 quinon
1037 609 1141 673 semel
1158 609 1241 672 vites

102 701 267 768 bominum
283 705 424 785 finxerit,
448 707 503 792 qui
527 727 692 793 nunquam
709 708 840 774 luerunt
856 710 927 794 (cir.
944 710 1057 791 h'lach,
1081 710 1240 798 Hesychii

100 805 224 873 Milesii
249 808 479 896 Onometologi
503 831 586 896 quae
611 812 796 897 supersunt,
819 835 851 900 p.
874 813 974 878 XXII
997 814 1072 883 adn.
1092 816 1133 898 1).

131 920 132 923 ¹
189 932 218 993 3.
252 930 346 995 Haec
363 937 556 1016 argumente
572 933 668 997 tertio
687 954 792 1020 eoque
809 935 958 1020 graviore
976 937 1237 1001 corroborantur.

101 1031 163 1097 Est
190 1034 278 1099 enim
307 1034 402 1099 valde
430 1035 561 1116 mirum,
591 1035 676 1121 quod
706 1036 911 1123 Hesychius,
944 1061 1017 1104 cum
1052 1039 1092 1105 de
1122 1039 1238 1105 Sorani

101 1137 235 1201 maioris
252 1138 339 1202 vites
364 1137 555 1204 condicione
578 1144 645 1203 tum
669 1139 755 1205 bene
771 1141 963 1206 instructum
982 1164 1057 1208 sese
1079 1149 1237 1228 praestet,

101 1245 137 1304 ut
159 1261 222 1326 quo
247 1247 357 1327 petre,
387 1263 430 1306 cx
457 1262 522 1326 quc
548 1251 652 1308 matre
681 1251 772 1308 ortus
801 1245 858 1325 sit,
886 1244 942 1310 ubi
967 1246 1072 1311 ‘vitem
1099 1245 1237 1332 degerit,

104 1366 242 1429 quorum
265 1347 496 1433 imperatorum
519 1352 630 1411 aetate
653 1348 753 1412 fuerit
768 1349 924 1434 proferet,
947 1349 988 1415 de
1013 1352 1143 1437 scriptis
1167 1351 1238 1416 eius

103 1450 183 1514 nihil
206 1450 306 1516 addat
335 1451 413 1515 nisi:
442 1446 558 1535 βιβλία
584 1474 620 1516 τε
642 1446 803 1533 συντάξας
824 1452 967 1519 πλεῖστα
988 1452 1046 1519 καὶ
1068 1449 1237 1532 κάλλιστα,

103 1575 185 1639 ques
209 1555 309 1619 verbo
331 1555 454 1619 nullius
478 1563 554 1619 sunt
576 1558 741 1622 momenti.
785 1556 837 1623 De
859 1557 974 1622 Sorani
997 1563 1117 1638 cutem,
1142 1579 1237 1643 quern

103 1658 229 1741 laudat,
263 1659 398 1723 minoris
428 1659 509 1738 vita,
544 1660 750 1744 perentibus,
784 1666 893 1727 aetate
927 1682 1122 1748 quamquam
1157 1662 1237 1726 nihil

101 1768 303 1848 compertum
326 1761 425 1828 habet
447 1763 649 1848 Hesychius,
673 1786 774 1850 opera
797 1765 868 1830 eius
892 1766 1016 1851 aliquot
1039 1766 1085 1829 ito
1104 1767 1237 1846 excitet,

100 1874 135 1930 ut
157 1874 261 1932 totam
285 1889 348 1954 qua
370 1867 632 1955 insigniebcntur
654 1869 899 1955 inscriptionem
923 1871 1053 1936 indicet.

187 1981 312 2056 Quodsi
335 1988 464 2047 constat
487 1981 647 2047 Soranum
670 1984 826 2048 maiorem
854 1990 1029 2049 tractatum
1054 1983 1095 2048 dc
1118 1984 1234 2048 mulie-

101 2084 214 2150 bribus
237 2086 467 2150 effectionibus
491 2086 673 2172 scripsisse,
697 2094 766 2151 tots
789 2089 947 2173 quaestio,
971 2095 1077 2152 utrurn
1102 2090 1236 2153 omnino

101 2196 230 2274 praeter
253 2190 411 2255 Soranum
435 2191 526 2255 illum
550 2190 633 2256 ulter
656 2190 799 2256 Soranus
829 2191 974 2256 medicus
997 2192 1096 2256 luerit
1123 2213 1236 2272 necne,

101 2316 141 2358 ea
164 2317 206 2360 ex
230 2317 265 2360 re
287 2294 453 2382 pendebit,
477 2303 549 2359 uter
570 2295 668 2360 luerit
683 2303 797 2361 auctor
818 2297 929 2382 scripti
952 2297 1038 2360 illius
1062 2297 1147 2382 quod
1166 2300 1235 2362 lau-

101 2397 195 2462 datur
216 2395 286 2484 βίοι
309 2394 430 2485 ἰατρῶν
450 2396 506 2464 καὶ
530 2394 672 2485 αἱρέσεις
696 2407 757 2465 etc.
802 2398 886 2464 Nem
910 2400 936 2464 si
960 2400 1037 2464 mihi
1062 2402 1237 2486 contigerit

101 2510 136 2566 ut
163 2503 299 2589 probem
326 2503 387 2569 hoc
417 2524 545 2588 quoque
576 2504 733 2590 scriptum
758 2504 883 2569 Sorano
913 2504 959 2568 illi
992 2504 1105 2568 maiori
1130 2505 1234 2569 vindi·

167 2780 199 2833 In
218 2779 340 2834 Cramer-i
353 2779 456 2834 Anecd.
473 2780 519 2834 Gr.
538 2779 624 2833 Puris.
642 2779 656 2832 l
673 2778 763 2843 395,9
781 2794 796 2832 e
814 2776 908 2832 codice
928 2777 1013 2832 Paris.
1026 2779 1095 2832 2286
1113 2779 1234 2835 chartac.

101 2866 257 2930 ccccxlv,
276 2866 326 2936 qui
345 2866 472 2921 continet
489 2866 599 2920 lexicon
616 2864 756 2919 Medicum
775 2881 790 2918 e
808 2864 914 2919 Gelcno
934 2868 963 2919 et
981 2865 1099 2919 Cratera
1117 2867 1235 2930 ciebis,

102 2971 218 3022 quorum
237 2953 352 3008 nomina
370 2954 481 3023 saepius
499 2952 659 3020 laudantur,
678 2952 836 3014 conflatum,
855 2951 924 3005 haec
942 2955 1054 3006 exstant
1073 2952 1170 3007 verba:
1189 2953 1232 3006 καὶ

101 3041 179 3092 πόσοι
204 3039 295 3108 (εἰσὶν)
318 3040 344 3092 ol
368 3039 570 3110 συστησάμενοι
593 3038 644 3108 την
667 3037 795 3107 λογικήν,Ι
817 3038 905 3091 πέντε.
943 3037 1013 3096 τίνες
1035 3027 1125 3100 crisci,-
1144 3038 1233 3091 Ἱππο-

99 3127 196 3199 κράτης
213 3127 230 3178 ό
250 3128 334 3193 Κῶος,
360 3124 550 3198 Πραξαγόρας,
578 3124 733 3195 Φιλότιμος,
751 3120 954 3197 Ἐρασίστρατος
971 3123 1016 3176 καὶ
1034 3122 1233 3194 Ἀσκληπιάδης.

99 3213 142 3267 καὶ
160 3213 242 3266 πόσοι
259 3212 329 3267 εἰσὶν
352 3214 378 3266 ολ
399 3212 602 3283 συστησάμενοι
623 3214 674 3281 την
695 3210 848 3283 μεθοδικην
871 3210 1039 3282 ἐπιστήμην,·
1063 3212 1141 3283 τρεῖς.
1162 3211 1233 3272 τίνες

100 3289 185 3361 circu·
204 3299 344 3368 Μεθησων
361 3298 377 3351 ό
396 3298 561 3364 Λαοδικεύς,
582 3297 747 3368 Μονόμαχος
764 3296 781 3348 ό
799 3293 994 3369 Ἀφροδισιεός,
1013 3296 1058 3350 καὶ
1083 3298 1240 3370 Σωρανός·

99 3383 275 3457 όἘφέσιος
288 3417 326 3441 -.
345 3385 399 3455 ἐγώ
415 3386 445 3438 δὲ
461 3385 585 3455 μόνιιχος
600 3383 734 3454 νεόφυτος
751 3382 821 3436 κατά
840 3382 977 3452 στοιχεῖον
996 3384 1081 3436 ταῦτα
1100 3385 1234 3442 συνέταξα

100 3473 240 3546 σποράδην
258 3467 328 3526 circ
348 3472 435 3545 εόριόν
452 3471 498 3524 καὶ
516 3471 602 3524 πολλά
622 3470 752 3543 προσθεὶς
771 3466 826 3523 cinci
847 3472 903 3523 τῶν

165 3568 187 3622 Ε
205 3569 335 3638 catologo
352 3567 445 3622 nescio
464 3566 542 3621 cuius
560 3565 761 3635 bibliothecae,
787 3565 834 3634 qui
858 3565 1018 3620 continetur
1036 3565 1131 3620 codice
1149 3565 1234 3621 Vero·

99 3659 175 3713 ncnsi
199 3658 321 3728 Cupitul.
347 3657 448 3713 CXVII
473 3658 545 3725 (107)
568 3657 689 3711 chartac.
711 3656 745 3710 4⁰
767 3673 837 3710 saec.
861 3655 927 3709 XVI
950 3655 1157 3709 Studemundus
1186 3656 1233 3711 de·

99 3745 208 3816 scripsit
225 3747 299 3800 hunc
318 3744 383 3799 libri
401 3761 418 3798 o
436 3743 537 3798 Niceto
554 3742 676 3811 quodam
699 3742 796 3811 scripti
815 3741 943 3810 titulum,
967 3742 1045 3796 cuius
1071 3741 1233 3796 manifestos

98 3832 203 3887 librarii
227 3848 332 3886 errores
356 3831 459 3886 tacitus
481 3829 600 3886 correxi:
625 3829 773 3898 συναγωγή
798 3828 828 3882 ἐκ
849 3830 955 3881 πολλῶν
977 3830 1024 3897 τῆς
1045 3830 1235 3900 χειρουργικῆς

98 3921 192 3989 τέχνης
220 3917 336 3988 Νικήτου
364 3916 450 3983 τινός,
475 3916 505 3970 ἐκ
523 3915 667 3988 διαφόρων
693 3917 817 3968 παλαιῶν
844 3917 958 3987 ἰατρῶν,
985 3907 1037 3967 οἷοί
1056 3917 1125 3968 εἰσιν
1145 3904 1233 3968 οότοι·

96 4004 277 4076 Ἱπποκράτης,
292 4004 416 4074 Γαληνός,
427 4000 593 4076 Ὀρειβάσιος,
603 4001 772 4073 Ἡλιόδωρος,
785 3997 947 4073 Ἀρχιγένης,
961 3997 1108 4064 ’Ἄντυλλος
1125 3996 1233 4069 Ἀσκλη-

97 4092 201 4161 πιάδης,
221 4093 341 4161 Διοκλῆς,
358 4089 496 4162 Ἀμύντας,
514 4086 688 4147 Ἀπολλώνιος
701 4087 805 4146 Κιτιεύς
821 4086 875 4154 (καὶ
894 4087 1001 4146 τιανεδς
1017 4085 1098 4150 ωδ),
1117 4088 1233 4157 Νυμφό-

97 4179 194 4248 δωρος,
221 4174 355 4246 Ἀπελλῆς,
382 4177 506 4240 Ῥοῦφος,
535 4175 700 4248 Σωρανός,
730 4175 832 4233 Παῦλος
858 4173 1016 4244 Αἰγινήτης,
1048 4171 1232 4245 Παλ(λ)άδιος.

98 4271 148 4320 etc.
169 4269 222 4319 etc.
