2962 4800
701 264 747 347 [7]
1270 269 1286 330 l

159 452 326 516 ediderunt
345 454 381 518 P.
398 454 548 518 Foucart¹
576 462 607 519 ot
620 456 912 540 Dittenbergerrrs‚‘²
934 458 1105 522 Leonnorii
1123 459 1287 525 Gallorum

155 559 189 620 in
213 557 321 621 Asiam
354 559 562 623 traicientium
594 559 683 624 ducis
706 563 832 625 nomine
860 563 1008 645 suppleto
1038 584 1101 626 uno
1134 585 1175 627 ex
1197 565 1287 628 annis

159 684 186 724 a.
201 663 262 725 278
279 663 421 746 proxime
438 664 676 748 insequentibus
691 666 821 730 incisum
837 688 907 730 esse
924 665 1150 730 demonstravit
1166 667 1289 730 Dittcn-

158 766 320 848 bergerus.
372 766 442 840 Quo
480 767 510 829 in
541 768 634 831 titulo
674 768 738 832 duo
763 770 860 833 ducos
888 773 984 849 Σῖμος
1017 768 1221 833 Ἀπολλωνίου
1259 775 1290 834 et

155 867 276 944 Ἐκοτᾶς
294 872 322 931 Γ
324 869 421 934 antron
438 880 736 953 commemorantur,
759 874 811 958 qui
835 873 930 938 iidem
952 874 983 937 in
1007 874 1099 938 titulo
1116 873 1163 937 IV
1186 896 1289 938 sacer·

157 971 316 1036 dotiorum
339 983 497 1058 emptores
514 977 563 1039 vel
586 976 721 1060 praedes
735 985 817 1059 sunt,
841 984 908 1040 turn
932 975 1077 1058 ἱεροποιός
1092 975 1289 1057 Ἀπατούριος

157 1077 283 1161 utrique
314 1079 404 1141 titulo
430 1081 603 1144 communis
638 1088 695 1145 est.
742 1079 889 1165 Denique
912 1080 976 1143 dux
1005 1081 1129 1156 Πύθιος
1158 1078 1289 1143 Πυθέου

157 1180 241 1244 illius
265 1180 347 1243 tituli
370 1183 477 1247 neseio
500 1204 541 1246 an
564 1182 648 1247 idem
673 1184 713 1247 sit
736 1191 831 1269 atque
859 1184 950 1246 huius
981 1180 1129 1264 leporino}
1156 1186 1288 1259 Πύθεος.

158 1283 209 1346 Ad
234 1284 365 1349 eandem
390 1286 485 1370 igitur
508 1294 648 1351 aetatem
671 1288 781 1352 titulus
805 1286 853 1351 IV
876 1286 1037 1372 pertinet.⁸

261 1386 541 1456 Halicarnassense
558 1391 718 1456 decretum
743 1389 806 1474 (tit.
823 1389 887 1472 ΙΙΙ)
904 1397 976 1455 ante
994 1392 1129 1474 Augusti
1145 1396 1288 1455 aetatem

158 1496 307 1581 scriptum
332 1515 401 1558 esso
425 1494 603 1559 Boeckhius
627 1516 806 1579 exgenere
830 1496 1028 1559 litteraturae
1051 1493 1176 1559 conicit.

263 1595 546 1660 Chalcedoniorum
585 1597 714 1661 titulum
752 1597 797 1660 Ib
833 1596 1034 1660 Kumanudis
1072 1596 1166 1659 initiis
1198 1592 1291 1660 aerae

158 1699 355 1764 Christianae
379 1702 508 1764 incisum
528 1723 598 1766 esso
618 1701 778 1779 iudicavit,
801 1701 1010 1766 Laticheffius
1027 1701 1143 1766 rectius
1160 1701 1287 1765 exennt'

160 1806 253 1869 tertio
284 1811 338 1868 aut
359 1805 478 1868 ineunti
511 1806 602 1870 alteri
636 1814 709 1869 ants
734 1805 890 1869 Christum
923 1805 1050 1869 saeculo
1083 1805 1212 1884 tribuit3
1248 1804 1291 1867 la

158 1909 217 1972 sub
242 1907 322 1971 idem
346 1908 412 1973 fere
434 1915 560 1993 tempus
584 1918 749 1973 exaratum
766 1931 835 1973 esse
851 1917 983 1992 propter
998 1908 1173 1992 scripturae
1189 1927 1290 1990 genus

160 2013 281 2096 opinor.

259 2116 310 2181 De
331 2116 414 2180 tituli
438 2115 470 2178 ll
498 2122 603 2180 aetate
635 2137 825 2202 quemquem
860 2136 877 2179 e
909 2115 1066 2200 scriptura
1100 2114 1290 2197 exemplaris
1363 2103 1366 2108 ⁵

157 2221 241 2284 illius
264 2219 402 2306 quidem,
436 2220 518 2304 quod
549 2228 654 2285 exstat
680 2222 710 2284 in
735 2219 958 2303 Arch.·Epigr.
981 2219 1084 2283 Mitth.
1108 2240 1164 2282 aus
1188 2216 1289 2299 Oest,

158 2325 233 2387 certi
258 2323 429 2408 quidquem
453 2323 533 2387 effici
558 2345 621 2389 non
645 2331 762 2408 potest,
798 2333 901 2388 tamen
934 2324 1026 2386 tertio
1059 2323 1186 2393 demum
1214 2329 1289 2385 ante

159 2425 316 2490 Christum
337 2429 464 2491 saeculo
479 2428 698 2492 Samothracia
713 2428 863 2513 mysterio
878 2427 974 2491 latius
990 2425 1159 2512 propagari
1176 2430 1290 2508 coepta

158 2551 227 2596 esse
250 2532 402 2597 constat.⁴

689 2705 759 2785 sa

458 2826 557 2879 UNDE
576 2824 703 2877 TITULI
721 2824 876 2877 ORIUNDI
896 2823 984 2876 SINT.

261 2936 459 3014 Boeckhius‚
505 2939 558 3021 qni
596 2946 722 3022 praeter
761 2937 847 3000 illum
892 2958 986 3021 quem
1024 2957 1119 3021 supra
1163 2934 1291 2998 laudari

157 3041 302 3126 Dionysii
336 3041 441 3105 locum
468 3064 565 3105 uuum
589 3042 714 3105 titulum
731 3041 1043 3108 Halicemossensem
1067 3046 1208 3116 noverat,
1231 3039 1290 3103 nisi

158 3146 188 3208 in
212 3146 315 3230 petria
338 3145 480 3231 Dionysii
512 3167 668 3230 nusquam
692 3144 871 3210 sacerdotia
904 3144 1036 3209 veniisse
1068 3144 1199 3229 putavit.
1246 3142 1290 3205 At

159 3249 293 3313 eundem
310 3271 401 3313 usum
415 3251 508 3314 letius
524 3250 757 3335 percrebruisse
773 3249 868 3313 ceteri
885 3249 939 3332 qui
953 3256 1066 3333 postea
1082 3249 1289 3312 innotuerunt

160 3353 241 3416 tituli
265 3355 423 3418 evincunt.

259 3457 384 3521 Titulus
407 3457 459 3533 Ia,
482 3478 552 3521 oum
569 3455 833 3521 Anauon-Karai<
855 3456 885 3519 in
910 3455 1027 3540 oppido
1045 3461 1148 3518 costra
1170 3452 1289 3517 stativa
1380 3487 1383 3492 ·

156 3559 409 3635 aedificarentur,
433 3563 581 3625 inventus
607 3569 664 3625 est.
711 3559 804 3634 Quod
831 3559 981 3645 oppidum
1006 3560 1080 3644 quin
1106 3556 1197 3642 Ἰεοοῖ
1212 3553 1288 3632 Διὸς

159 3661 285 3744 Goploa,
310 3664 389 3749 quod
415 3672 539 3728 veteres
562 3672 774 3744 vocaverunt,
798 3662 1008 3746 respondeat,
1037 3684 1100 3746 quo
1123 3661 1190 3744 ipso
1216 3661 1287 3722 loco

156 3764 324 3830 duodecim
341 3765 472 3829 deorum
489 3767 610 3830 cultum
625 3766 769 3830 floruisse
785 3766 961 3849 complures
977 3785 1083 3828 rerum
1099 3761 1290 3846 scriptores⁶

259 3962 267 3991 ¹
289 3956 359 4007 Bull.
379 3955 412 4007 de
432 3968 549 4019 corresp.
571 3953 643 4004 Hsll.
662 3953 705 4004 Ill
724 3952 815 4017 (1879)
834 3970 859 4018 p.
878 3951 929 4005 388
944 3968 1003 4020 sqq.

258 4042 313 4093 ²s.
333 4025 406 4093 rso.
426 4058 452 4093 n.
473 4039 530 4094 roe.

259 4128 269 4162 ³
288 4127 322 4178 oi.
342 4143 413 4192 quoe
425 4126 653 4189 Dittenbergerns
667 4127 794 4192 exposuit
809 4126 901 4177 Herm.
921 4121 973 4176 XV
986 4142 1010 4192 p.
1029 4124 1089 4178 609.
1109 4121 1176 4175 XVI
1191 4141 1216 4189 p.
1233 4122 1288 4175 194.

256 4214 268 4248 ⁴
287 4212 321 4265 oi.
336 4210 708 4264 Cortonenses-Bonorum
722 4209 933 4277 „Samothralrs“
949 4211 1041 4273 (Wisn
1056 4208 1136 4275 1880)
1152 4209 1181 4260 11
1194 4225 1218 4276 p.
1233 4205 1290 4262 109.

260 4297 320 4349 ⁵rl.
340 4297 367 4350 C.
390 4297 497 4364 Mulier,
518 4297 617 4364 Grogr.
637 4297 682 4348 Gr.
703 4298 765 4350 min.
785 4298 813 4348 ΙΙ
832 4314 858 4366 p.
878 4295 919 4349 57.
939 4296 979 4350 75.
