2954 4822
194 285 235 346 τι
631 316 673 327 -
720 276 807 368 μοι]
854 315 895 327 -

194 479 292 559 poeto
311 472 422 538 Ionico
445 491 558 538 versus
580 469 742 534 ionicus·
763 489 882 535 nomen
903 468 1013 547 traxit,
1037 469 1184 553 quamvis
1199 473 1332 534 centum

194 578 259 640 iarn
283 577 376 640 aunis
398 583 474 640 ante
500 575 570 639 eius
593 580 722 660 tempus
749 580 868 659 poetae
892 571 1004 637 Dorici
1034 577 1068 637 et
1090 572 1219 637 Aeolici
1247 571 1332 658 pede

195 681 299 744 ionico
323 681 372 743 usi
396 679 461 743 siut
483 678 517 742 iu
538 676 738 743 carminibus
758 675 1001 763 componendis.
1049 676 1140 741 Inter
1164 696 1220 740 eos
1244 677 1331 741 enirn

194 792 324 871 poetas,
355 785 410 869 qui
431 783 537 847 ionico
567 781 716 867 rhythmo
740 782 915 868 praecipue
945 781 1208 861 delectabantur,
1238 779 1331 844 Ana-

195 910 295 954 creon
315 889 357 954 ab
375 886 593 972 Aristophane
610 885 1331 970 commemoraturThesmophor.160-164:

696 1020 821 1108 σκέψαι
844 1016 872 1089 δ’
899 1018 950 1090 ὅτι

392 1121 527 1213 Ἴβυκος
548 1124 670 1205 betros
690 1119 877 1213 κάνακρέων
899 1127 917 1193 ὁ
943 1122 1044 1216 Ῥηιος

401 1225 546 1318 ἆρχαῖος,
571 1231 668 1313 οἵπερ
691 1223 851 1316 ἁρμονίαν
874 1226 1039 1316 ἐχύμισαν,

401 1329 638 1422 ἐμιτροφόρουν
659 1357 695 1399 τε
717 1332 774 1399 καὶ
799 1333 962 1401 διεκλῶντ’
978 1333 1133 1415 Ἰωνικῶς,

400 1439 456 1506 καί
483 1435 641 1526 Φρύνιχος
661 1488 771 1508 .....

282 1578 402 1644 Tribus
431 1579 509 1643 locis
535 1578 659 1643 ionicos
685 1577 788 1663 pedes
816 1600 889 1643 cum
916 1577 1063 1643 iambicis
1091 1577 1208 1644 eodem
1235 1599 1333 1644 versu

196 1684 396 1751 consociavit
417 1684 604 1749 Anacreon:

705 1806 745 1873 fr.
769 1810 810 1871 47

338 1914 483 2006 Μεγάλην
506 1907 603 2006 dodoi
623 1916 659 2003 μ’
672 1911 777 2005 Ἔρως
799 1914 920 2006 ἔκοψεν
942 1913 1026 1985 ὥστε
1047 1914 1183 2000 χαλκεὺς

335 2019 475 2104 acuar,
497 2017 643 2110 χειμερίῃ
667 2020 700 2088 δ’
722 2017 854 2088 ἔλουσεν
876 2020 909 2088 ἐν
929 2017 1084 2111 χαράδρη.

352 2425 544 2514 Ἀπέιιειρας
567 2425 601 2493 δ’
623 2420 756 2517 ἁπαλῆς
777 2422 880 2516 κόμης
900 2420 1039 2512 ι’ίμωμον
1061 2419 1173 2507 dreng.

711 2656 750 2723 fr.
774 2659 815 2722 49

564 2763 705 2857 Θρηνίην
727 2764 841 2835 σίοντα
863 2764 987 2855 χαίτην.
1072 2812 1080 2827 ·

200 2975 253 3039 Fr.
271 2978 312 3039 49
335 2995 354 3038 a
376 2973 521 3060 Bergkio
545 2976 752 3041 coniunctum
774 2983 824 3041 est
846 2997 921 3041 curn
943 2975 1227 3060 praecedentibus.
1265 2977 1335 3043 Ita·

201 3100 263 3164 que
295 3078 479 3165 suspicatus
510 3100 583 3144 esse
610 3079 740 3145 videtur
769 3081 817 3144 vir
845 3079 1052 3144 doctissimus
1084 3081 1188 3145 latere
1215 3080 1249 3145 in
1276 3081 1336 3145 hoo

201 3181 402 3266 fragmento,
438 3181 524 3267 quod
557 3191 690 3270 propter
720 3205 834 3249 vocem
870 3178 984 3248 σίοντα
1016 3184 1135 3249 citatur
1166 3185 1199 3248 in
1227 3183 1336 3270 Etym.

201 3307 309 3371 magn.
334 3289 411 3367 714,
433 3289 483 3367 38,
508 3287 687 3353 clausulam
710 3309 826 3354 versus
853 3289 946 3367 telis,
976 3288 1089 3373 quales
1118 3294 1194 3352 sunt
1223 3288 1260 3354 fr.
1284 3293 1335 3354 47.

202 3392 258 3466 48;
290 3411 486 3475 quamquam
517 3390 760 3458 concedendum
785 3397 836 3457 est
866 3390 906 3457 de
936 3392 1001 3456 alia
1028 3413 1155 3477 quoque
1185 3413 1338 3457 mensure

202 3495 338 3580 cogitari
360 3516 466 3580 posse.

286 3614 524 3701 Hephaestion,
548 3617 603 3701 qui
623 3638 655 3702 p.
672 3619 712 3681 39
728 3617 767 3683 fr.
784 3619 824 3681 47
845 3624 1087 3699 commemorat,
1110 3622 1336 3684 tetrametrum

201 3718 523 3803 brachycatalectum
545 3720 696 3805 appellat.
743 3718 838 3794 Quod
859 3719 936 3805 quid
959 3720 1021 3786 sibi
1041 3721 1130 3800 velit,
1161 3722 1337 3787 nonfacile

202 3822 392 3908 intellegas,
416 3824 479 3887 nisi
501 3823 655 3909 inspicias
679 3825 781 3891 schol.
804 3825 835 3889 A
857 3824 898 3890 ad
921 3825 1104 3910 Hephaest.
1126 3847 1156 3911 p.
1183 3829 1258 3903 195,
1282 3827 1338 3912 qui

203 3925 254 3989 his
285 3925 394 3991 verbis
428 3931 555 3991 textum
585 3926 846 4013 Hephaestionis
878 3929 1037 4016 explicat:
1075 3929 1188 3994 Ταῦτα
1214 3927 1274 4012 μὲν
1302 3927 1339 4011 ἐξ

203 4024 378 4113 ἐπιμιξίας
410 4025 495 4096 εἰσίν
527 4026 740 4115 ἀνακλώμενα
769 4026 1069 4119 βραχοκατοίληκτα.
1116 4025 1247 4114 Ἔχουσι
1276 4028 1338 4120 γὰρ

202 4127 262 4220 τὴν
284 4127 420 4219 ἐσχάτην
441 4134 501 4199 τοῦ
524 4128 655 4199 λωνικοῦ
677 4136 833 4219 βραχεῖαν
861 4126 933 4199 ἀντὶ
956 4134 1094 4219 μακρᾶς.
1139 4128 1278 4221 Εἴρηται
1301 4134 1339 4202 δὲ

203 4233 276 4302 κατ’
298 4228 407 4325 ἀρχὴν,
431 4230 481 4302 ὅτι
505 4231 584 4304 ὅταν
605 4233 822 4326 ἐπὶμίσχηται
836 4238 877 4327 τῇ
895 4238 1060 4327 τροχαϊκῇ,
1084 4232 1217 4321 πάντας
1232 4231 1252 4331 ἡ
1269 4233 1337 4326 πρὸ
