2954 4822
670 308 709 318 -
756 266 844 359 [οι]
893 306 931 318 -

587 454 679 528 ’'AI-rc
701 457 788 546 μάλα
811 453 899 526 άλει·

524 562 581 630 καὶ
604 561 665 651 γὰρ
687 559 855 643 Πιττακὸς
875 557 957 642 tac,

522 664 665 755 μεγάλας
688 664 881 749 Μιτολάνας
904 663 1095 754 βασιλείων.

312 1066 369 1132 Ex
399 1068 531 1153 tragicis
558 1069 663 1154 poetis
691 1069 923 1157 Aeschylus
954 1072 1129 1159 praecipue
1161 1071 1276 1136 ionicis
1307 1070 1365 1136 dc·

230 1170 424 1253 lectabatur,
445 1193 508 1237 non
525 1193 603 1237 casu
623 1171 794 1256 adductus,
817 1174 874 1240 sed
897 1196 1008 1240 amore
1026 1174 1253 1254 Anacreontis,
1274 1174 1366 1239 cuius

231 1274 295 1338 alia
317 1296 444 1362 quoque
467 1284 572 1342 metra
600 1276 746 1342 imitatus
776 1285 827 1342 est
850 1278 1079 1366 Aeschylus.¹)
1123 1278 1366 1344 Anacreontem

231 1385 340 1443 autem
371 1380 473 1445 multe
502 1381 633 1468 saepius
658 1403 757 1467 quam
788 1388 917 1448 ceteros
948 1391 1064 1470 poetas
1097 1384 1217 1468 lyricos
1250 1383 1366 1449 ionicis

230 1504 326 1548 usum
350 1505 424 1549 esse
449 1505 547 1572 supra
570 1483 718 1551 vidimus.

551 1614 644 1681 Pes.
667 1618 797 1680 cc-ra
814 1645 855 1672 ε.
873 1615 1030 1702 νε-εον)

316 1722 502 1812 πεπέρακεν
523 1724 583 1809 μέν
604 1726 622 1792 δ
644 1724 865 1813 περσέπτολις
886 1720 949 1816 ἤδη

315 1826 484 1915 βασίλειος
506 1825 645 1916 στρατὸς
666 1826 715 1910 εἰς
737 1824 916 1919 ἀντίπορον
938 1828 1067 1918 γείτονα
1088 1827 1204 1919 χώραν,

315 1932 496 2021 λινοδέσμῳ
518 1930 633 2023 σχεδίᾳ
658 1935 816 2022 πορθμὸν
838 1929 989 2023 ἀμείψας

311 2030 561 2122 Ἀθαμαντίδος
575 2033 701 2120 Ἕλλας,
1332 2072 1362 2111 rc

318 2135 533 2232 πολύγομφον
555 2138 679 2228 ὅδισμα
702 2138 797 2229 ζυγὸν
819 2135 1019 2230 ἀμφιβαλών
1041 2135 1151 2226 αὐχένι
1173 2138 1307 2211 πόντου.

317 2643 433 2730 Aeque
459 2650 557 2730 atque
590 2647 625 2711 in
652 2646 714 2711 hac
742 2643 877 2731 stropha
912 2642 1007 2708 ionici
1038 2644 1157 2729 integri
1190 2646 1242 2710 vel
1275 2649 1364 2710 cata·

231 2746 341 2815 lectici
363 2749 529 2835 leguntur:

512 2870 603 2936 Pers,
629 2873 797 2936 102-107
814 2899 854 2926 =
875 2867 1080 2955 108-113⁸)

230 2976 355 3049 θεόθεν
385 2976 447 3069 γὰρ
476 2978 561 3049 κατὰ
595 2976 696 3070 Μοῖρ’
729 2977 902 3070 ἐκράτησα
933 2977 971 3049 τὸ
1000 2975 1161 3062 παλαιὸν,
1195 2978 1366 3070 ἐπέσκηψε

992 3083 1029 3152 δὲ
1051 3083 1197 3172 Πέρσαις
1240 3116 1363 3157 rcr—rcr

230 3191 397 3278 πολέμους
418 3189 677 3279 πυργοδαΐκτους
1316 3222 1361 3264 m

230 3294 357 3364 διέπειν
373 3290 605 3380 ἱππιοχάρμας
619 3317 655 3360 τε
673 3288 807 3373 κλόνους
821 3288 950 3360 πόλεσίν
962 3286 988 3358 τ’
1008 3285 1212 3374 ἀναστάσεις.
1246 3325 1303 3367 ιιι.
1317 3325 1360 3366 rcr

229 3651 337 3717 Versu
351 3650 455 3737 primo
478 3651 711 3737 hypermetrcn
733 3648 882 3716 efficitur.
915 3648 1041 3714 Versus
1061 3650 1079 3713 3
1103 3648 1158 3734 qui
1182 3649 1361 3714 clausulam

303 3824 323 3891 ¹)
341 3822 375 3877 cs.
395 3839 418 3878 e.
437 3839 464 3892 g.
482 3819 662 3876 scholiastam
681 3820 717 3875 ad
735 3818 833 3875 Aeseh.
846 3820 937 3877 Prom.
956 3821 1014 3889 128,
1033 3835 1116 3890 quem
1135 3820 1227 3875 locum
1244 3818 1363 3890 excripsi

229 3910 497 4068 mmrfuwggtphal
520 3996 570 4050 ΙΙΙ
592 4013 619 4065 p.
638 3995 698 4050 208.
733 3994 839 4059 Christ,
864 3995 987 4051 Metrilr¹
1010 4014 1037 4066 p.
1055 3995 1115 4050 235.
1151 3994 1288 4060 Consua,
1312 3995 1362 4065 lyr.

229 4082 590 4239 νΜῗ)λ)()1ι6ιίιλλ,Μολυίᾘ
609 4187 637 4247 p.
656 4167 707 4223 445
748 4167 928 4225 Continuitat
944 4185 971 4241 p.
992 4169 1030 4224 15.
1067 4164 1198 4231 comus,
1216 4164 1267 4236 lyr.
1277 4164 1363 4222 VW

230 4274 257 4341 p.
275 4257 318 4312 ec.
336 4257 378 4322 cc.
