2962 4800
207 303 248 365 ao
731 300 801 383 [aa]

206 497 313 565 λεῖται,
337 492 362 551 εἰ
386 488 482 568 11μή
508 486 605 566 iocur,
630 485 779 550 πωλεῖταί
802 509 974 570 congruere
1006 509 1100 572 nego,
1134 512 1212 554 curu
1249 496 1284 556 in
1321 495 1370 557 his

204 594 308 656 verbis
333 613 371 656 ea
394 592 482 655 notio
505 592 610 653 inesse
633 610 695 652 non
728 592 839 674 possit,
872 599 908 652 ut
938 588 1170 672 ἑπιπιπράσκειν
1202 595 1251 656 ad
1285 597 1367 658 iilud

205 695 453 758 coacervatiouis
476 695 525 757 ius
549 694 716 777 pertineat.
761 694 905 776 Denique
930 694 982 757 rel
1012 695 1084 757 ideo
1117 715 1158 758 ea
1188 698 1367 762 reicienda

204 805 260 876 est,
274 799 346 880 quia
363 798 478 860 multos
494 797 565 860 illos
582 795 776 880 Erythraeos
794 798 891 860 semel
905 798 936 859 in
953 798 1045 861 titulo
1062 812 1363 882 commemoratos,

203 900 318 984 quibus
343 899 521 964 sacerdotia
544 896 776 978 insapddpom»,
800 899 861 960 iam
883 907 957 962 ante
977 897 1137 979 ἐπίπρασιν
1160 904 1363 968 sacerdotes

202 1002 301 1066 fuisse
333 1002 503 1066 verisimile
527 1023 589 1062 nou
614 1010 672 1064 cst.

306 1106 419 1169 Restat
453 1105 547 1187 igitur
581 1105 674 1166 tertia
708 1105 926 1186 interpretatio
962 1125 1063 1188 caque
1097 1106 1358 1189 simplicissima,

203 1229 297 1292 quarn
321 1209 409 1270 nulio
433 1215 620 1290 argumento
638 1207 737 1270 refelli
753 1227 848 1291 posse
864 1228 1049 1290 persuasum
1068 1207 1201 1272 habeat
1254 1211 1357 1276 Unde

203 1332 274 1373 curu
306 1311 552 1394 proficiscamur,
590 1306 818 1387 ἐπηιραθεισιόν
852 1309 1011 1390 immania
1039 1331 1210 1373 numerum
1244 1313 1355 1376 multo

202 1413 355 1475 maiorem
379 1433 448 1474 osse
474 1432 570 1494 quam
586 1415 765 1492 apodasmo
787 1418 1031 1474 consentaneum
1050 1421 1107 1474 est.
1154 1411 1230 1476 Hoc
1247 1437 1354 1478 unum

202 1515 419 1578 examinemus
451 1520 593 1599 oportet,
624 1536 700 1576 num
731 1537 759 1576 v.
793 1517 852 1577 107
883 1516 930 1577 vis
960 1523 1057 1598 atque
1087 1516 1175 1577 notio
1210 1517 1255 1579 ab
1287 1518 1353 1581 hac

202 1618 465 1701 interpretatione
500 1618 637 1681 recedat.
689 1617 866 1680 Praescribi
897 1618 993 1700 igitur
1022 1618 1163 1699 ridetur,
1199 1620 1227 1681 si
1264 1624 1353 1704 quis,

203 1719 276 1782 dum
300 1720 450 1783 sacerdos
474 1727 530 1800 est,
554 1720 688 1784 alterum
719 1719 932 1782 sacerdotium
962 1721 1110 1782 auctione
1140 1723 1352 1803 quaesiturus

203 1824 253 1905 sit,
276 1830 311 1885 ut
334 1823 404 1907 plus
428 1823 560 1887 liceatur
590 1823 667 1904 aliis,
703 1824 756 1906 qui
786 1822 927 1885 nondum
950 1822 1162 1885 sacerdotium
1193 1828 1350 1891 eruerint.

204 1925 323 1988 Nostra
356 1924 483 2008 quidem
506 1933 612 1989 aetate
642 1926 708 1988 fieri
740 1930 859 2007 potest,
891 1932 926 1987 ut
954 1924 1117 2006 opificibus
1148 1927 1351 2009 opificumre

205 2027 466 2107 conductoribus,
500 2030 553 2111 qui
586 2029 647 2091 iam
680 2050 774 2091 unum
809 2049 888 2112 opus
919 2028 1079 2112 publicum
1109 2029 1349 2111 perficiendum

204 2130 412 2214 susceperint,
443 2152 511 2194 cum
536 2152 621 2193 nova
652 2152 748 2214 opera
777 2131 912 2194 locanda
944 2132 1022 2210 sint,
1050 2134 1079 2193 ei
1108 2131 1348 2216 praeferantur,

205 2235 317 2316 quibus
333 2233 472 2296 nondum
490 2235 592 2298 simile
609 2234 796 2298 beneficium
814 2234 974 2319 publicum
992 2234 1168 2316 contigerit.
1197 2234 1348 2300 Dubium

206 2343 312 2399 tamen
336 2346 391 2413 est,
415 2358 489 2399 num
513 2359 552 2399 ox
577 2336 669 2400 simili
693 2337 814 2401 ratione
838 2336 980 2400 condicio
1004 2336 1057 2399 illa
1086 2337 1262 2419 repetenda
1291 2341 1348 2422 sit,

204 2460 285 2522 quae
307 2440 338 2503 in
361 2442 453 2503 titulo
470 2439 720 2523 Erythraeorum
736 2439 889 2523 publico2
916 2440 1040 2503 disertis
1063 2440 1169 2502 vorbis
1186 2461 1349 2523 expressa

204 2550 267 2621 est3
292 2565 367 2606 sane
391 2543 641 2606 sacerdotiorum
668 2548 698 2605 et
721 2541 879 2604 redituum
900 2563 938 2604 en
957 2542 1179 2605 sacrificiorum
1196 2543 1346 2628 reliquiis

203 2647 457 2729 provenientium
495 2647 736 2709 coacervatione
776 2666 814 2708 ne
853 2647 949 2709 ceteri
987 2646 1072 2708 cives
1111 2645 1347 2713 detrimentum

203 2754 362 2830 caperent,
390 2747 563 2811 verendum
591 2754 667 2812 erat.
723 2747 816 2820 Quod
849 2748 875 2810 si
907 2752 993 2809 recto
1024 2768 1043 2808 a
1076 2768 1124 2810 me
1157 2751 1349 2831 expositum

206 2857 264 2930 ost,
288 2851 354 2912 fieri
379 2872 440 2936 non
466 2856 582 2932 potest,
606 2851 681 2933 quin
706 2872 735 2911 v.
761 2852 801 2912 63
824 2848 1118 2930 carnotanam
1139 2850 1281 2932 legatur.

306 2953 367 3015 Sed
392 2953 576 3035 priusquam
599 2951 747 3034 teporatur
770 2953 940 3030 πραθείσας
963 2957 995 3012 ut
1019 2947 1242 3031 o’rrtrrpadrr‘oag
1267 2977 1349 3021 enu-

203 3074 338 3134 merem,
369 3055 513 3137 quotions
548 3055 643 3117 verba
670 3055 724 3116 illa
757 3054 805 3115 vel
838 3053 951 3114 similia
979 3053 1010 3114 in
1041 3051 1218 3135 Erythraeo
1249 3060 1348 3125 titulo

206 3159 414 3236 inveniantur,
440 3159 500 3220 boc
524 3158 747 3222 demonstrabo
771 3161 963 3239 conspeetu:

308 3259 341 3341 l)
371 3260 530 3341 πιπράσκων
554 3285 583 3325 v.
607 3265 657 3324 50.
682 3264 732 3324 94.
760 3262 830 3321 109.
858 3262 928 3322 126.
954 3261 1025 3322 166.

375 3363 481 3426 nrrrtr'ro
504 3387 534 3429 v.
563 3367 632 3427 107.

373 3465 516 3547 ἀγοράζει)
540 3486 569 3530 v.
594 3469 644 3530 97.
673 3470 743 3530 157.

309 3625 315 3654 ¹
338 3623 368 3670 in
395 3619 509 3671 arrodem
534 3620 696 3671 sententiam
723 3620 825 3670 Anthea
851 3621 868 3669 1.
893 3635 916 3669 e.
937 3637 961 3682 p.
981 3617 1014 3669 28
1041 3617 1152 3680 incidit;
1179 3636 1253 3685 quae
1282 3642 1350 3677 num

204 3711 280 3754 reeta
299 3705 341 3766 sit,
363 3705 480 3767 dubitat,
506 3723 564 3756 euro
586 3706 718 3771 Rayetum
744 3712 852 3755 secutus
880 3706 994 3769 pretium
1022 3721 1055 3755 ox
1080 3705 1202 3770 epiprnsi
1228 3705 1349 3763 ductum

206 3802 289 3852 usqua
309 3790 395 3841 minus
415 3807 473 3840 osse
493 3807 573 3856 quam
594 3807 626 3840 ex
647 3791 720 3856 prasi
740 3790 897 3841 arbitretur.
933 3789 1011 3849 Quod
1032 3796 1120 3840 autem
1141 3805 1196 3839 una
1216 3791 1266 3842 illa
1284 3795 1351 3855 Aa,

199 3875 391 3942 'Auorporrar‘ov
417 3883 455 3926 uui
481 3874 589 3940 Ἀθηνᾶ.-
614 3875 807 3942 Ἀποτροπηιάς
834 3877 938 3941 irpprcr'u
965 3877 1198 3944 ἔπιπριιθεῖσιι
1228 3880 1350 3934 minoris

204 3961 288 4010 valuit
307 3978 385 4027 quam
407 3969 592 4026 πραθεῖσα,
612 3963 637 4010 in
659 3961 809 4027 posteriore
824 3959 981 4011 venditione
997 3962 1032 4020 (r.
1048 3957 1107 4016 115)
1120 3961 1208 4009 maius
1224 3965 1350 4026 pretium

204 4061 283 4111 quam
304 4047 329 4096 iu
351 4047 441 4111 priore
460 4045 497 4108 (r.
511 4047 557 4109 68)
577 4047 684 4110 publice
705 4047 881 4096 coustitutum
897 4062 955 4095 osse
970 4047 1085 4096 ridetur.
1118 4042 1174 4093 Nec
1189 4046 1351 4113 quidquam

204 4131 343 4195 habemns,
370 4148 417 4181 eur
442 4146 548 4196 sempor
577 4147 659 4182 unum
690 4133 814 4196 idemque
843 4131 958 4196 pretinm
986 4148 1036 4196 pro
1065 4132 1156 4180 rodem
1182 4135 1350 4190 sacerdotio

204 4218 313 4280 publice
333 4216 511 4266 constitutum
531 4232 590 4265 csso
610 4222 740 4281 putemus,

305 4303 367 4351 ²ri.
389 4318 413 4366 p.
433 4301 474 4352 31.
