<?xml version="1.0" encoding="UTF-8"?>
<!DOCTYPE html PUBLIC "-//W3C//DTD XHTML 1.0 Transitional//EN"
    "http://www.w3.org/TR/xhtml1/DTD/xhtml1-transitional.dtd">
<html xmlns="http://www.w3.org/1999/xhtml" xml:lang="en" lang="en">
 <head>
  <title>
</title>
<meta http-equiv="Content-Type" content="text/html;charset=utf-8" />
  <meta name='ocr-system' content='tesseract 3.04.00' />
  <meta name='ocr-capabilities' content='ocr_page ocr_carea ocr_par ocr_line ocrx_word'/>
</head>
<body>
  <div class='ocr_page' id='page_1' title='image "./dissertationesp00stragoog/dissertationesp00stragoog_0438.png"; bbox 0 0 2956 4822; ppageno 0'>
   <div class='ocr_carea' id='block_1_1' title="bbox 544 251 1217 387">
    <p class='ocr_par' dir='ltr' id='par_1_1' title="bbox 544 251 1217 387">
     <span class='ocr_line' id='line_1_1' title="bbox 544 251 1217 387; baseline 0 -19"><span class='ocrx_word' id='word_1_1' title='bbox 544 251 547 258; x_wconf 34' lang='lat'><strong>⁴</strong></span> <span class='ocrx_word' id='word_1_2' title='bbox 608 302 699 387; x_wconf 84' lang='lat'>[123]</span> <span class='ocrx_word' id='word_1_3' title='bbox 1177 306 1217 368; x_wconf 76' lang='lat'><strong>27</strong></span> 
     </span>
    </p>
   </div>
   <div class='ocr_carea' id='block_1_2' title="bbox 84 494 1222 4214">
    <p class='ocr_par' dir='ltr' id='par_1_2' title="bbox 84 494 1220 976">
     <span class='ocr_line' id='line_1_2' title="bbox 86 494 1218 581; baseline 0.002 -26"><span class='ocrx_word' id='word_1_4' title='bbox 86 495 192 577; x_wconf 81' lang='lat' dir='ltr'><strong>aptius</strong></span> <span class='ocrx_word' id='word_1_5' title='bbox 216 494 284 577; x_wconf 90' lang='lat' dir='ltr'><strong>ipse</strong></span> <span class='ocrx_word' id='word_1_6' title='bbox 309 494 436 577; x_wconf 80' lang='lat' dir='ltr'><strong>scripsit</strong></span> <span class='ocrx_word' id='word_1_7' title='bbox 459 500 619 575; x_wconf 75' lang='grc' dir='ltr'><em>προτεθῆι.</em></span> <span class='ocrx_word' id='word_1_8' title='bbox 658 494 747 559; x_wconf 73' lang='lat' dir='ltr'><strong>(leue</strong></span> <span class='ocrx_word' id='word_1_9' title='bbox 769 496 852 559; x_wconf 91' lang='lat' dir='ltr'><strong>enirn</strong></span> <span class='ocrx_word' id='word_1_10' title='bbox 877 494 938 559; x_wconf 91' lang='lat' dir='ltr'><strong>hoc</strong></span> <span class='ocrx_word' id='word_1_11' title='bbox 962 496 1064 581; x_wconf 84' lang='lat' dir='ltr'><strong>ipsum</strong></span> <span class='ocrx_word' id='word_1_12' title='bbox 1080 495 1164 580; x_wconf 91' lang='lat' dir='ltr'><strong>quod</strong></span> <span class='ocrx_word' id='word_1_13' title='bbox 1188 494 1218 557; x_wconf 90' lang='lat' dir='ltr'><strong>in</strong></span> 
     </span>
     <span class='ocr_line' id='line_1_3' title="bbox 86 598 1220 684; baseline 0.001 -24"><span class='ocrx_word' id='word_1_14' title='bbox 86 600 230 661; x_wconf 79' lang='lat' dir='ltr'><strong>nurnibus</strong></span> <span class='ocrx_word' id='word_1_15' title='bbox 244 608 301 676; x_wconf 83' lang='lat' dir='ltr'><strong>est,</strong></span> <span class='ocrx_word' id='word_1_16' title='bbox 318 598 455 663; x_wconf 88' lang='lat' dir='ltr'><strong>edictum</strong></span> <span class='ocrx_word' id='word_1_17' title='bbox 473 600 726 683; x_wconf 86' lang='lat' dir='ltr'><strong>intellegendum</strong></span> <span class='ocrx_word' id='word_1_18' title='bbox 744 623 812 664; x_wconf 87' lang='lat' dir='ltr'><strong>esse</strong></span> <span class='ocrx_word' id='word_1_19' title='bbox 825 621 969 675; x_wconf 74' lang='lat' dir='ltr'><strong>censeas,</strong></span> <span class='ocrx_word' id='word_1_20' title='bbox 993 598 1076 684; x_wconf 90' lang='lat' dir='ltr'><strong>quod</strong></span> <span class='ocrx_word' id='word_1_21' title='bbox 1094 619 1220 683; x_wconf 80' lang='lat' dir='ltr'><strong>semper</strong></span> 
     </span>
     <span class='ocr_line' id='line_1_4' title="bbox 84 701 1219 787; baseline 0.002 -24"><span class='ocrx_word' id='word_1_22' title='bbox 84 701 238 781; x_wconf 72' lang='grc' dir='ltr'><strong><em>ἀπόκρισις</em></strong></span> <span class='ocrx_word' id='word_1_23' title='bbox 269 704 450 787; x_wconf 81' lang='lat' dir='ltr'><strong>appellatur</strong></span> <span class='ocrx_word' id='word_1_24' title='bbox 474 708 518 783; x_wconf 73' lang='lat' dir='ltr'><strong>(v.</strong></span> <span class='ocrx_word' id='word_1_25' title='bbox 542 707 593 783; x_wconf 80' lang='lat'><strong>62,</strong></span> <span class='ocrx_word' id='word_1_26' title='bbox 619 708 690 771; x_wconf 80' lang='lat' dir='ltr'><strong>loo.</strong></span> <span class='ocrx_word' id='word_1_27' title='bbox 717 707 792 780; x_wconf 73' lang='lat'><strong>1223</strong></span> <span class='ocrx_word' id='word_1_28' title='bbox 816 743 856 753; x_wconf 96' lang='lat'><strong>--</strong></span> <span class='ocrx_word' id='word_1_29' title='bbox 883 705 968 781; x_wconf 82' lang='lat'>125).</span> <span class='ocrx_word' id='word_1_30' title='bbox 1013 703 1058 767; x_wconf 90' lang='lat' dir='ltr'><strong>Ut</strong></span> <span class='ocrx_word' id='word_1_31' title='bbox 1080 703 1219 778; x_wconf 81' lang='lat' dir='ltr'><strong>uidetur,</strong></span> 
     </span>
     <span class='ocr_line' id='line_1_5' title="bbox 85 806 1219 891; baseline -0.001 -22"><span class='ocrx_word' id='word_1_32' title='bbox 85 828 196 870; x_wconf 89' lang='lat' dir='ltr'><strong>omnes</strong></span> <span class='ocrx_word' id='word_1_33' title='bbox 221 806 280 871; x_wconf 82' lang='lat' dir='ltr'><strong>hoe</strong></span> <span class='ocrx_word' id='word_1_34' title='bbox 312 828 427 871; x_wconf 79' lang='lat' dir='ltr'><strong>causae</strong></span> <span class='ocrx_word' id='word_1_35' title='bbox 457 808 672 872; x_wconf 80' lang='lat' dir='ltr'><strong>absoluendae</strong></span> <span class='ocrx_word' id='word_1_36' title='bbox 697 818 771 872; x_wconf 88' lang='lat' dir='ltr'><strong>sunt</strong></span> <span class='ocrx_word' id='word_1_37' title='bbox 794 808 917 872; x_wconf 89' lang='lat' dir='ltr'><strong>dnobus</strong></span> <span class='ocrx_word' id='word_1_38' title='bbox 941 808 1029 871; x_wconf 87' lang='lat' dir='ltr'><strong>onnis</strong></span> <span class='ocrx_word' id='word_1_39' title='bbox 1052 816 1219 891; x_wconf 84' lang='lat' dir='ltr'><strong>postquam</strong></span> 
     </span>
     <span class='ocr_line' id='line_1_6' title="bbox 85 911 595 976; baseline 0.002 -2"><span class='ocrx_word' id='word_1_40' title='bbox 85 932 168 974; x_wconf 82' lang='lat' dir='ltr'><strong>noua</strong></span> <span class='ocrx_word' id='word_1_41' title='bbox 193 911 304 975; x_wconf 82' lang='lat' dir='ltr'><strong>ciuitas</strong></span> <span class='ocrx_word' id='word_1_42' title='bbox 328 913 387 975; x_wconf 87' lang='lat' dir='ltr'><strong>erit</strong></span> <span class='ocrx_word' id='word_1_43' title='bbox 411 913 595 976; x_wconf 83' lang='lat' dir='ltr'><strong>constitute.</strong></span> 
     </span>
    </p>

    <p class='ocr_par' dir='ltr' id='par_1_3' title="bbox 85 1015 1222 3802">
     <span class='ocr_line' id='line_1_7' title="bbox 188 1015 1221 1099; baseline -0.002 -20"><span class='ocrx_word' id='word_1_44' title='bbox 188 1015 256 1080; x_wconf 81' lang='lat' dir='ltr'><strong>Eae</strong></span> <span class='ocrx_word' id='word_1_45' title='bbox 285 1023 393 1079; x_wconf 84' lang='lat' dir='ltr'><strong>eutem</strong></span> <span class='ocrx_word' id='word_1_46' title='bbox 425 1038 506 1099; x_wconf 81' lang='lat' dir='ltr'><strong>quae</strong></span> <span class='ocrx_word' id='word_1_47' title='bbox 538 1027 677 1099; x_wconf 76' lang='lat' dir='ltr'><strong>aguntur</strong></span> <span class='ocrx_word' id='word_1_48' title='bbox 708 1038 727 1078; x_wconf 84' lang='lat' dir='ltr'>a</span> <span class='ocrx_word' id='word_1_49' title='bbox 759 1018 828 1081; x_wconf 90' lang='lat' dir='ltr'><strong>cine</strong></span> <span class='ocrx_word' id='word_1_50' title='bbox 861 1016 938 1080; x_wconf 89' lang='lat' dir='ltr'><strong>Teio</strong></span> <span class='ocrx_word' id='word_1_51' title='bbox 972 1017 1001 1078; x_wconf 91' lang='lat' dir='ltr'><strong>in</strong></span> <span class='ocrx_word' id='word_1_52' title='bbox 1032 1015 1221 1096; x_wconf 84' lang='lat' dir='ltr'><strong>Lebcdium,</strong></span> 
     </span>
     <span class='ocr_line' id='line_1_8' title="bbox 86 1118 1222 1207; baseline -0.001 -25"><span class='ocrx_word' id='word_1_53' title='bbox 86 1119 138 1183; x_wconf 90' lang='lat' dir='ltr'><strong>uel</strong></span> <span class='ocrx_word' id='word_1_54' title='bbox 161 1140 181 1182; x_wconf 86' lang='lat' dir='ltr'><strong>a</strong></span> <span class='ocrx_word' id='word_1_55' title='bbox 203 1119 346 1183; x_wconf 86' lang='lat' dir='ltr'><strong>Lebodio</strong></span> <span class='ocrx_word' id='word_1_56' title='bbox 379 1121 409 1183; x_wconf 92' lang='lat' dir='ltr'><strong>in</strong></span> <span class='ocrx_word' id='word_1_57' title='bbox 442 1120 573 1197; x_wconf 87' lang='lat' dir='ltr'>Teium,</span> <span class='ocrx_word' id='word_1_58' title='bbox 606 1142 709 1207; x_wconf 84' lang='lat' dir='ltr'><strong>neque</strong></span> <span class='ocrx_word' id='word_1_59' title='bbox 734 1143 751 1184; x_wconf 91' lang='lat' dir='ltr'><strong>e</strong></span> <span class='ocrx_word' id='word_1_60' title='bbox 775 1121 924 1186; x_wconf 81' lang='lat' dir='ltr'>Teiorum</span> <span class='ocrx_word' id='word_1_61' title='bbox 949 1141 1052 1205; x_wconf 85' lang='lat' dir='ltr'><strong>nequo</strong></span> <span class='ocrx_word' id='word_1_62' title='bbox 1076 1141 1094 1184; x_wconf 92' lang='lat' dir='ltr'><strong>e</strong></span> <span class='ocrx_word' id='word_1_63' title='bbox 1118 1118 1222 1182; x_wconf 89' lang='lat' dir='ltr'><strong>Lebe-</strong></span> 
     </span>
     <span class='ocr_line' id='line_1_9' title="bbox 85 1222 1221 1309; baseline 0.001 -24"><span class='ocrx_word' id='word_1_64' title='bbox 85 1222 208 1287; x_wconf 90' lang='lat' dir='ltr'><strong>diorum</strong></span> <span class='ocrx_word' id='word_1_65' title='bbox 248 1224 373 1303; x_wconf 74' lang='lat' dir='ltr'><strong>legibus</strong></span> <span class='ocrx_word' id='word_1_66' title='bbox 415 1224 636 1289; x_wconf 79' lang='lat' dir='ltr'><strong>diiudicandae</strong></span> <span class='ocrx_word' id='word_1_67' title='bbox 673 1235 768 1302; x_wconf 87' lang='lat' dir='ltr'><strong>sunt,</strong></span> <span class='ocrx_word' id='word_1_68' title='bbox 805 1245 911 1309; x_wconf 90' lang='lat' dir='ltr'><strong>neque</strong></span> <span class='ocrx_word' id='word_1_69' title='bbox 944 1225 970 1287; x_wconf 90' lang='lat' dir='ltr'><strong>si</strong></span> <span class='ocrx_word' id='word_1_70' title='bbox 1004 1222 1088 1308; x_wconf 86' lang='lat' dir='ltr'><strong>quod</strong></span> <span class='ocrx_word' id='word_1_71' title='bbox 1126 1229 1221 1288; x_wconf 81' lang='lat' dir='ltr'><strong>anteo</strong></span> 
     </span>
     <span class='ocr_line' id='line_1_10' title="bbox 87 1327 1220 1412; baseline 0.001 -23"><span class='ocrx_word' id='word_1_72' title='bbox 87 1334 214 1411; x_wconf 86' lang='lat' dir='ltr'><strong>pactum</strong></span> <span class='ocrx_word' id='word_1_73' title='bbox 231 1327 416 1412; x_wconf 70' lang='grc' dir='ltr'>(σύμβολον)</span> <span class='ocrx_word' id='word_1_74' title='bbox 433 1329 473 1392; x_wconf 91' lang='lat' dir='ltr'><strong>de</strong></span> <span class='ocrx_word' id='word_1_75' title='bbox 496 1329 556 1393; x_wconf 86' lang='lat' dir='ltr'><strong>hac</strong></span> <span class='ocrx_word' id='word_1_76' title='bbox 579 1350 612 1393; x_wconf 89' lang='lat' dir='ltr'><strong>re</strong></span> <span class='ocrx_word' id='word_1_77' title='bbox 628 1329 713 1393; x_wconf 85' lang='lat' dir='ltr'><strong>Teiis</strong></span> <span class='ocrx_word' id='word_1_78' title='bbox 732 1337 827 1411; x_wconf 83' lang='lat' dir='ltr'><strong>atque</strong></span> <span class='ocrx_word' id='word_1_79' title='bbox 844 1328 992 1393; x_wconf 84' lang='lat' dir='ltr'><strong>Lebediis</strong></span> <span class='ocrx_word' id='word_1_80' title='bbox 1015 1335 1093 1404; x_wconf 73' lang='lat' dir='ltr'><strong>erat,</strong></span> <span class='ocrx_word' id='word_1_81' title='bbox 1117 1334 1220 1391; x_wconf 82' lang='lat' dir='ltr'><strong>ratum</strong></span> 
     </span>
     <span class='ocr_line' id='line_1_11' title="bbox 85 1431 1221 1518; baseline 0 -23"><span class='ocrx_word' id='word_1_82' title='bbox 85 1439 164 1496; x_wconf 88' lang='lat' dir='ltr'><strong>esto.</strong></span> <span class='ocrx_word' id='word_1_83' title='bbox 211 1431 274 1496; x_wconf 83' lang='lat' dir='ltr'><strong>sed</strong></span> <span class='ocrx_word' id='word_1_84' title='bbox 297 1454 414 1495; x_wconf 87' lang='lat' dir='ltr'><strong>nouom</strong></span> <span class='ocrx_word' id='word_1_85' title='bbox 436 1433 541 1516; x_wconf 87' lang='lat' dir='ltr'><strong>legem</strong></span> <span class='ocrx_word' id='word_1_86' title='bbox 564 1435 724 1518; x_wconf 75' lang='lat' dir='ltr'><strong>propriam</strong></span> <span class='ocrx_word' id='word_1_87' title='bbox 747 1434 820 1497; x_wconf 87' lang='lat' dir='ltr'><strong>ferri</strong></span> <span class='ocrx_word' id='word_1_88' title='bbox 843 1433 1019 1498; x_wconf 85' lang='lat' dir='ltr'><strong>secundum</strong></span> <span class='ocrx_word' id='word_1_89' title='bbox 1043 1453 1138 1517; x_wconf 80' lang='lat' dir='ltr'><strong>quom</strong></span> <span class='ocrx_word' id='word_1_90' title='bbox 1162 1432 1221 1495; x_wconf 81' lang='lat' dir='ltr'><strong>hee</strong></span> 
     </span>
     <span class='ocr_line' id='line_1_12' title="bbox 86 1536 1222 1621; baseline -0.003 -21"><span class='ocrx_word' id='word_1_91' title='bbox 86 1556 202 1600; x_wconf 80' lang='lat' dir='ltr'><strong>causae</strong></span> <span class='ocrx_word' id='word_1_92' title='bbox 225 1536 453 1611; x_wconf 79' lang='lat' dir='ltr'><strong>diiudicentur,</strong></span> <span class='ocrx_word' id='word_1_93' title='bbox 487 1537 668 1620; x_wconf 76' lang='lat' dir='ltr'><strong>Antigonus</strong></span> <span class='ocrx_word' id='word_1_94' title='bbox 700 1537 799 1601; x_wconf 92' lang='lat' dir='ltr'><strong>iubet.</strong></span> <span class='ocrx_word' id='word_1_95' title='bbox 846 1536 937 1610; x_wconf 76' lang='lat' dir='ltr'><strong>Quae</strong></span> <span class='ocrx_word' id='word_1_96' title='bbox 959 1543 1128 1621; x_wconf 82' lang='lat' dir='ltr'><strong>antequam</strong></span> <span class='ocrx_word' id='word_1_97' title='bbox 1152 1542 1222 1600; x_wconf 83' lang='lat' dir='ltr'><strong>rate</strong></span> 
     </span>
     <span class='ocr_line' id='line_1_13' title="bbox 85 1638 1220 1725; baseline 0 -22"><span class='ocrx_word' id='word_1_98' title='bbox 85 1641 170 1704; x_wconf 83' lang='lat' dir='ltr'><strong>facta</strong></span> <span class='ocrx_word' id='word_1_99' title='bbox 193 1641 252 1722; x_wconf 87' lang='lat' dir='ltr'><strong>sit,</strong></span> <span class='ocrx_word' id='word_1_100' title='bbox 279 1663 319 1704; x_wconf 92' lang='lat' dir='ltr'><strong>ne</strong></span> <span class='ocrx_word' id='word_1_101' title='bbox 343 1640 459 1704; x_wconf 79' lang='lat' dir='ltr'><strong>deferr-i</strong></span> <span class='ocrx_word' id='word_1_102' title='bbox 483 1640 608 1724; x_wconf 88' lang='lat' dir='ltr'><strong>quidem</strong></span> <span class='ocrx_word' id='word_1_103' title='bbox 637 1639 677 1703; x_wconf 83' lang='lat' dir='ltr'><strong>ad</strong></span> <span class='ocrx_word' id='word_1_104' title='bbox 703 1641 838 1703; x_wconf 86' lang='lat' dir='ltr'><strong>indicem</strong></span> <span class='ocrx_word' id='word_1_105' title='bbox 860 1663 912 1704; x_wconf 83' lang='lat' dir='ltr'><strong>res</strong></span> <span class='ocrx_word' id='word_1_106' title='bbox 936 1648 1088 1725; x_wconf 88' lang='lat' dir='ltr'><strong>poterunt</strong></span> <span class='ocrx_word' id='word_1_107' title='bbox 1111 1638 1155 1722; x_wconf 82' lang='lat' dir='ltr'><strong>(v.</strong></span> <span class='ocrx_word' id='word_1_108' title='bbox 1179 1644 1220 1703; x_wconf 87' lang='lat'><strong>38</strong></span> 
     </span>
     <span class='ocr_line' id='line_1_14' title="bbox 86 1743 1221 1829; baseline 0 -22"><span class='ocrx_word' id='word_1_109' title='bbox 86 1743 159 1828; x_wconf 85' lang='lat' dir='ltr'><strong>sq).</strong></span> <span class='ocrx_word' id='word_1_110' title='bbox 198 1744 290 1809; x_wconf 83' lang='lat' dir='ltr'><strong>Haec</strong></span> <span class='ocrx_word' id='word_1_111' title='bbox 319 1754 424 1807; x_wconf 80' lang='lat' dir='ltr'><strong>autem</strong></span> <span class='ocrx_word' id='word_1_112' title='bbox 459 1746 510 1808; x_wconf 85' lang='lat' dir='ltr'><strong>lex</strong></span> <span class='ocrx_word' id='word_1_113' title='bbox 544 1744 671 1808; x_wconf 83' lang='lat' dir='ltr'><strong>dabitur</strong></span> <span class='ocrx_word' id='word_1_114' title='bbox 703 1752 797 1829; x_wconf 82' lang='lat' dir='ltr'><strong>pecto</strong></span> <span class='ocrx_word' id='word_1_115' title='bbox 830 1744 915 1829; x_wconf 86' lang='lat' dir='ltr'><strong>quod</strong></span> <span class='ocrx_word' id='word_1_116' title='bbox 952 1745 1033 1807; x_wconf 90' lang='lat' dir='ltr'><strong>inter</strong></span> <span class='ocrx_word' id='word_1_117' title='bbox 1063 1743 1157 1808; x_wconf 85' lang='lat' dir='ltr'><strong>Teios</strong></span> <span class='ocrx_word' id='word_1_118' title='bbox 1190 1750 1221 1807; x_wconf 90' lang='lat' dir='ltr'><strong>et</strong></span> 
     </span>
     <span class='ocr_line' id='line_1_15' title="bbox 85 1846 1220 1930; baseline -0.001 -20"><span class='ocrx_word' id='word_1_119' title='bbox 85 1846 245 1912; x_wconf 87' lang='lat' dir='ltr'><strong>Lebedios</strong></span> <span class='ocrx_word' id='word_1_120' title='bbox 278 1851 473 1914; x_wconf 87' lang='lat' dir='ltr'><strong>conuenerit.</strong></span> <span class='ocrx_word' id='word_1_121' title='bbox 519 1850 622 1923; x_wconf 78' lang='lat' dir='ltr'><strong>eram</strong></span> <span class='ocrx_word' id='word_1_122' title='bbox 659 1848 699 1911; x_wconf 87' lang='lat' dir='ltr'><strong>ad</strong></span> <span class='ocrx_word' id='word_1_123' title='bbox 732 1868 797 1912; x_wconf 90' lang='lat' dir='ltr'><strong>rem</strong></span> <span class='ocrx_word' id='word_1_124' title='bbox 832 1846 1060 1913; x_wconf 81' lang='lat' dir='ltr'><strong>conficiendam</strong></span> <span class='ocrx_word' id='word_1_125' title='bbox 1084 1848 1220 1930; x_wconf 73' lang='lat' dir='ltr'><strong>eligetur</strong></span> 
     </span>
     <span class='ocr_line' id='line_1_16' title="bbox 87 1950 1220 2037; baseline 0.001 -22"><span class='ocrx_word' id='word_1_126' title='bbox 87 1952 257 2035; x_wconf 86' lang='lat' dir='ltr'><strong>collegium</strong></span> <span class='ocrx_word' id='word_1_127' title='bbox 299 1953 438 2017; x_wconf 90' lang='lat' dir='ltr'><strong>uirorum</strong></span> <span class='ocrx_word' id='word_1_128' title='bbox 472 1950 768 2036; x_wconf 69' lang='grc' dir='ltr'><strong>(σννθηκογράφων)</strong></span> <span class='ocrx_word' id='word_1_129' title='bbox 804 1954 859 2037; x_wconf 92' lang='lat' dir='ltr'><strong>qui</strong></span> <span class='ocrx_word' id='word_1_130' title='bbox 894 1974 975 2037; x_wconf 82' lang='lat' dir='ltr'><strong>quae</strong></span> <span class='ocrx_word' id='word_1_131' title='bbox 1006 1952 1126 2037; x_wconf 87' lang='lat' dir='ltr'><strong>optime</strong></span> <span class='ocrx_word' id='word_1_132' title='bbox 1161 1953 1220 2016; x_wconf 87' lang='lat' dir='ltr'><strong>sibi</strong></span> 
     </span>
     <span class='ocr_line' id='line_1_17' title="bbox 85 2055 1220 2140; baseline 0.003 -20"><span class='ocrx_word' id='word_1_133' title='bbox 85 2056 155 2121; x_wconf 82' lang='lat' dir='ltr'><strong>uiso</strong></span> <span class='ocrx_word' id='word_1_134' title='bbox 186 2058 250 2121; x_wconf 85' lang='lat' dir='ltr'><strong>sint</strong></span> <span class='ocrx_word' id='word_1_135' title='bbox 281 2055 328 2140; x_wconf 84' lang='lat' dir='ltr'><strong>(v.</strong></span> <span class='ocrx_word' id='word_1_136' title='bbox 353 2057 410 2139; x_wconf 82' lang='lat'><strong>30)</strong></span> <span class='ocrx_word' id='word_1_137' title='bbox 441 2059 657 2133; x_wconf 83' lang='lat' dir='ltr'><strong>constituant,</strong></span> <span class='ocrx_word' id='word_1_138' title='bbox 688 2057 857 2121; x_wconf 84' lang='lat' dir='ltr'><strong>constituta</strong></span> <span class='ocrx_word' id='word_1_139' title='bbox 882 2057 996 2121; x_wconf 83' lang='lat' dir='ltr'><strong>tabulis</strong></span> <span class='ocrx_word' id='word_1_140' title='bbox 1019 2057 1220 2123; x_wconf 82' lang='lat' dir='ltr'><strong>inscribendo</strong></span> 
     </span>
     <span class='ocr_line' id='line_1_18' title="bbox 85 2159 1219 2244; baseline 0.003 -21"><span class='ocrx_word' id='word_1_141' title='bbox 85 2171 206 2225; x_wconf 87' lang='lat' dir='ltr'><strong>curent.</strong></span> <span class='ocrx_word' id='word_1_142' title='bbox 252 2162 325 2224; x_wconf 87' lang='lat' dir='ltr'><strong>Hoc</strong></span> <span class='ocrx_word' id='word_1_143' title='bbox 349 2163 432 2225; x_wconf 89' lang='lat' dir='ltr'><strong>enim</strong></span> <span class='ocrx_word' id='word_1_144' title='bbox 455 2171 503 2226; x_wconf 90' lang='lat' dir='ltr'><strong>est</strong></span> <span class='ocrx_word' id='word_1_145' title='bbox 525 2161 708 2243; x_wconf 73' lang='grc' dir='ltr'><strong><em>γράψασθαι</em></strong></span> <span class='ocrx_word' id='word_1_146' title='bbox 732 2159 790 2244; x_wconf 72' lang='grc' dir='ltr'><strong>τήν</strong></span> <span class='ocrx_word' id='word_1_147' title='bbox 812 2159 973 2244; x_wconf 72' lang='grc' dir='ltr'><strong>συνθήκην</strong></span> <span class='ocrx_word' id='word_1_148' title='bbox 995 2162 1039 2242; x_wconf 86' lang='lat' dir='ltr'><strong>(v.</strong></span> <span class='ocrx_word' id='word_1_149' title='bbox 1064 2160 1131 2242; x_wconf 82' lang='lat'>28),</span> <span class='ocrx_word' id='word_1_150' title='bbox 1157 2184 1219 2227; x_wconf 92' lang='lat' dir='ltr'><strong>non</strong></span> 
     </span>
     <span class='ocr_line' id='line_1_19' title="bbox 86 2264 1220 2350; baseline 0.003 -22"><span class='ocrx_word' id='word_1_151' title='bbox 86 2264 170 2348; x_wconf 88' lang='lat' dir='ltr'><strong>quod</strong></span> <span class='ocrx_word' id='word_1_152' title='bbox 205 2265 447 2350; x_wconf 85' lang='lat' dir='ltr'><strong>Waddingtono</strong></span> <span class='ocrx_word' id='word_1_153' title='bbox 486 2267 588 2330; x_wconf 90' lang='lat' dir='ltr'><strong>uisum</strong></span> <span class='ocrx_word' id='word_1_154' title='bbox 627 2277 692 2329; x_wconf 89' lang='lat' dir='ltr'><strong>est:</strong></span> <span class='ocrx_word' id='word_1_155' title='bbox 732 2265 910 2346; x_wconf 73' lang='lat' dir='ltr'><strong>„denoncer</strong></span> <span class='ocrx_word' id='word_1_156' title='bbox 944 2267 964 2329; x_wconf 75' lang='grc' dir='ltr'><em>ὰ</em></span> <span class='ocrx_word' id='word_1_157' title='bbox 998 2264 1220 2344; x_wconf 70' lang='lat' dir='ltr'><strong>l&#39;essemblee</strong></span> 
     </span>
     <span class='ocr_line' id='line_1_20' title="bbox 85 2367 1221 2453; baseline 0.001 -21"><span class='ocrx_word' id='word_1_158' title='bbox 85 2377 261 2433; x_wconf 84' lang='lat' dir='ltr'><strong>scumettrc</strong></span> <span class='ocrx_word' id='word_1_159' title='bbox 285 2370 304 2432; x_wconf 77' lang='lat' dir='ltr'><strong>is</strong></span> <span class='ocrx_word' id='word_1_160' title='bbox 325 2371 355 2432; x_wconf 86' lang='lat' dir='ltr'><strong>le</strong></span> <span class='ocrx_word' id='word_1_161' title='bbox 380 2369 586 2434; x_wconf 70' lang='lat' dir='ltr'><strong>discrrssion“.</strong></span> <span class='ocrx_word' id='word_1_162' title='bbox 632 2368 704 2433; x_wconf 91' lang='lat' dir='ltr'><strong>Hoc</strong></span> <span class='ocrx_word' id='word_1_163' title='bbox 730 2369 814 2453; x_wconf 87' lang='lat' dir='ltr'><strong>quod</strong></span> <span class='ocrx_word' id='word_1_164' title='bbox 840 2369 922 2432; x_wconf 91' lang='lat' dir='ltr'><strong>inter</strong></span> <span class='ocrx_word' id='word_1_165' title='bbox 949 2367 1221 2452; x_wconf 70' lang='grc' dir='ltr'><em>συνθηκογράφους</em></span> 
     </span>
     <span class='ocr_line' id='line_1_21' title="bbox 87 2472 1221 2557; baseline 0 -21"><span class='ocrx_word' id='word_1_166' title='bbox 87 2475 271 2537; x_wconf 87' lang='lat' dir='ltr'><strong>conuenerit</strong></span> <span class='ocrx_word' id='word_1_167' title='bbox 298 2483 444 2557; x_wconf 78' lang='lat' dir='ltr'><strong>pactum,</strong></span> <span class='ocrx_word' id='word_1_168' title='bbox 474 2474 589 2538; x_wconf 80' lang='lat' dir='ltr'><strong>tabulis</strong></span> <span class='ocrx_word' id='word_1_169' title='bbox 619 2474 803 2557; x_wconf 87' lang='lat' dir='ltr'><strong>inscriptum</strong></span> <span class='ocrx_word' id='word_1_170' title='bbox 835 2474 961 2557; x_wconf 88' lang='lat' dir='ltr'><strong>publice</strong></span> <span class='ocrx_word' id='word_1_171' title='bbox 993 2472 1120 2537; x_wconf 89' lang='lat' dir='ltr'><strong>uidetur</strong></span> <span class='ocrx_word' id='word_1_172' title='bbox 1149 2494 1221 2556; x_wconf 91' lang='lat' dir='ltr'><strong>pro·</strong></span> 
     </span>
     <span class='ocr_line' id='line_1_22' title="bbox 85 2575 1221 2662; baseline 0 -22"><span class='ocrx_word' id='word_1_173' title='bbox 85 2575 271 2657; x_wconf 86' lang='lat' dir='ltr'><strong>ponendum</strong></span> <span class='ocrx_word' id='word_1_174' title='bbox 309 2584 340 2639; x_wconf 91' lang='lat' dir='ltr'><strong>et</strong></span> <span class='ocrx_word' id='word_1_175' title='bbox 377 2577 512 2640; x_wconf 88' lang='lat' dir='ltr'><strong>comitiis</strong></span> <span class='ocrx_word' id='word_1_176' title='bbox 536 2598 607 2641; x_wconf 91' lang='lat' dir='ltr'><strong>cnm</strong></span> <span class='ocrx_word' id='word_1_177' title='bbox 645 2576 795 2640; x_wconf 84' lang='lat' dir='ltr'><strong>Teiorum</strong></span> <span class='ocrx_word' id='word_1_178' title='bbox 826 2582 892 2638; x_wconf 90' lang='lat' dir='ltr'><strong>tum</strong></span> <span class='ocrx_word' id='word_1_179' title='bbox 926 2575 1140 2651; x_wconf 84' lang='lat' dir='ltr'><strong>Lebcdiorunr</strong></span> <span class='ocrx_word' id='word_1_180' title='bbox 1165 2599 1221 2662; x_wconf 83' lang='lat' dir='ltr'><strong>ap·</strong></span> 
     </span>
     <span class='ocr_line' id='line_1_23' title="bbox 86 2678 1220 2764; baseline 0.001 -22"><span class='ocrx_word' id='word_1_181' title='bbox 86 2679 287 2764; x_wconf 81' lang='lat' dir='ltr'><strong>probandum</strong></span> <span class='ocrx_word' id='word_1_182' title='bbox 310 2680 424 2758; x_wconf 80' lang='lat' dir='ltr'><strong>fuisse,</strong></span> <span class='ocrx_word' id='word_1_183' title='bbox 458 2681 501 2743; x_wconf 81' lang='lat' dir='ltr'><strong>ita</strong></span> <span class='ocrx_word' id='word_1_184' title='bbox 534 2687 568 2743; x_wconf 94' lang='lat' dir='ltr'><strong>ut</strong></span> <span class='ocrx_word' id='word_1_185' title='bbox 599 2700 681 2764; x_wconf 85' lang='lat' dir='ltr'><strong>quae</strong></span> <span class='ocrx_word' id='word_1_186' title='bbox 713 2680 839 2763; x_wconf 90' lang='lat' dir='ltr'><strong>utrique</strong></span> <span class='ocrx_word' id='word_1_187' title='bbox 871 2678 992 2743; x_wconf 82' lang='lat' dir='ltr'><strong>ciuitati</strong></span> <span class='ocrx_word' id='word_1_188' title='bbox 1015 2678 1220 2764; x_wconf 84' lang='lat' dir='ltr'><strong>placuissent,</strong></span> 
     </span>
     <span class='ocr_line' id='line_1_24' title="bbox 86 2782 1221 2868; baseline 0.001 -21"><span class='ocrx_word' id='word_1_189' title='bbox 86 2791 156 2847; x_wconf 82' lang='lat' dir='ltr'><strong>reta</strong></span> <span class='ocrx_word' id='word_1_190' title='bbox 171 2785 294 2863; x_wconf 86' lang='lat' dir='ltr'><strong>fierent,</strong></span> <span class='ocrx_word' id='word_1_191' title='bbox 317 2784 356 2847; x_wconf 87' lang='lat' dir='ltr'><strong>de</strong></span> <span class='ocrx_word' id='word_1_192' title='bbox 373 2784 485 2868; x_wconf 89' lang='lat' dir='ltr'><strong>quibus</strong></span> <span class='ocrx_word' id='word_1_193' title='bbox 502 2785 597 2848; x_wconf 90' lang='lat' dir='ltr'><strong>rebus</strong></span> <span class='ocrx_word' id='word_1_194' title='bbox 613 2785 697 2848; x_wconf 86' lang='lat' dir='ltr'><strong>inter</strong></span> <span class='ocrx_word' id='word_1_195' title='bbox 713 2783 808 2847; x_wconf 83' lang='lat' dir='ltr'><strong>Teios</strong></span> <span class='ocrx_word' id='word_1_196' title='bbox 825 2790 856 2846; x_wconf 90' lang='lat' dir='ltr'><strong>et</strong></span> <span class='ocrx_word' id='word_1_197' title='bbox 873 2782 1032 2847; x_wconf 88' lang='lat' dir='ltr'><strong>Lebedios</strong></span> <span class='ocrx_word' id='word_1_198' title='bbox 1050 2785 1221 2848; x_wconf 88' lang='lat' dir='ltr'><strong>conuenire</strong></span> 
     </span>
     <span class='ocr_line' id='line_1_25' title="bbox 87 2886 1219 2972; baseline 0 -21"><span class='ocrx_word' id='word_1_199' title='bbox 87 2910 149 2953; x_wconf 92' lang='lat' dir='ltr'><strong>non</strong></span> <span class='ocrx_word' id='word_1_200' title='bbox 175 2896 299 2972; x_wconf 83' lang='lat' dir='ltr'><strong>posset,</strong></span> <span class='ocrx_word' id='word_1_201' title='bbox 333 2887 372 2950; x_wconf 89' lang='lat' dir='ltr'><strong>de</strong></span> <span class='ocrx_word' id='word_1_202' title='bbox 403 2888 448 2951; x_wconf 88' lang='lat' dir='ltr'><strong>eis</strong></span> <span class='ocrx_word' id='word_1_203' title='bbox 472 2890 503 2952; x_wconf 93' lang='lat' dir='ltr'><strong>in</strong></span> <span class='ocrx_word' id='word_1_204' title='bbox 525 2887 641 2951; x_wconf 94' lang='lat' dir='ltr'><strong>indicio</strong></span> <span class='ocrx_word' id='word_1_205' title='bbox 665 2886 706 2950; x_wconf 81' lang='lat' dir='ltr'><strong>ad</strong></span> <span class='ocrx_word' id='word_1_206' title='bbox 730 2888 810 2951; x_wconf 83' lang='lat' dir='ltr'><strong>hanc</strong></span> <span class='ocrx_word' id='word_1_207' title='bbox 833 2909 899 2952; x_wconf 85' lang='lat' dir='ltr'><strong>rem</strong></span> <span class='ocrx_word' id='word_1_208' title='bbox 922 2888 1021 2971; x_wconf 82' lang='lat' dir='ltr'><strong>ipsam</strong></span> <span class='ocrx_word' id='word_1_209' title='bbox 1047 2888 1219 2951; x_wconf 88' lang='lat' dir='ltr'><strong>constituto</strong></span> 
     </span>
     <span class='ocr_line' id='line_1_26' title="bbox 89 2985 1220 3076; baseline 0.001 -22"><span class='ocrx_word' id='word_1_210' title='bbox 89 3013 185 3076; x_wconf 85' lang='lat' dir='ltr'><strong>egere</strong></span> <span class='ocrx_word' id='word_1_211' title='bbox 206 2992 325 3056; x_wconf 88' lang='lat' dir='ltr'><strong>liceret.</strong></span> <span class='ocrx_word' id='word_1_212' title='bbox 364 2993 522 3057; x_wconf 82' lang='lat' dir='ltr'><strong>iudicium</strong></span> <span class='ocrx_word' id='word_1_213' title='bbox 545 2992 623 3056; x_wconf 87' lang='lat' dir='ltr'><strong>illud</strong></span> <span class='ocrx_word' id='word_1_214' title='bbox 643 2992 756 3055; x_wconf 88' lang='lat' dir='ltr'><strong>dicitur</strong></span> <span class='ocrx_word' id='word_1_215' title='bbox 778 2989 797 3075; x_wconf 79' lang='grc' dir='ltr'><em>ἡ</em></span> <span class='ocrx_word' id='word_1_216' title='bbox 822 2989 964 3073; x_wconf 54' lang='lat' dir='ltr'><strong>tuaique</strong></span> <span class='ocrx_word' id='word_1_217' title='bbox 987 2985 1133 3074; x_wconf 69' lang='grc' dir='ltr'><strong>ἑξάμηνος</strong></span> <span class='ocrx_word' id='word_1_218' title='bbox 1156 2991 1220 3056; x_wconf 91' lang='lat' dir='ltr'><strong>scil.</strong></span> 
     </span>
     <span class='ocr_line' id='line_1_27' title="bbox 87 3094 1220 3180; baseline 0 -21"><span class='ocrx_word' id='word_1_219' title='bbox 87 3098 163 3178; x_wconf 76' lang='grc' dir='ltr'><em>δίκη.</em></span> <span class='ocrx_word' id='word_1_220' title='bbox 197 3097 368 3180; x_wconf 82' lang='lat' dir='ltr'><strong>Perperam</strong></span> <span class='ocrx_word' id='word_1_221' title='bbox 386 3099 467 3161; x_wconf 90' lang='lat' dir='ltr'><strong>enim</strong></span> <span class='ocrx_word' id='word_1_222' title='bbox 486 3095 747 3179; x_wconf 85' lang='lat' dir='ltr'><strong>Waddingtonus</strong></span> <span class='ocrx_word' id='word_1_223' title='bbox 770 3097 800 3159; x_wconf 87' lang='lat' dir='ltr'><strong>in</strong></span> <span class='ocrx_word' id='word_1_224' title='bbox 819 3119 913 3160; x_wconf 87' lang='lat' dir='ltr'><strong>uersu</strong></span> <span class='ocrx_word' id='word_1_225' title='bbox 930 3098 971 3159; x_wconf 80' lang='lat'><strong>29</strong></span> <span class='ocrx_word' id='word_1_226' title='bbox 987 3102 1059 3179; x_wconf 93' lang='lat' dir='ltr'><strong>post</strong></span> <span class='ocrx_word' id='word_1_227' title='bbox 1075 3094 1220 3179; x_wconf 76' lang='grc' dir='ltr'><strong>ἐκκλήτωι</strong></span> 
     </span>
     <span class='ocr_line' id='line_1_28' title="bbox 87 3199 1220 3286; baseline 0 -23"><span class='ocrx_word' id='word_1_228' title='bbox 87 3202 294 3286; x_wconf 81' lang='lat' dir='ltr'><strong>interpunxit,</strong></span> <span class='ocrx_word' id='word_1_229' title='bbox 318 3223 388 3265; x_wconf 91' lang='lat' dir='ltr'><strong>cum</strong></span> <span class='ocrx_word' id='word_1_230' title='bbox 413 3201 492 3266; x_wconf 84' lang='lat' dir='ltr'><strong>hacc</strong></span> <span class='ocrx_word' id='word_1_231' title='bbox 516 3203 614 3266; x_wconf 84' lang='lat' dir='ltr'><strong>uerbo</strong></span> <span class='ocrx_word' id='word_1_232' title='bbox 638 3203 682 3266; x_wconf 89' lang='lat' dir='ltr'><strong>sic</strong></span> <span class='ocrx_word' id='word_1_233' title='bbox 702 3202 926 3268; x_wconf 79' lang='lat' dir='ltr'><strong>intellexisset:</strong></span> <span class='ocrx_word' id='word_1_234' title='bbox 950 3205 982 3267; x_wconf 81' lang='grc' dir='ltr'><strong>ἐν</strong></span> <span class='ocrx_word' id='word_1_235' title='bbox 1005 3209 1053 3285; x_wconf 79' lang='grc' dir='ltr'><strong>τῆι</strong></span> <span class='ocrx_word' id='word_1_236' title='bbox 1077 3199 1220 3284; x_wconf 78' lang='grc' dir='ltr'><em>ἐκκλήτωι</em></span> 
     </span>
     <span class='ocr_line' id='line_1_29' title="bbox 88 3303 1220 3389; baseline 0.003 -22"><span class='ocrx_word' id='word_1_237' title='bbox 88 3303 205 3383; x_wconf 76' lang='grc' dir='ltr'><em>(πόλει,</em></span> <span class='ocrx_word' id='word_1_238' title='bbox 236 3306 280 3385; x_wconf 81' lang='grc' dir='ltr'><strong>ἐν)</strong></span> <span class='ocrx_word' id='word_1_239' title='bbox 311 3303 462 3386; x_wconf 70' lang='grc' dir='ltr'><strong>ἑξαμήνωι</strong></span> <span class='ocrx_word' id='word_1_240' title='bbox 486 3304 638 3388; x_wconf 47' lang='lat' dir='ltr'><strong>(piscium).</strong></span> <span class='ocrx_word' id='word_1_241' title='bbox 700 3306 791 3379; x_wconf 80' lang='lat' dir='ltr'><strong>Quae</strong></span> <span class='ocrx_word' id='word_1_242' title='bbox 821 3328 871 3370; x_wconf 89' lang='lat' dir='ltr'><strong>res</strong></span> <span class='ocrx_word' id='word_1_243' title='bbox 896 3306 1004 3370; x_wconf 84' lang='lat' dir='ltr'><strong>dutiuo</strong></span> <span class='ocrx_word' id='word_1_244' title='bbox 1027 3307 1093 3371; x_wconf 87' lang='lat' dir='ltr'><strong>solo</strong></span> <span class='ocrx_word' id='word_1_245' title='bbox 1117 3326 1220 3389; x_wconf 90' lang='lat' dir='ltr'><strong>neque</strong></span> 
     </span>
     <span class='ocr_line' id='line_1_30' title="bbox 87 3407 1221 3493; baseline -0.002 -21"><span class='ocrx_word' id='word_1_246' title='bbox 87 3408 258 3492; x_wconf 86' lang='lat' dir='ltr'><strong>significari</strong></span> <span class='ocrx_word' id='word_1_247' title='bbox 288 3415 415 3493; x_wconf 76' lang='lat' dir='ltr'><strong>potest,</strong></span> <span class='ocrx_word' id='word_1_248' title='bbox 448 3430 554 3492; x_wconf 89' lang='lat' dir='ltr'><strong>neque</strong></span> <span class='ocrx_word' id='word_1_249' title='bbox 586 3409 649 3471; x_wconf 91' lang='lat' dir='ltr'><strong>ullo</strong></span> <span class='ocrx_word' id='word_1_250' title='bbox 675 3410 759 3472; x_wconf 90' lang='lat' dir='ltr'><strong>tituli</strong></span> <span class='ocrx_word' id='word_1_251' title='bbox 783 3410 1104 3492; x_wconf 78' lang='lat' dir='ltr'><strong>locosignificetur1:</strong></span> <span class='ocrx_word' id='word_1_252' title='bbox 1136 3407 1221 3471; x_wconf 90' lang='lat' dir='ltr'><strong>unde</strong></span> 
     </span>
     <span class='ocr_line' id='line_1_31' title="bbox 86 3510 1219 3598; baseline -0.004 -21"><span class='ocrx_word' id='word_1_253' title='bbox 86 3513 163 3577; x_wconf 79' lang='lat' dir='ltr'><strong>satis</strong></span> <span class='ocrx_word' id='word_1_254' title='bbox 179 3521 310 3596; x_wconf 85' lang='lat' dir='ltr'><strong>apparet</strong></span> <span class='ocrx_word' id='word_1_255' title='bbox 327 3513 396 3574; x_wconf 89' lang='lat' dir='ltr'><strong>iure</strong></span> <span class='ocrx_word' id='word_1_256' title='bbox 409 3510 691 3595; x_wconf 83' lang='lat' dir='ltr'><strong>Dittenbergcrum</strong></span> <span class='ocrx_word' id='word_1_257' title='bbox 708 3512 864 3594; x_wconf 85' lang='lat' dir='ltr'><strong>uirgulem</strong></span> <span class='ocrx_word' id='word_1_258' title='bbox 879 3534 971 3596; x_wconf 81' lang='lat' dir='ltr'><strong>quem</strong></span> <span class='ocrx_word' id='word_1_259' title='bbox 989 3521 1059 3598; x_wconf 92' lang='lat' dir='ltr'><strong>post</strong></span> <span class='ocrx_word' id='word_1_260' title='bbox 1076 3510 1219 3594; x_wconf 80' lang='grc' dir='ltr'><strong>ἕκκλήτωι</strong></span> 
     </span>
     <span class='ocr_line' id='line_1_32' title="bbox 87 3614 1222 3699; baseline -0.001 -21"><span class='ocrx_word' id='word_1_261' title='bbox 87 3615 348 3699; x_wconf 83' lang='lat' dir='ltr'><strong>Waddingtonus</strong></span> <span class='ocrx_word' id='word_1_262' title='bbox 371 3617 488 3699; x_wconf 84' lang='lat' dir='ltr'><strong>posuit,</strong></span> <span class='ocrx_word' id='word_1_263' title='bbox 513 3614 681 3681; x_wconf 87' lang='lat' dir='ltr'><strong>deleuisse.</strong></span> <span class='ocrx_word' id='word_1_264' title='bbox 719 3614 951 3699; x_wconf 74' lang='lat' dir='ltr'><strong>Coniungeudo</strong></span> <span class='ocrx_word' id='word_1_265' title='bbox 976 3618 1058 3679; x_wconf 90' lang='lat' dir='ltr'><strong>enim</strong></span> <span class='ocrx_word' id='word_1_266' title='bbox 1082 3615 1164 3679; x_wconf 88' lang='lat' dir='ltr'><strong>inter</strong></span> <span class='ocrx_word' id='word_1_267' title='bbox 1187 3635 1222 3677; x_wconf 84' lang='lat' dir='ltr'><strong>ee</strong></span> 
     </span>
     <span class='ocr_line' id='line_1_33' title="bbox 86 3716 837 3802; baseline 0 -20"><span class='ocrx_word' id='word_1_268' title='bbox 86 3725 159 3782; x_wconf 76' lang='lat' dir='ltr'><strong>sunt</strong></span> <span class='ocrx_word' id='word_1_269' title='bbox 182 3721 215 3782; x_wconf 79' lang='grc' dir='ltr'><strong>ἐν</strong></span> <span class='ocrx_word' id='word_1_270' title='bbox 237 3720 287 3800; x_wconf 62' lang='lat' dir='ltr'><strong>mir</strong></span> <span class='ocrx_word' id='word_1_271' title='bbox 310 3716 456 3800; x_wconf 68' lang='lat' dir='ltr'><strong>institituit</strong></span> <span class='ocrx_word' id='word_1_272' title='bbox 480 3716 629 3802; x_wconf 66' lang='grc' dir='ltr'><strong>ἓξαμήνωι</strong></span> <span class='ocrx_word' id='word_1_273' title='bbox 652 3719 719 3783; x_wconf 85' lang='lat' dir='ltr'><strong>scil.</strong></span> <span class='ocrx_word' id='word_1_274' title='bbox 743 3721 837 3802; x_wconf 79' lang='grc' dir='ltr'><strong>δι’κηι.</strong></span> 
     </span>
    </p>

    <p class='ocr_par' dir='ltr' id='par_1_4' title="bbox 86 3820 1222 4214">
     <span class='ocr_line' id='line_1_34' title="bbox 190 3820 1221 3906; baseline -0.001 -20"><span class='ocrx_word' id='word_1_275' title='bbox 190 3822 383 3906; x_wconf 86' lang='lat' dir='ltr'><strong>Plerumque</strong></span> <span class='ocrx_word' id='word_1_276' title='bbox 405 3830 511 3885; x_wconf 84' lang='lat' dir='ltr'><strong>autem</strong></span> <span class='ocrx_word' id='word_1_277' title='bbox 535 3822 651 3886; x_wconf 83' lang='lat' dir='ltr'><strong>iudicia</strong></span> <span class='ocrx_word' id='word_1_278' title='bbox 674 3820 805 3906; x_wconf 73' lang='lat' dir='ltr'><strong>i&#39;uxtqra</strong></span> <span class='ocrx_word' id='word_1_279' title='bbox 827 3824 857 3885; x_wconf 90' lang='lat' dir='ltr'><strong>in</strong></span> <span class='ocrx_word' id='word_1_280' title='bbox 882 3828 976 3886; x_wconf 83' lang='lat' dir='ltr'><strong>senos</strong></span> <span class='ocrx_word' id='word_1_281' title='bbox 1001 3842 1124 3885; x_wconf 86' lang='lat' dir='ltr'><strong>menses</strong></span> <span class='ocrx_word' id='word_1_282' title='bbox 1148 3841 1221 3885; x_wconf 88' lang='lat' dir='ltr'><strong>oon·</strong></span> 
     </span>
     <span class='ocr_line' id='line_1_35' title="bbox 86 3925 1220 4011; baseline 0 -22"><span class='ocrx_word' id='word_1_283' title='bbox 86 3928 199 3990; x_wconf 85' lang='lat' dir='ltr'><strong>stituto</strong></span> <span class='ocrx_word' id='word_1_284' title='bbox 223 3946 292 3991; x_wconf 86' lang='lat' dir='ltr'><strong>csso</strong></span> <span class='ocrx_word' id='word_1_285' title='bbox 316 3925 400 4011; x_wconf 84' lang='lat' dir='ltr'><strong>apud</strong></span> <span class='ocrx_word' id='word_1_286' title='bbox 414 3925 555 3990; x_wconf 84' lang='lat' dir='ltr'><strong>Graecos</strong></span> <span class='ocrx_word' id='word_1_287' title='bbox 572 3926 734 4008; x_wconf 85' lang='lat' dir='ltr'><strong>uidentur,</strong></span> <span class='ocrx_word' id='word_1_288' title='bbox 758 3949 827 3990; x_wconf 90' lang='lat' dir='ltr'><strong>cum</strong></span> <span class='ocrx_word' id='word_1_289' title='bbox 845 3928 939 3992; x_wconf 83' lang='lat' dir='ltr'><strong>etiam</strong></span> <span class='ocrx_word' id='word_1_290' title='bbox 956 3927 1039 3990; x_wconf 89' lang='lat' dir='ltr'><strong>Latii</strong></span> <span class='ocrx_word' id='word_1_291' title='bbox 1056 3934 1087 3988; x_wconf 90' lang='lat' dir='ltr'><strong>et</strong></span> <span class='ocrx_word' id='word_1_292' title='bbox 1101 3925 1220 3989; x_wconf 88' lang='lat' dir='ltr'><strong>Olontii</strong></span> 
     </span>
     <span class='ocr_line' id='line_1_36' title="bbox 89 4030 1222 4114; baseline -0.002 -20"><span class='ocrx_word' id='word_1_293' title='bbox 89 4052 158 4094; x_wconf 88' lang='lat' dir='ltr'><strong>oum</strong></span> <span class='ocrx_word' id='word_1_294' title='bbox 182 4031 310 4094; x_wconf 85' lang='lat' dir='ltr'><strong>Gnosiis</strong></span> <span class='ocrx_word' id='word_1_295' title='bbox 335 4030 530 4114; x_wconf 83' lang='lat' dir='ltr'><strong>paciscentes</strong></span> <span class='ocrx_word' id='word_1_296' title='bbox 553 4030 592 4094; x_wconf 91' lang='lat' dir='ltr'><strong>de</strong></span> <span class='ocrx_word' id='word_1_297' title='bbox 623 4030 738 4094; x_wconf 89' lang='lat' dir='ltr'><strong>iudicio</strong></span> <span class='ocrx_word' id='word_1_298' title='bbox 771 4030 971 4094; x_wconf 89' lang='lat' dir='ltr'><strong>instituendo</strong></span> <span class='ocrx_word' id='word_1_299' title='bbox 1001 4031 1033 4093; x_wconf 91' lang='lat' dir='ltr'><strong>in</strong></span> <span class='ocrx_word' id='word_1_300' title='bbox 1058 4050 1119 4113; x_wconf 93' lang='lat' dir='ltr'><strong>quo</strong></span> <span class='ocrx_word' id='word_1_301' title='bbox 1150 4030 1222 4093; x_wconf 90' lang='lat' dir='ltr'><strong>lites</strong></span> 
     </span>
     <span class='ocr_line' id='line_1_37' title="bbox 87 4118 1222 4214; baseline -0.001 -17"><span class='ocrx_word' id='word_1_302' title='bbox 87 4135 170 4198; x_wconf 90' lang='lat' dir='ltr'><strong>inter</strong></span> <span class='ocrx_word' id='word_1_303' title='bbox 200 4135 345 4200; x_wconf 81' lang='lat' dir='ltr'><strong>ciuitates</strong></span> <span class='ocrx_word' id='word_1_304' title='bbox 368 4118 532 4198; x_wconf 86' lang='lat' dir='ltr'><strong>Letiorum</strong></span> <span class='ocrx_word' id='word_1_305' title='bbox 563 4143 595 4199; x_wconf 90' lang='lat' dir='ltr'><strong>et</strong></span> <span class='ocrx_word' id='word_1_306' title='bbox 629 4133 832 4198; x_wconf 89' lang='lat' dir='ltr'><strong>Olontiorum</strong></span> <span class='ocrx_word' id='word_1_307' title='bbox 864 4143 954 4198; x_wconf 78' lang='lat' dir='ltr'><strong>ortae</strong></span> <span class='ocrx_word' id='word_1_308' title='bbox 977 4131 1222 4214; x_wconf 73' lang='lat' dir='ltr'><strong>diiudicentur2,</strong></span> 
     </span>
    </p>
   </div>
   <div class='ocr_carea' id='block_1_3' title="bbox 191 4270 1181 4427">
    <p class='ocr_par' dir='ltr' id='par_1_5' title="bbox 191 4270 1181 4427">
     <span class='ocr_line' id='line_1_38' title="bbox 191 4270 1181 4333; baseline 0.001 -11"><span class='ocrx_word' id='word_1_309' title='bbox 191 4277 199 4308; x_wconf 89' lang='lat'><strong>¹</strong></span> <span class='ocrx_word' id='word_1_310' title='bbox 220 4273 261 4324; x_wconf 69' lang='lat' dir='ltr'><strong>Gt.</strong></span> <span class='ocrx_word' id='word_1_311' title='bbox 281 4291 304 4324; x_wconf 85' lang='lat' dir='ltr'><strong>v.</strong></span> <span class='ocrx_word' id='word_1_312' title='bbox 327 4272 365 4326; x_wconf 76' lang='grc'><strong>15.</strong></span> <span class='ocrx_word' id='word_1_313' title='bbox 384 4272 424 4324; x_wconf 72' lang='lat'><strong>24.</strong></span> <span class='ocrx_word' id='word_1_314' title='bbox 445 4271 486 4325; x_wconf 69' lang='lat'><strong>⁵26.</strong></span> <span class='ocrx_word' id='word_1_315' title='bbox 506 4272 547 4324; x_wconf 81' lang='lat'><strong>39.</strong></span> <span class='ocrx_word' id='word_1_316' title='bbox 567 4273 606 4326; x_wconf 74' lang='lat'><strong>55.</strong></span> <span class='ocrx_word' id='word_1_317' title='bbox 627 4273 668 4324; x_wconf 78' lang='grc'><strong>64.</strong></span> <span class='ocrx_word' id='word_1_318' title='bbox 692 4273 746 4325; x_wconf 71' lang='lat' dir='ltr'><strong>lor.</strong></span> <span class='ocrx_word' id='word_1_319' title='bbox 769 4273 824 4325; x_wconf 75' lang='lat'><strong>107.</strong></span> <span class='ocrx_word' id='word_1_320' title='bbox 847 4271 904 4325; x_wconf 69' lang='lat'><strong>122.</strong></span> <span class='ocrx_word' id='word_1_321' title='bbox 926 4272 981 4325; x_wconf 68' lang='lat'><strong>122.</strong></span> <span class='ocrx_word' id='word_1_322' title='bbox 1002 4303 1032 4312; x_wconf 89' lang='lat'>-</span> <span class='ocrx_word' id='word_1_323' title='bbox 1051 4270 1086 4324; x_wconf 78' lang='lat'><strong>48</strong></span> <span class='ocrx_word' id='word_1_324' title='bbox 1104 4272 1181 4333; x_wconf 70' lang='grc' dir='ltr'><em>ἐντὸς.</em></span> 
     </span>
     <span class='ocr_line' id='line_1_39' title="bbox 199 4358 869 4427; baseline 0 -17"><span class='ocrx_word' id='word_1_325' title='bbox 199 4359 209 4394; x_wconf 81' lang='lat'><strong>¹</strong></span> <span class='ocrx_word' id='word_1_326' title='bbox 227 4358 362 4425; x_wconf 76' lang='lat' dir='ltr'><strong>Hemone,</strong></span> <span class='ocrx_word' id='word_1_327' title='bbox 381 4358 451 4411; x_wconf 88' lang='lat' dir='ltr'><strong>Bull.</strong></span> <span class='ocrx_word' id='word_1_328' title='bbox 471 4358 504 4412; x_wconf 89' lang='lat' dir='ltr'><strong>de</strong></span> <span class='ocrx_word' id='word_1_329' title='bbox 523 4358 597 4412; x_wconf 81' lang='lat' dir='ltr'><strong>Gerr.</strong></span> <span class='ocrx_word' id='word_1_330' title='bbox 617 4360 680 4411; x_wconf 90' lang='lat' dir='ltr'><strong>hell.</strong></span> <span class='ocrx_word' id='word_1_331' title='bbox 699 4359 741 4412; x_wconf 91' lang='lat'><strong>111</strong></span> <span class='ocrx_word' id='word_1_332' title='bbox 760 4358 811 4412; x_wconf 77' lang='lat'><strong>290</strong></span> <span class='ocrx_word' id='word_1_333' title='bbox 829 4375 869 4427; x_wconf 83' lang='lat' dir='ltr'><strong>sq.</strong></span> 
     </span>
    </p>
   </div>
   <div class='ocr_carea' id='block_1_4' title="bbox 0 0 1484 4822">
    <p class='ocr_par' dir='ltr' id='par_1_6' title="bbox 0 0 1484 4822">
     <span class='ocr_line' id='line_1_40' title="bbox 0 0 1484 4822; baseline 0 0"><span class='ocrx_word' id='word_1_334' title='bbox 0 0 1484 4822; x_wconf 95' lang='lat' dir='ltr'><strong> </strong></span> 
     </span>
    </p>
   </div>
  </div>
 </body>
</html>
