2954 4822
302 1071 425 1157 Negari
462 1093 523 1135 nou
559 1076 666 1156 potest
706 1070 795 1135 haud
823 1072 992 1156 vulgarem
1028 1071 1192 1134 licentiam
1224 1076 1357 1157 poetam

216 1173 406 1239 adhibuisse
430 1175 462 1238 in
487 1174 721 1239 conscribenda
743 1175 805 1238 hac
828 1175 981 1260 stropha;
1003 1195 1079 1238 nam
1100 1194 1172 1238 eum
1195 1175 1265 1240 iure
1290 1181 1355 1239 sta-

185 1325 187 1330 ·
216 1286 311 1344 tuere
328 1279 495 1344 videamur
517 1280 741 1343 choriambum
763 1279 796 1342 in
819 1299 917 1343 versu
940 1278 1045 1359 tertio,
1069 1279 1102 1342 in
1126 1299 1224 1343 versu
1246 1280 1358 1364 quinto

217 1383 292 1448 huie
315 1389 418 1448 metro
439 1404 623 1469 repugnare
644 1382 795 1447 videntur
813 1382 960 1468 syllabae
983 1441 1000 1454 ,
1016 1432 1049 1462 ,,
1067 1403 1150 1468 quae
1169 1389 1358 1468 sequuntur.

218 1486 284 1551 Sed
308 1488 456 1572 quoniam
482 1486 617 1552 dubium
640 1493 794 1566 nonest,
819 1487 893 1571 quin
919 1493 1030 1551 sextus
1055 1493 1088 1551 et
1111 1488 1268 1574 septimus
1293 1487 1357 1551 sint

217 1591 348 1654 iambici
376 1612 505 1671 versus,
536 1589 772 1676 praecedentes
803 1608 932 1675 quoque
963 1590 1005 1655 ad
1036 1590 1162 1655 iambos
1192 1592 1356 1676 pertinere

218 1694 417 1760 credendum
455 1701 514 1761 est.
570 1695 679 1769 Quare
720 1696 842 1781 primas
882 1696 1024 1780 quinque
1069 1695 1213 1781 syllabas
1257 1695 1354 1760 huius

219 1800 372 1885 strophae
397 1807 474 1864 tone
498 1800 675 1884 productas
705 1821 779 1864 esse
802 1800 978 1865 verisimile
1003 1807 1070 1882 est,
1100 1806 1136 1865 ut
1158 1800 1221 1865 duo
1245 1800 1356 1866 eveni-

217 1912 275 1968 ant
291 1905 410 1990 integri
427 1904 556 1969 dimetri
583 1904 722 1969 iambici.
768 1903 860 1968 Tene
889 1910 1000 1968 autem
1028 1905 1061 1967 in
1085 1905 1240 1990 strophae
1265 1907 1357 1969 initio

218 2014 353 2089 statuta,
383 2007 464 2071 nihil
486 2006 638 2093 impedit,
671 2006 843 2093 quominus
867 2006 1005 2071 similem
1029 2008 1192 2072 licentiam
1217 2029 1236 2072 a
1258 2016 1358 2094 poeta

217 2114 371 2176 inversu
394 2111 505 2195 quinto
537 2110 713 2175 admissam
738 2132 812 2176 esse
841 2117 992 2196 putemus
1020 2116 1119 2196 atque
1148 2111 1245 2175 trium
1273 2118 1357 2176 tem·

217 2225 332 2303 porum
352 2216 559 2281 intervallum
586 2215 807 2301 suppleamus,
832 2213 917 2300 quod
938 2235 978 2278 eo
997 2213 1126 2279 facilius
1148 2215 1218 2281 fieri
1235 2221 1357 2302 potest,

219 2321 295 2406 quia
323 2327 397 2406 post
419 2319 554 2384 verbum
582 2317 702 2384 ποδοῖν
730 2324 851 2405 puncto
882 2339 990 2383 sermo
1013 2319 1123 2383 finitur
1147 2324 1179 2384 et
1202 2320 1359 2384 transitur

219 2424 260 2489 ad
283 2425 429 2510 integros
458 2422 600 2496 iambos;
632 2423 695 2487 nisi
725 2424 810 2488 forte
838 2424 871 2487 in
899 2423 960 2486 hoc
985 2444 1114 2508 quoque
1137 2445 1233 2488 versu
1256 2424 1356 2510 sylla·

219 2528 294 2592 bam
317 2526 388 2593 dciv
411 2526 453 2592 ad
475 2528 617 2611 quinque
641 2533 824 2613 temporum
846 2531 1045 2613 potestatem
1069 2534 1145 2592 tone
1166 2526 1357 2613 productam

220 2653 294 2698 esse
319 2630 454 2696 credere
478 2631 583 2694 malis.

304 2743 484 2808 Praeterea
517 2743 549 2806 in
582 2741 633 2805 his
664 2741 858 2828 fragmentis
888 2741 1128 2828 Aristophanes
1164 2743 1360 2810 choriambis

219 2869 299 2912 usus
323 2854 389 2912 est:

593 2951 632 3015 fr.
656 2953 697 3015 96
721 2948 771 3016 ed.
794 2949 947 3015 Dindorf:
965 2951 989 3032 ¹)

344 3063 420 3137 olda
441 3070 500 3155 μὲν
523 3064 659 3158 ἀρχαῖόν
680 3096 712 3137 τι
736 3070 820 3158 δρῶν
842 3064 935 3155 κούχὶ
958 3064 1066 3158 λέληθ’
1094 3067 1235 3155 ἐμαυτόν

598 3298 636 3360 fr.
664 3299 723 3360 117
748 3295 799 3362 ed.
822 3294 978 3360 Dindorf:

554 3407 611 3474 καὶ
635 3401 675 3475 δι’
702 3408 790 3497 ὀπῆς
811 3399 897 3474 κάπὶ
919 3404 1032 3493 τέγους

627 3636 667 3700 fr.
691 3636 753 3698 533
777 3633 829 3698 ed.
852 3632 961 3698 Koch:

566 3737 810 3834 ἇλφιτόχρωτος
831 3745 976 3834 κεφαλῆς

311 3972 427 4058 Neque
452 3973 538 4038 enim
563 3994 645 4058 opus
668 3971 799 4037 videtur
822 3994 895 4037 esse
921 3993 994 4036 eum
1016 3970 1144 4037 Kockio
1169 3973 1360 4039 existimare

227 4099 269 4142 ex
292 4078 439 4141 trimetro
456 4084 614 4164 excerpta
630 4076 713 4142 haee
729 4075 888 4141 vocabula
904 4097 978 4142 esse
995 4076 1119 4141 inserta
1135 4077 1219 4141 inter
1236 4083 1362 4142 utrum·

299 4249 319 4318 ¹)
339 4249 486 4319 Westphal
499 4250 545 4303 11²
557 4268 584 4320 p.
594 4249 646 4303 770
657 4249 803 4321 priapeum
821 4247 941 4319 primum
958 4248 1010 4303 hoe
1026 4249 1214 4318 fragmentum
1228 4248 1362 4319 appellat.
