2954 4808
219 284 260 351 os
742 280 833 367 [170]

319 474 892 560 Imperfectiindicativus:
923 479 974 543 27.
1001 480 1078 556 l‚8
1116 478 1180 544 ubi
1213 479 1400 546 debitorum

216 581 421 666 aliquem...
447 580 527 648 nibil
549 580 679 645 reddere
697 600 789 664 posse
812 580 984 664 dicebatur,
1007 583 1161 666 interfici
1177 585 1302 651 debere
1320 608 1400 671 pro·

216 685 394 751 nuntiabat.

319 794 349 855 4.
386 790 791 876 Quotienscumque:
818 793 867 855 16.
887 793 935 872 10,
955 791 993 853 16
1017 811 1184 857 uenenum
1203 792 1320 859 bibere
1339 815 1400 879 per

213 891 368 974 fraudem
396 895 523 978 intonit,
558 900 592 958 ut
621 895 892 980 quotienscumque
924 897 1137 979 concepisset,
1179 898 1398 964 immaturum

217 996 351 1063 abiceret
371 1005 513 1083 portum.

319 1105 349 1167 5.
389 1101 456 1167 tlt:
488 1105 616 1185 2610,
650 1104 686 1166 11
718 1124 793 1167 nam
822 1112 857 1168 ut
890 1104 1018 1191 quisque
1048 1124 1087 1167 ea
1123 1111 1331 1190 tempestate
1360 1104 1396 1170 ob

215 1204 383 1291 quamlibet
416 1206 558 1271 ootenrat
591 1227 732 1288 causam,
757 1257 765 1272 .
789 1254 796 1271 .
820 1254 827 1272 .
850 1214 886 1272 ut
912 1206 1097 1292 familiaris
1136 1209 1395 1293 suscipiebatur

216 1316 245 1375 et
257 1309 361 1392 fidus.

320 1416 350 1478 6.
374 1411 743 1479 Enuntiationum
766 1411 1055 1479 relativarum
1072 1412 1195 1480 modus
1213 1423 1271 1482 est
1288 1419 1390 1483 modo

214 1517 418 1601 indicativus,
442 1516 538 1584 modo
564 1518 803 1583 coniunctivus:

320 1622 621 1688 Indioativue:
657 1625 706 1685 14.
738 1624 775 1703 4,
812 1625 824 1687 1
860 1623 943 1686 ultro
975 1623 1112 1707 citroque
1150 1623 1387 1692 discursantes

215 1728 365 1813 quiequid
391 1729 527 1793 inueniri
544 1733 671 1812 poterat
695 1734 845 1790 momento
868 1727 1017 1810 temporis
1045 1729 1148 1809 porei
1181 1731 1383 1812 naamon-m

216 1832 267 1896 22.
294 1833 343 1913 11,
362 1835 378 1896 ‘t
402 1830 552 1918 quicquid
571 1837 718 1916 poterant
740 1831 775 1893 in
798 1832 863 1894 eins
884 1831 1134 1915 perniciem...
1155 1834 1383 1899 concitabant.

321 1933 832 2016 coniunctivus:14.1‚5
864 1935 919 1999 sed
948 1933 1097 2020 quioquid
1127 1933 1293 2011 Caesaris
1323 1941 1382 2001 im·

215 2037 425 2123 placabilitati
453 2039 597 2120 sedisset,
629 2038 663 2102 id
694 2039 775 2103 ostent
799 2037 862 2122 fas
885 2088 894 2104 .
919 2087 959 2104 ..
990 2037 1158 2121 confestim
1190 2040 1380 2127 urqebotnr

215 2143 340 2227 impleri
350 2165 358 2226 ;
384 2146 434 2209 14.
451 2146 481 2226 5,
498 2145 517 2206 2
540 2142 690 2229 quicquid
711 2144 928 2227 increpuisset,
948 2142 992 2206 od
1012 2143 1125 2206 salutis
1143 2163 1226 2208 snae
1244 2145 1378 2230 dispen-

215 2246 303 2310 dium
334 2248 519 2312 ecistimans
546 2247 674 2331 sactum
699 2296 706 2310 .
731 2298 739 2313 .
765 2296 772 2312 .
796 2249 967 2312 insontium
1000 2245 1146 2310 coedibus
1174 2247 1263 2331 fecit
1299 2251 1376 2334 (pro

215 2350 383 2436 'iaciebat')
415 2354 579 2418 uictoriam
611 2351 798 2416 luctuosam.
845 2349 896 2434 (3)
928 2353 1025 2437 siquis
1054 2353 1137 2415 enim
1154 2401 1162 2414 .
1180 2397 1214 2417 ..
1242 2375 1376 2419 rumore

216 2461 304 2521 tenus
326 2463 401 2521 essct
423 2456 627 2521 insimulatus
646 2455 765 2538 fauisse
784 2460 897 2539 partes
919 2454 1054 2537 hostiles,
1072 2456 1177 2540 capite
1194 2505 1201 2521 .
1220 2506 1257 2523 ..
1283 2458 1374 2522 dom·

214 2560 374 2644 nabetur3
402 2562 450 2625 16.
466 2563 517 2645 10,
530 2563 568 2643 83
594 2562 642 2626 16.
667 2562 718 2645 12,
732 2559 792 2640 33;
816 2562 865 2625 17.
879 2562 909 2641 3,
926 2561 945 2624 2
963 2557 1097 2644 Cumque
1113 2558 1372 2628 Florentius...

215 2664 364 2751 quiequid
385 2667 419 2728 in
443 2667 633 2748 capitatione
656 2665 801 2743 deesset„
824 2714 832 2730 .
856 2713 863 2729 .
887 2685 919 2728 se
947 2665 1093 2748 supplere
1112 2665 1272 2748 firmaret
1294 2717 1302 2732 .
1327 2716 1336 2732 .
1363 2717 1371 2733 .

215 2768 273 2832 boc
296 2769 397 2832 sinere
413 2768 487 2848 fieri
501 2767 710 2848 memorabat3
737 2771 785 2834 19.
802 2769 832 2846 3,
849 2770 868 2833 2
891 2770 1011 2832 intacto
1032 2767 1144 2854 ubique
1167 2770 1270 2834 nuilite
1285 2772 1371 2856 quie·

215 2870 292 2957 quid
314 2872 384 2955 qeri
402 2873 555 2955 potuisset
571 2871 626 2953 (=
641 2868 767 2957 posset)
790 2873 916 2957 impleri
938 2870 1044 2937 debere
1072 2881 1182 2956 operte
1209 2873 1370 2958 ierbentes5

213 2975 267 3040 24.
291 2975 320 3056 4,
346 2976 397 3041 16.

587 3181 614 3221 Β.
642 3178 816 3222 semum
835 3181 985 3223 cessans.

322 3292 347 3353 1.
382 3289 485 3354 Recto
515 3288 766 3355 Hossensteinus
801 3290 943 3375 scripsit:
974 3287 1239 3356 ‘Coniunctiouem
1279 3315 1367 3358 curn

214 3393 375 3456 norcnuttis
398 3393 484 3476 locis,
506 3392 617 3479 quibus
641 3395 801 3459 causalem
822 3393 912 3457 babet
934 3412 1068 3473 sensum,
1091 3401 1198 3458 tarnen
1221 3400 1366 3483 sequitur

214 3491 425 3562 indicativus'.
469 3495 522 3562 of.
549 3500 599 3562 19.
624 3499 674 3580 11,
699 3499 718 3561 4
740 3497 894 3562 barbaros
917 3495 1122 3563 obseruabat.
1148 3549 1155 3564 .
1181 3547 1189 3562 .
1214 3500 1367 3565 invadere

213 3599 321 3663 tionis
344 3599 514 3666 durissimo
538 3603 720 3685 capitaulas,
744 3623 815 3666 curn
838 3601 970 3666 necdum
991 3601 1112 3664 solutae
1134 3603 1220 3666 niues
1240 3625 1367 3669 amnem

213 3702 350 3790 tradique
368 3707 514 3788 peruium
538 3705 670 3789 faciunt
702 3709 860 3793 nostreque
886 3707 1016 3790 pruinis
1045 3704 1225 3772 subdivales
1255 3730 1367 3775 moros

215 3807 348 3891 difficile
371 3808 562 3893 tolerabant;
587 3810 637 3876 27.
662 3813 691 3893 2,
718 3814 755 3874 11
784 3831 864 3896 quae
886 3811 1083 3896 superfluum
1114 3817 1160 3874 est
1193 3814 1367 3896 explicere,

215 3933 286 3977 eum
307 3934 402 3999 neque
425 3935 538 3998 operae
557 3917 696 4000 pretium
719 3914 849 4001 aliquod
879 3935 986 3980 cortem
1017 3911 1152 3979 tabuere
1178 3927 1367 4000 proventus,

215 4037 270 4082 uec
293 4017 462 4082 historiam
483 4019 660 4103 pradruere
679 4041 741 4104 per
763 4021 918 4085 minutias
940 4017 1094 4104 iqnobites
1123 4018 1228 4103 deoet3
1262 4023 1318 4087 24.
1346 4025 1365 4087 4

217 4122 273 4199 10;
299 4119 424 4201 31.15,
451 4126 478 4188 1.

317 4224 354 4288 In
379 4224 493 4290 eodem
517 4225 690 4292 verborum
720 4226 841 4292 ambitu
871 4249 958 4293 cum
990 4231 1022 4290 et
1052 4226 1302 4294 coniunctivum
1333 4232 1366 4294 et

220 4327 425 4394 indicativum
448 4331 530 4415 regit
554 4330 615 4397 hoo
640 4330 728 4397 loco:
759 4333 809 4398 14.
838 4333 868 4414 2,
900 4334 939 4396 13
972 4352 1042 4395 cum
1070 4351 1168 4417 neque
1195 4333 1367 4400 odctioitos
