2970 4814
212 249 253 316 ευ
646 284 688 298 -
733 242 821 336 [228]
866 284 910 298 -

148 502 150 507 ,
213 432 315 522 ,,άλλ’“
327 434 406 506 ὅταν
426 434 598 529 ηβήσοιε*)
621 438 678 505 καί
697 435 781 529 ἥβης
794 435 911 525 μέτρον
929 438 1057 504 ἵκοιτο*
1075 437 1151 524 (Op.
1163 445 1196 503 et
1205 437 1246 503 D.
1260 436 1347 521 132).

210 555 354 626 κενεοίν
376 559 413 626 δέ
434 558 491 626 καί
512 555 673 647 λαπάρα
694 554 732 626 τό
756 552 846 640 αῦτό,
870 559 888 624 ὁ
910 553 995 624 κατὰ
1013 553 1070 624 τὸν
1089 551 1210 644 λαγόνα
1232 552 1348 635 τόπος.

211 659 325 729 κενεῶν
346 662 415 748 μέν,
444 658 538 748 παρὰ
560 658 598 731 τὸ
621 658 712 729 κενόν
734 654 818 729 εῖναι
841 655 962 729 ὀστέων
988 656 1046 727 τόν
1073 656 1246 746 τόπον**)·
1289 658 1348 726 καί

212 762 348 854 λαπάρα
371 762 428 833 διὰ
449 760 561 848 ταύτό,
584 762 734 846 λαπάξαι
757 761 818 853 γὰρ
840 761 878 832 τδ
900 766 1085 852 κενιῦσαιῑ),
1110 758 1154 845 ὡς
1175 760 1213 832 τὸ

493 893 594 981 ’,μίαν
615 891 715 963 πόλιν
736 890 1058 981 έξαλαπάξαμιιτι),

212 1024 361 1092 τουτέστι
389 1026 454 1091 ταῖν
480 1018 692 1113 ὑπαρχόντων
721 1019 804 1113 αὐτῇ
831 1026 969 1109 κενῶσαι
992 1025 1139 1091 πολιτῶν
1161 1022 1217 1090 καί
1241 1048 1350 1111 πραγ-

211 1126 340 1215 μάτων·
368 1123 392 1219 λη’
418 1125 474 1195 διὰ
502 1125 563 1219 τὴν
589 1125 748 1196 λάπαθον
769 1125 829 1219 τὴν
853 1124 992 1216 βοτάνην
1013 1123 1188 1219 κενωτικὴν
1204 1124 1350 1216 γαστρὸς

213 1223 322 1299 οῦσαν.
366 1229 495 1319 λαγῶν
518 1231 568 1316 δέ,
592 1229 686 1320 παρὰ
708 1228 747 1300 τὸ
770 1229 903 1321 λήγωλ),
927 1231 1031 1298 ἐκεῖσε
1053 1228 1114 1319 γὰρ
1135 1227 1289 1320 λήγουσιν
1311 1230 1347 1296 αί

210 1332 361 1421 πλευραί.
413 1337 528 1403 τοῦτον
561 1332 618 1404 τὸν
643 1332 749 1403 τόπον
776 1334 949 1422 κατωτέρω
977 1332 1113 1422 λαγόνος
1140 1336 1350 1421 βουβῶνας

211 1442 359 1522 καλοῦσι,
382 1436 425 1506 τὰ
447 1436 541 1506 ἔνθεν
563 1439 620 1507 καὶ
643 1439 771 1507 ἐκεῖθεν
791 1444 853 1529 τῆς
873 1436 1017 1526 βαλάνου
1036 1439 1093 1507 καὶ
1112 1442 1177 1506 τῶν
1192 1430 1347 1524 διδύμων.

210 1539 350 1623 κύστις
377 1543 414 1610 δὲ
436 1540 587 1632 σημαίνει
613 1539 652 1610 τῦ
676 1538 850 1630 οῦροδόχον
872 1537 1009 1630 ἀγγεῖον,
1040 1540 1133 1630 παρὰ
1155 1538 1193 1611 τὸ
1216 1539 1348 1610 κεύθων

214 1643 376 1737 έφήβαιον
397 1641 627 1734 ὑπογάστριον,
654 1646 712 1713 καί
740 1643 796 1713 διὰ
823 1642 862 1713 τὸ
884 1648 943 1712 τοῦ
966 1639 1148 1733 ἀνθρώπου
1171 1642 1347 1736 φυλάττειν

211 1747 254 1817 τὰ
276 1745 376 1838 ὑγρά·
406 1745 429 1840 ἢ
448 1746 541 1837 παρὰ
563 1747 601 1817 τό
617 1747 731 1838 μόριον
746 1746 833 1817 κύειν
847 1746 885 1816 τὸ
901 1740 1037 1838 οῦρονλ).
1080 1753 1290 1837 βουβῶνας
1313 1751 1350 1818 δέ

212 1848 387 1934 ὠνόμασαν
420 1850 498 1934 τοῦς
527 1851 712 1942 εἰρημένους
739 1850 880 1935 τόπους,
917 1847 986 1920 άπὸ
1020 1855 1080 1920 τοῦ
1111 1851 1349 1941 συμβαίνοντος

212 1952 394 2047 οἰδήματος
421 1955 454 2022 έν
483 1950 611 2037 αῦτοῖς·
641 1957 677 2024 έκ
705 1959 764 2024 τοῦ
792 1959 842 2042 βῶ
870 1953 907 2023 τὸ
936 1954 1056 2043 βαίνω,
1087 1954 1181 2045 παρὰ
1203 1954 1242 2024 τό
1267 1951 1350 2045 άγαν

210 2056 336 2144 βαίνειν
366 2056 413 2140 εἰς
441 2056 544 2146 ὑφος·
582 2061 641 2146 βῶ,
671 2055 747 2146 βιόν,
776 2057 833 2126 καί
861 2056 945 2145 μετὰ
972 2062 1032 2127 τοῦ
1061 2048 1122 2147 βων
1153 2058 1350 2128 ε’πιτατικοῦ

193 2159 328 2249 ’μορίου
344 2159 472 2250 βουβών
482 2165 519 2251 ⁴).
555 2156 680 2252 ὀσφῦς
702 2161 738 2229 δὲ
753 2161 879 2250 λέγεται
900 2161 1049 2246 δτόπος,
1073 2163 1106 2230 ἓν
1128 2152 1292 2252 ᾦκεῖνται
1317 2161 1348 2231 οῖ

208 2264 362 2356 νεφροί.
407 2266 519 2356 νεφροὶ
543 2266 588 2348 δέ,
615 2268 709 2354 παρὰ
735 2263 773 2334 τό
804 2264 981 2356 νείφεσδαι
1009 2270 1056 2357 τῷ
1088 2262 1188 2356 ούρφ,
1223 2264 1242 2335 ό
1276 2266 1346 2334 ἐστι

209 2370 396 2459 βρέχεσθαι,
424 2370 557 2459 φέρεται
585 2366 645 2458 γάρ
673 2366 721 2451 εἰς
748 2362 866 2451 αῦτοῦς
893 2367 931 2439 τὸ
956 2361 1060 2459 οῦρον.
1104 2368 1143 2439 τῦ
1166 2370 1203 2438 δέ
1224 2368 1347 2459 νείφειν

209 2473 329 2563 κυρίως
350 2474 476 2562 λέγεται
503 2473 562 2541 ἐπὶ
589 2476 654 2541 τῶν
675 2469 803 2540 ὑδάτων
830 2477 889 2541 τοῦ
910 2481 1044 2564 νιφετοῦ
1067 2474 1123 2541 καὶ
1146 2474 1205 2541 ἐπὶ
1228 2477 1288 2564 τῆς
1309 2473 1346 2541 ἐκ

210 2577 328 2668 νέφους
343 2580 535 2667 καταφορᾶς
550 2580 614 2644 τῶν
636 2572 809 2666 ὑδάτωνῧ).
848 2571 972 2666 ὀσφῦς
994 2576 1039 2658 δέ,
1063 2571 1107 2658 ιὺς
1122 2570 1348 2665 Ἀριστοτέλης

210 2682 299 2769 (hist.
323 2684 421 2747 anim.
444 2683 544 2769 113),
571 2675 591 2772 ἡ
620 2677 676 2771 ἰση
705 2677 791 2769 πρὸς
818 2677 857 2749 τὸ
886 2676 952 2748 άνω
980 2681 1036 2748 καί
1067 2677 1156 2747 κάτω
1179 2685 1347 2770 πεφυκυῖα

211 2790 282 2865 τοῖς
294 2778 414 2867 ὀστοῖς,
430 2777 501 2854 οἷον
517 2781 650 2874 ἰσοφῦς·
666 2779 710 2866 ὡς
725 2785 762 2852 δέ
775 2779 1035 2873 Ἀπολλόδωρος,
1051 2779 1226 2874 όστοφυής,
1243 2778 1348 2851 ῦστιό-

216 2889 308 2977 δηςθ)
332 2885 392 2977 γάρ
413 2888 501 2956 έστιν
520 2885 596 2970 όλος
622 2885 760 2970 δτόπος
776 2888 886 2980 αῦτης.
917 2887 1042 2976 λέγεται
1060 2888 1097 2955 δέ
1122 2888 1179 2955 καί
1203 2885 1347 2971 ἰσχίον·

213 2992 412 3078 ἰσχναίνεται
438 2991 499 3083 γὰρ
522 2986 593 3063 οἷον
620 2995 677 3062 καί
699 2992 910 3077 λεπτύνεται,
942 2989 986 3075 ὡς
1008 2992 1093 3083 πρὸς
1114 2991 1152 3063 τὸ
1175 2989 1349 3085 ἆνεστηκδς

210 3101 271 3165 τοῦ
293 3095 370 3166 ὅλου
397 3095 551 3183 σώματος
572 3102 670 3167 τοῦτο
692 3097 730 3167 τὸ
752 3099 859 3188 μέρος.
903 3096 941 3167 τὸ
965 3099 1001 3166 δέ
1023 3094 1122 3185 άκρον
1142 3101 1202 3188 τῆς
1224 3093 1349 3188 ὀσφύος
1432 3174 1440 3185 ρ

213 3196 330 3269 ὀστοῦν
346 3202 493 3270 καλεῖται
518 3200 623 3291 ῖερόν
645 3196 799 3271 ὀστοῦν·
829 3198 849 3291 ἢ
865 3199 916 3271 ότι
932 3202 1016 3290 μέγα
1031 3201 1160 3290 έστίνλ),
1187 3199 1273 3291 ἱερὸν
1287 3199 1349 3290 γὰρ

211 3301 251 3372 ’τὸ
275 3304 375 3393 μέγα·
406 3301 428 3395 ἢ
454 3303 505 3373 ότι
536 3303 646 3394 κόριον
668 3304 809 3392 (καίριον
832 3310 915 3374 coni.
946 3309 983 3374 L.
1005 3307 1125 3393 Oohn),·
1150 3303 1267 3375 παθόν
1288 3303 1349 3394 γὰρ

216 3403 344 3497 ἀναιρεῖ
368 3405 417 3496 (τὸ
434 3411 562 3496 σῶμα)·
585 3406 609 3501 ἢ
629 3406 680 3478 ότι
704 3404 886 3497 ῖεροῦργουν
909 3403 989 3478 αῦτὸ
1012 3415 1082 3490 τοῖς
1105 3407 1240 3496 δαίμοσι
1265 3408 1349 3477 κατὰ

213 3509 251 3578 τὸ
276 3505 411 3600 άρχαῖον
437 3509 468 3579 οῖ
485 3508 641 3600 Ἕλληνες.
680 3507 755 3598 ἡδὲ
777 3510 871 3598 έδρα
894 3510 950 3577 καί
974 3508 1190 3592 δακτύλιος
1211 3511 1348 3599 λέγεται,

214 3611 270 3682 διὰ
297 3612 336 3682 τὸ
367 3611 515 3703 δακτύλῳ
543 3610 677 3704 ἐφικτόν
705 3607 805 3682 εἰναι·
849 3610 870 3704 ἢ
896 3611 966 3683 άπὸ
992 3617 1051 3703 τῆς
1077 3612 1350 3704 στρογγυλότητσς

300 3825 324 3891 *)
344 3823 426 3892 Apud
455 3823 607 3877 Hesiodum
637 3822 690 3891 (ed.
714 3821 967 3891 Koechly-Rinkel)
992 3823 1109 3894 legitur:
1149 3820 1210 3876 ἀλλ’
1237 3821 1280 3877 ὅτ’
1307 3821 1350 3897 (ἐρ’

214 3908 314 3978 ἡβήσαι
332 3928 369 3976 τε,
389 3906 449 3962 ἀλλ’
467 3907 534 3964 ὅταν
551 3909 662 3979 η’βήσειε
679 3909 784 3963 habent
802 3909 912 3979 aliquot
929 3909 1036 3964 codices
1055 3910 1177 3965 Hesiodi.

288 4014 328 4080 **)
347 4013 399 4067 cfr.
419 4030 503 4083 supra
520 4032 547 4084 p.
561 4015 602 4068 16.

273 4116 327 4182 m)
346 4116 426 4170 Hom.
455 4117 505 4170 od.
527 4118 599 4186 785
620 4117 750 4187 praebet:
781 4116 879 4188 Τρώων
904 4115 984 4168 πόλιν
1010 4115 1189 4181 ἐξαλαπάξαι,
1211 4117 1349 4174 11.A40:

215 4201 330 4271 μεμαώς
348 4201 428 4255 πόλιν
446 4202 620 4263 ἐξαλαπάξαι.
