2956 4822
239 287 279 349 ss
759 287 848 372 [124]

241 480 301 544 hoc
317 488 476 545 statuant:
501 478 661 560 κρινόντων
676 480 708 544 δὲ
723 479 751 544 οἱ
770 479 903 545 Κνώσιοι
919 483 950 546 ἐν
966 480 1129 565 ἓξαμήνωι.
1165 483 1285 547 Postea
1302 503 1368 547 cum

239 586 300 649 hec
322 587 459 669 spatium
482 607 546 648 uon
562 585 708 648 sufficere
725 586 898 666 uideretur,
922 587 952 649 in
970 587 1138 650 duodecim
1154 584 1212 669 (=
1230 586 1277 650 bis
1301 586 1369 667 sex)

240 710 363 753 menses
380 691 539 775 prolatum
556 698 615 753 est.
633 726 672 734 -
691 688 928 753 Halicarnassi¹
947 690 986 770 (si
1006 691 1066 753 hoo
1082 712 1209 775 queque
1225 690 1370 776 ἐκκλήτων

239 793 321 883 δίκης
336 794 437 856 simile
454 793 635 876 exemplum
660 792 786 857 adferre
811 793 899 872 licet)
916 793 954 855 ad
974 795 1043 856 lites
1057 793 1276 859 diiudicandus
1293 816 1371 879 quae

241 906 329 960 ortae
346 906 436 960 erant
448 898 529 960 inter
542 897 627 959 ciues
644 898 808 981 utriusque
821 897 973 978 factionis,
987 905 1020 960 et
1032 900 1138 982 regine
1151 905 1185 962 et
1199 898 1370 983 popularis,

240 998 280 1063 de
296 1020 445 1082 agrorum
469 1008 500 1063 et
515 997 687 1062 fundorum
703 999 916 1081 possessione,
941 1021 1011 1063 cum
1028 999 1201 1083 Lygdamis
1219 1009 1370 1086 tyrannus

239 1103 401 1166 dominatu
425 1124 459 1166 se
475 1101 621 1165 abdicare
638 1112 816 1185 cogeretur,
841 1102 1061 1187 duodeuiginti
1077 1102 1141 1186 (ter
1157 1106 1230 1184 sex)
1250 1125 1371 1169 menses

239 1206 401 1270 constituti
423 1212 505 1270 suut.
542 1204 692 1269 Ceterum
710 1205 850 1289 ἔκκλητος
873 1206 938 1288 δίκη
961 1208 1062 1291 qualis
1086 1209 1138 1284 sit,
1163 1208 1249 1271 haud
1265 1210 1371 1294 paucis

240 1331 321 1395 quae
343 1311 375 1374 iu
399 1311 499 1374 titulis
514 1312 645 1375 Graccis
669 1317 797 1375 seruata
820 1319 893 1374 arrnt
910 1312 1065 1396 exemplis
1078 1313 1268 1376 illustratur.
1303 1313 1371 1386 Qua

240 1415 280 1477 de
317 1436 352 1478 rc
389 1417 506 1499 optimc
540 1414 686 1479 disseruit
721 1415 764 1479 M.
779 1415 819 1480 H.
832 1414 868 1478 Ε.
883 1415 981 1479 Meier
1009 1416 1086 1496 (Die
1122 1416 1370 1481 Privotschieds·

240 1516 355 1582 richter
378 1519 441 1581 uud
471 1519 673 1584 dffentlichen
689 1520 860 1583 Diaeteten
876 1520 1002 1583 Athens
1025 1541 1055 1604 p.
1080 1523 1121 1584 30
1137 1524 1211 1605 sq).
1252 1521 1368 1584 Tamen

242 1622 327 1707 quod
344 1622 468 1686 dubitat
493 1623 542 1687 hic
565 1625 613 1687 uir
631 1624 753 1703 doctus,
778 1646 853 1688 nuru
877 1621 1018 1705 ἔκκλητος
1041 1623 1124 1700 πόλις
1147 1645 1184 1688 ea
1208 1624 1370 1688 sGraecis

240 1727 400 1812 appellata
423 1729 463 1791 sit
487 1729 599 1792 ciuitas
629 1728 669 1791 ad
700 1750 794 1812 quarn
818 1730 890 1792 lites
913 1751 995 1813 quae
1018 1730 1099 1793 inter
1122 1730 1270 1793 ciuitates
1294 1729 1370 1792 duas

241 1842 330 1894 ortae
358 1832 439 1909 sint,
475 1832 694 1897 diiudicandae
728 1833 947 1913 deferrentur,
983 1854 1045 1916 quo
1081 1833 1173 1897 modo
1215 1834 1273 1896 nisi
1310 1854 1369 1897 unc

240 1934 402 1999 Plutarchi
433 1937 499 2001 loco
529 1936 711 2022 (Apoplrth.
744 1936 860 2001 Lacon.
892 1959 921 2021 p.
955 1938 1072 2018 9150)
1102 1936 1181 1999 hnec
1212 1956 1280 2000 uox
1310 1958 1370 2002 non

241 2047 425 2122 usurpetur,
456 2049 564 2105 nostro
599 2042 746 2125 exemplo
770 2042 925 2124 probatur
955 2043 1054 2105 artius
1078 2062 1151 2104 curn
1174 2040 1258 2104 illius
1283 2062 1370 2105 usum

241 2144 549 2229 circumscripsisset
586 2145 714 2209 Diserte
731 2155 838 2208 autern
861 2145 902 2210 de
924 2145 1078 2208 iudicio
1103 2146 1184 2207 inter
1199 2143 1371 2207 Athenien·

240 2267 291 2311 ses
323 2258 355 2312 et
387 2249 657 2314 Lacedaemonios
691 2249 835 2313 faciendo
867 2249 920 2312 illo
955 2249 1027 2313 loco
1061 2248 1253 2312 Plutarchus
1285 2246 1371 2310 dixit.

241 2350 313 2424 Qua
342 2353 372 2414 in
405 2373 439 2417 re
471 2355 640 2438 praecipua
671 2354 719 2416 uis
752 2353 846 2416 huius
877 2353 963 2415 uocis
997 2353 1098 2435 posita
1130 2359 1186 2416 cst.
1232 2348 1371 2435 ἕκκλητος

241 2452 416 2531 mllegenim
429 2465 525 2520 esest
541 2458 652 2521 ciuitas
672 2479 753 2541 quae
764 2466 798 2520 ut
809 2456 928 2520 iudices
938 2456 992 2518 det
1005 2463 1159 2520 enecatur
1169 2453 1371 2536 (inuoluitur).

344 2558 462 2637 Nostro
491 2562 558 2625 loco
591 2563 616 2625 si
641 2561 714 2644 quid
740 2560 884 2644 depacti
910 2559 1149 2624 condicionibus
1173 2559 1257 2622 inter
1281 2559 1371 2622 Teios

241 2668 273 2725 et
296 2661 454 2727 Lebedios
484 2686 546 2729 non
570 2667 751 2747 conueniat,
775 2686 792 2726 a
816 2665 1016 2748 Mytilenaeis
1048 2663 1170 2727 iudices
1193 2660 1372 2747 postulandi

240 2773 328 2842 sunt,
358 2766 444 2851 apud
468 2789 547 2852 quos
571 2768 610 2833 de
634 2770 678 2833 eis
703 2768 942 2832 condicionibus
967 2775 1080 2850 agatur·
1104 2767 1212 2850 etqui
1235 2765 1312 2850 quid
1335 2765 1372 2827 de

240 2869 285 2933 eis
308 2871 511 2934 statuendum
534 2873 723 2950 nit,.iudioio
746 2872 829 2936 facto
854 2870 1058 2936 decernautss.

347 3031 354 3063 ¹
375 3030 498 3081 Dittenh.
517 3031 584 3097 Syll.
603 3030 619 3083 ὁ
638 3048 661 3083 v.
683 3028 723 3083 18.

344 3115 354 3150 ¹
374 3116 414 3168 Cl.
435 3119 517 3169 etiam
537 3117 597 3169 Clu
619 3116 721 3168 11308.

345 3201 412 3254 ³Gl.
435 3205 504 3255 tituli
524 3206 610 3256 nestri
630 3222 654 3256 v.
674 3203 704 3255 51
726 3219 765 3270 tq.
805 3203 864 3254 Vox
883 3205 1011 3270 ἔπικρίνειν
1030 3201 1201 3265 (decernere)
1221 3199 1255 3253 de
1274 3201 1372 3253 iudicio

242 3287 368 3341 faciendo
383 3299 532 3355 usurpatur
552 3293 632 3342 etiarn
652 3293 678 3342 in
693 3292 753 3355 legs
769 3289 802 3341 de
816 3291 953 3357 nrysteriis
968 3289 1189 3341 Andanienuibus
1209 3290 1275 3343 data
1293 3305 1317 3340 κ.
1330 3289 1372 3340 81ε

241 3377 273 3427 ἂν
291 3377 320 3428 ils'
339 3400 375 3436 τις
398 3376 470 3442 dida,
496 3375 509 3431 ὁ
527 3384 574 3443 μὲν
599 3378 685 3436 δοῦλος
708 3375 887 3444 μαστιγοῦσθαι)
906 3374 958 3430 ὑπὸ
985 3377 1035 3429 τῶν
1054 3379 1136 3446 ἱερῶν,
1161 3375 1174 3429 ὁ
1201 3379 1228 3428 d's
1249 3379 1374 3444 ἐλεύθερος

242 3460 407 3529 η’ποτεινιᾰτω,
426 3469 484 3517 ὅσον
501 3489 531 3516 κη
551 3467 574 3517 οἷ
593 3468 651 3534 ἱεροὶ
671 3464 831 3530 ἓκικρῖνιινντι.
852 3493 883 3501 -
896 3463 950 3515 Τ11.
965 3462 1133 3515 Lebadenuis
1152 3463 1317 3528 (Fabricius,
1336 3463 1374 3513 Da

242 3548 426 3601 architectura
446 3550 561 3601 Graeca.
600 3551 690 3601 Berol.
718 3549 781 3602 1881
803 3566 826 3613 p.
845 3549 870 3602 6.
902 3554 1035 3614 Ἀθηναίου
1060 3548 1374 3615 lvp.369)v.41sq.
1450 3544 1452 3550 ’

241 3633 284 3685 ido
303 3635 329 3684 di
350 3634 410 3702 πρὸς
434 3634 526 3696 αὑτοὺς
544 3635 697 3706 ἆντιλὲγωσιν
715 3639 737 3687 ni
757 3637 859 3704 dpyrdrm
885 3644 943 3704 mpl
965 3658 1028 3695 τινος
1053 3641 1104 3689 ταῖν
1122 3643 1300 3706 γεγραμμίνων,
1319 3636 1373 3687 δια-

241 3721 362 3789 κρινοῦικν
381 3724 403 3773 οἱ
423 3729 536 3774 νιιοποιοὶ
556 3721 689 3788 dodrante:
707 3725 749 3775 lut
769 3724 911 3792 τῶνῖργων,
932 3727 1041 3782 πλείονες
1060 3729 1127 3783 ὄντες
1146 3722 1317 3788 τῶνὴνυννίνν.
1344 3720 1374 3773 ra*

242 3807 269 3857 ds
296 3808 457 3875 r'rrsxprdr'rro
481 3813 550 3876 adpre
573 3815 644 3863 loun.
687 3811 754 3861 1le
788 3811 905 3876 ὶκίκριηις
932 3809 1033 3862 dieitur
1061 3811 1088 3860 111
1120 3810 1202 3861 tilulo
1228 3808 1374 3873 Tegeatico

239 3892 351 3957 (Cauer¹
375 3895 447 3959 lm:
467 3895 589 3962 ζαμιόνῐω
604 3899 627 3949 οἱ
643 3897 772 3963 dodonam
790 3902 843 3948 ὅσαι
862 3898 893 3949 ἂν
911 3898 1000 3948 deero!
1015 3918 1080 3961 σφεις
1098 3901 1180 3961 ζαμίαν
1198 3902 1237 3947 καὶ
1257 3895 1376 3964 ἇγκαρνσ·

243 3980 346 4045 (adculo
363 3985 385 4034 ἲν
410 3984 527 4050 larnano
551 3989 589 4035 καὶ
609 3983 728 4052 ἶναγὸνιω
753 3986 775 4035 iv
793 3981 950 4049 δικαστήριον
966 3982 997 4036 τό
1016 3982 1144 4053 γινόμννον
1166 3991 1208 4035 τοῖ
1226 3980 1308 4049 ulfila
1334 3981 1376 4037 τᾶς

244 4071 340 4131 ζαμίαν.
377 4069 426 4120 ib.:
451 4069 494 4124 τόν
516 4071 543 4122 d'e
567 4070 673 4140 s'pyto'rav
698 4068 824 4132 ’ζαυιόντες
848 4075 871 4122 ἶν
895 4073 1020 4138 ἐπίκρισιν·
1041 4100 1071 4109 -
1091 4068 1254 4138 ἐπικριτὴριυν
1278 4068 1376 4120 (11011111

244 4151 372 4204 iudicium
398 4160 512 4221 ἔκκλητον
534 4154 673 4223 quoddam
702 4156 761 4209 clo
785 4155 854 4209 2656
873 4171 896 4207 ν.
915 4155 965 4219 88,
990 4155 1034 4206 ubi
1056 4153 1091 4206 cl.
1112 4154 1242 4206 Beeckhii
1262 4153 1375 4205 ednotu-

245 4239 356 4292 tionom.
385 4270 411 4280 -
439 4243 572 4307 διαιτητῶν
597 4242 713 4294 arbitris
739 4246 869 4310 ἐπικρίσεις
896 4243 1072 4308 appellantur
1098 4242 1126 4293 in
1155 4241 1234 4293 titulo
1260 4239 1376 4306 Ephesio

248 4323 381 4391 (Dittenb.
401 4327 466 4396 Syll.
485 4330 548 4394 344)
568 4330 618 4383 ιδ
637 4345 694 4399 uqa
713 4329 728 4383 d
746 4329 770 4383 δ’
787 4329 820 4383 ι’ὶν
837 4330 861 4383 οἶ
881 4330 995 4383 δικασταὶ
1015 4324 1179 4396 [δικάζωσιν],
1196 4325 1380 4399 α’ναγρᾶψαννσς
