2954 4816
562 264 770 326 „19..

203 460 321 540 unus
344 457 404 521 litt.
428 455 467 519 G.
491 453 630 539 persium]
656 455 741 521 Ter.
765 454 918 520 Phoron.
942 453 976 538 (Ι
1002 458 1104 538 1,10).

653 560 755 624 Lucil.
780 559 845 623 Sat.
870 561 923 624 lib.
950 560 1077 625 XXVI.

200 669 296 748 165,6
321 666 377 728 litt.
405 664 444 729 R.
469 661 625 747 rirrpitur]
660 661 745 728 Ter.
771 661 926 729 Phoron.
951 664 999 745 (11
1024 668 1053 747 2,
1066 665 1132 747 27).

512 766 628 849 riscus]
653 766 741 832 Ter.
766 766 860 832 Eun.
874 768 939 844 (IV
964 771 1070 850 6,16).

232 875 409 957 175‚3,1itt.
434 872 465 937 S.
488 870 628 954 screare]
652 871 735 935 Ter.
758 871 796 935 Η
803 879 907 937 eout.
932 871 983 955 (Π
1007 873 1132 955 3,132).

566 1061 643 1147 Cup.
667 1062 762 1127 VIII.

250 1204 376 1285 493,12
401 1200 517 1284 cautio]
541 1200 625 1266 Ter.
649 1203 690 1265 io
713 1202 878 1268 Andria
901 1203 1067 1288 (Iluro).

386 1304 520 1389 ueritas]
545 1305 653 1369 Attius
676 1304 898 1391 Neoptolemo.

376 1408 525 1494 torpitos]
550 1409 634 1475 Ter.
658 1411 700 1473 io
722 1411 924 1494 Adelphis
947 1412 993 1490 (V
1018 1416 1120 1495 9,28).

341 1512 525 1596 destrobus]
548 1514 704 1578 Laberius
726 1514 757 1577 in
782 1513 928 1601 Odyssea
951 1516 1010 1597 (sio
1033 1516 1149 1600 codd).

354 1615 522 1699 curatura]
547 1617 629 1681 Ter.
651 1619 695 1680 iu
718 1617 917 1683 Eunucho
941 1619 991 1701 (ΙΙ
1013 1624 1042 1703 3,
1054 1622 1118 1704 25).

545 1720 611 1786 Cio.
634 1721 727 1786 Tuso.
753 1721 807 1786 lib.
830 1721 892 1787 ΙΙΙ.

196 1829 245 1894 ux
270 1829 332 1891 hoo
355 1832 529 1924 conspeetu
552 1832 696 1910 apparet,
715 1847 810 1911 quom
833 1827 926 1912 peuri
943 1830 976 1894 et
997 1849 1092 1915 quum
1117 1852 1229 1915 parum

97 1933 235 1998 continui
260 1930 523 1998 Terentiauorum
554 1931 771 2015 exemplorum
802 1931 929 1997 ordines
965 1955 1005 1997 ex
1029 1932 1134 2000 Nonio
1158 1936 1227 2000 elici

97 2041 234 2123 possint:
260 2036 358 2100 ueluti
374 2036 456 2098 inter
473 2034 563 2118 primi
582 2033 692 2118 capitis
708 2033 856 2098 lemmate
873 2035 1030 2121 obleqore]
1048 2046 1080 2102 et
1095 2037 1228 2123 riuales]

95 2144 156 2206 trio
179 2142 314 2226 legimus
337 2141 497 2221 lemmate,
531 2159 613 2223 quoe
637 2139 726 2202 nulla
760 2121 908 2225 exempla
939 2143 1095 2227 praebent
1129 2143 1230 2208 uisis

95 2246 294 2312 Terentiauis
317 2242 480 2307 ordinibus
503 2243 614 2306 alienu.
670 2242 793 2316 Quodsi
817 2245 887 2327 quis
909 2244 1071 2328 ingentem
1094 2245 1228 2329 Vergilii

94 2350 355 2430 testimoniorum,
379 2367 460 2433 quae
479 2368 535 2432 per
550 2345 644 2412 Nonii
659 2347 757 2410 libros
780 2367 888 2430 sparso
904 2356 988 2429 suut,
1005 2350 1130 2434 copiam
1154 2369 1228 2412 oon·

94 2454 201 2519 tulerit
224 2474 295 2516 eum
320 2452 446 2536 exiguis
471 2451 564 2515 huius
586 2458 702 2536 poetae
726 2449 899 2529 ordinibus,
931 2472 1011 2536 quos
1035 2451 1228 2518 Schmidtius

93 2580 123 2644 p.
147 2560 187 2622 96
210 2577 276 2642 sqq.
301 2556 475 2636 constituit,
498 2554 585 2618 houd
608 2555 702 2618 facile
725 2553 892 2633 dubitabit,
925 2557 1000 2640 quin
1028 2556 1060 2619 in
1084 2555 1229 2620 Terenti·

94 2663 162 2726 anis
191 2671 224 2725 et
252 2661 283 2723 iu
313 2658 505 2744 Vergilianis
535 2656 774 2721 considerandis
807 2657 868 2721 alio
906 2658 959 2722 uie
989 2659 1229 2742 procedendum

94 2768 142 2843 sit,
165 2772 260 2849 utque
284 2785 378 2849 quom
402 2762 596 2828 Schmidtius
620 2763 779 2845 ingressus
804 2767 863 2841 est,
893 2783 965 2826 oum
988 2763 1175 2849 praesertim
1198 2765 1229 2826 in

95 2869 285 2954 Vergilionis
309 2889 389 2952 quos
413 2866 607 2931 Schmidtius
630 2866 723 2929 finxit
755 2864 918 2929 ordinibus
947 2887 1010 2929 non
1035 2867 1127 2931 unius
1163 2887 1229 2931 oar·

94 2973 185 3036 minis
219 2973 327 3052 libros,
366 2992 475 3035 uerum
500 2970 595 3035 modo
621 2968 795 3032 Aeneidem
830 2969 922 3033 modo
946 2969 1096 3034 Bucolico
1133 2970 1228 3033 modo

95 3076 253 3160 Georgica
274 3076 453 3160 promiscue
477 3076 599 3160 prolate
621 3073 851 3137 inuenismus.¹

171 3181 264 3244 lom
302 3180 381 3244 illud
404 3178 622 3263 quaerendum
658 3184 716 3256 est,
754 3178 807 3262 qui
842 3177 960 3241 foetum
984 3178 1033 3253 sit,
1065 3186 1101 3242 ut
1136 3179 1229 3263 longo

95 3282 230 3346 maximo
262 3303 335 3367 pore
376 3283 595 3366 exemplorum
627 3281 902 3359 Terentianorum,
941 3301 1023 3364 quoe
1045 3302 1103 3365 per
1127 3291 1228 3347 totum

94 3385 188 3452 Nonii
213 3386 326 3450 librum
361 3386 492 3450 disieotu
516 3386 604 3451 nobis
629 3392 814 3462 occurrunt,
847 3385 1088 3449 subseoiuorum
1122 3408 1229 3450 exem·

94 3492 219 3575 plorum
242 3491 348 3554 locum
371 3497 512 3554 teneant.
559 3489 650 3562 Quod
675 3509 867 3573 quamquam
891 3495 977 3554 certo
1002 3490 1152 3575 explicari
1176 3511 1229 3554 ue·

97 3595 172 3679 quit,
195 3615 257 3658 uon
275 3594 380 3679 inepte
397 3595 543 3657 conicere
560 3593 636 3656 mibi
654 3593 766 3656 uideor
782 3593 899 3656 multos
916 3592 1003 3656 looos
1020 3592 1229 3658 Terentianos

97 3720 161 3762 non
177 3719 269 3761 secus
285 3709 381 3782 atque
400 3696 603 3780 Vergilianus
620 3717 690 3759 oum
707 3697 775 3760 aliis
791 3698 896 3779 quarti
916 3697 1032 3761 soeculi
1048 3697 1230 3760 hominibus

95 3811 161 3865 tum
185 3800 289 3866 Nonio
313 3802 483 3865 familiares
515 3800 612 3864 fuisse
643 3808 741 3885 atquo
765 3801 903 3864 Nonium
935 3800 1050 3865 leuiter
1079 3802 1229 3885 inspeetis

94 3906 208 3969 horum
224 3912 392 3990 poetarum
409 3904 572 3968 oodieibos
596 3925 654 3968 suo
672 3904 837 3977 arbitratu,
855 3903 993 3988 quooad
1009 3905 1228 3988 exemplorum

96 4011 219 4094 copiam
243 4009 421 4094 augendum
445 4017 522 4093 epta
545 4016 698 4091 censeret,
723 4006 794 4072 inde
819 4007 1054 4092 deprompsisse
1089 4015 1121 4072 et
1152 4011 1228 4073 lem·

199 4222 206 4253 ¹
226 4218 352 4269 Ceterum
372 4217 429 4284 ipse
448 4211 615 4268 Schmidtios
634 4235 660 4284 p.
686 4215 701 4267 4
729 4216 855 4268 ooucedit
879 4216 1024 4267 nonnullos
1045 4216 1153 4269 ordines
1173 4232 1227 4268 non

94 4305 166 4356 omui
187 4308 326 4368 exemptos
345 4318 403 4354 osso
421 4302 585 4369 suspicione.

1093 4389 1124 4440 2.
