2962 4800
203 259 245 320 aa
364 263 367 273 ·
740 253 807 336 [ra]

203 447 304 511 Most.>
319 449 380 514 458
457 446 616 524 Quomodo
639 447 765 528 pultare
782 448 884 529 potui,
907 448 935 508 si
956 464 1018 508 ηοη
1040 448 1291 529 tenporem?

306 551 343 614 In
367 550 415 614 his
446 571 528 634 quae
559 551 710 634 exscripsi
739 550 894 635 exemplis
916 549 1081 633 perspicua
1104 558 1153 613 est
1178 553 1268 615 coni.
1295 554 1359 615 im·

202 656 283 740 perf.
306 657 393 719 notio
415 655 588 738 praeteriti.
635 654 682 717 Ac
705 655 809 718 nescio
829 674 869 717 an
885 673 983 736 prope
1000 674 1037 715 ea
1052 653 1251 736 significatio
1267 656 1360 720 absit

201 781 221 823 a
244 759 373 843 reliquis
396 759 496 822 tribus
518 758 612 823 locis:

202 863 317 927 Bacch.
341 865 403 927 818
459 862 557 926 Hanc
580 863 609 925 si
629 862 714 926 ultus
737 861 812 925 darre
834 867 997 942 eviraret,
1017 861 1091 942 plue
1115 863 1218 926 annis
1234 863 1359 947 dacem,

458 965 624 1029 Pieriam
648 965 762 1048 oipinti
783 971 936 1027 mortuom
958 983 1022 1027 ease
1043 966 1197 1047 oportuit.

181 1055 268 1135 Mil.
293 1072 355 1134 803
452 1067 525 1133 Noa
556 1069 660 1152 potuit
694 1068 849 1151 reperire,
883 1069 912 1130 si
939 1068 1003 1150 ipsi
1032 1066 1101 1131 Soli
1133 1071 1358 1149 quaerundae

1100 1171 1241 1255 dorca

458 1275 641 1359 Lepidioreo
664 1276 746 1339 doce
770 1275 1004 1339 adhaererem
1029 1326 1036 1339 .
1060 1326 1067 1339 .
1093 1325 1100 1339 .

199 1382 314 1446 Pseud.
340 1383 402 1446 792
456 1379 542 1444 Nom
564 1401 620 1464 epo
643 1381 672 1444 ai
694 1383 821 1444 iuratos
841 1400 1021 1462 pessumum
1042 1378 1200 1444 tornioom
1224 1401 1356 1463 quoe·

1085 1505 1238 1567 rerem,

458 1587 598 1652 Peiorem
614 1588 679 1651 hoo
693 1591 793 1671 potui,
809 1606 903 1669 quom
918 1588 1001 1652 hono
1016 1607 1100 1670 poeto
1117 1588 1201 1651 duco
1218 1590 1352 1657 ducere.

304 1692 471 1758 Adiciendi
505 1700 578 1756 eunt
610 1692 684 1756 huic
717 1714 849 1757 numero
884 1694 1104 1778 exemplorum
1133 1692 1199 1757 duo
1230 1695 1300 1759 loci
1333 1719 1352 1762 e

198 1794 301 1860 Milite
325 1797 471 1861 Glorioso
501 1797 602 1880 petiti.
648 1797 689 1862 V.
721 1798 804 1860 enim
838 1799 919 1861 1356
953 1798 985 1861 in
1017 1797 1104 1861 libris
1126 1797 1171 1860 sic
1204 1799 1349 1863 circum·

199 1899 319 1963 fertur:

456 2003 501 2066 Et
521 2005 550 2067 si
572 2005 619 2067 ito
640 2005 794 2067 sententio
816 2011 899 2084 eaeo,
922 2003 977 2067 rior·
998 2005 1112 2067 serviro
1135 2004 1241 2068 molto

455 2107 557 2171 Multo
580 2125 673 2188 quom
695 2109 755 2171 otii
776 2108 905 2171 libertae
929 2128 1000 2173 osae.

302 2210 391 2284 Quae
414 2211 511 2275 verba
526 2232 596 2275 curn
612 2211 724 2275 idoneo
739 2231 833 2275 sensu
848 2232 955 2275 carere
971 2212 1174 2295 opinarentur
1192 2212 1344 2279 homines

198 2312 292 2395 docti,
315 2335 372 2398 pro
394 2317 494 2378 molat
516 2315 652 2379 seribere
674 2317 816 2379 mavelim
833 2315 1001 2379 voluerunt
1025 2315 1218 2379 deteriorum
1242 2316 1343 2391 libro-

197 2439 267 2480 rum
289 2420 508 2483 auctoritatem
531 2419 639 2483 secuti.
685 2418 747 2482 sed
778 2420 814 2500 si,
847 2427 881 2483 nt
911 2420 1023 2504 prioris
1045 2419 1172 2484 dimetri
1195 2428 1340 2485 metrum

196 2521 375 2605 expleatur,
398 2530 453 2586 aut
476 2544 547 2586 cum
570 2522 679 2586 Brixio
698 2523 866 2588 conieceris
888 2529 917 2586 et
939 2525 968 2587 ei
990 2525 1037 2587 ito
1057 2521 1156 2606 <tuo>,
1182 2532 1240 2587 aut
1262 2547 1339 2590 curn

195 2624 400 2690 Lachmanno
417 2626 458 2690 ad
476 2625 571 2690 Lucr.
586 2647 616 2710 p.
632 2628 694 2689 249
715 2626 882 2691 verborum
901 2628 1011 2693 ordine
1030 2634 1151 2691 mutato
1170 2629 1338 2713 scripseris

194 2736 224 2792 et
240 2730 287 2792 ito
302 2731 340 2809 si,
356 2751 418 2793 non
433 2731 494 2793 erit
508 2728 592 2813 quod
609 2729 744 2813 amplius
756 2738 906 2797 mutetur.
930 2731 1023 2795 Hanc
1039 2732 1124 2795 enirn
1140 2734 1338 2797 sententiam

195 2832 296 2896 inesse
328 2832 404 2895 mihi
437 2832 603 2897 concedes:
643 2833 740 2897 Weno
774 2835 817 2897 do
850 2835 900 2899 dic
935 2835 1147 2917 Bestimocoop
1177 2837 1337 2919 petrrpfen

192 2934 305 2999 irdttest
329 2936 390 3016 (sc.
414 2937 491 3000 doro
513 2937 560 3000 ich
585 2937 657 3000 dein
681 2938 791 3001 Solooe
814 2938 926 3003 bladon
953 2940 1050 3019 sollte,
1078 2938 1121 3001 do
1145 2938 1217 3002 host
1248 2942 1336 3004 mich

193 3039 289 3102 laidet·
319 3040 553 3123 froipopedeo),
590 3040 640 3104 ich
671 3042 754 3105 dritta
787 3043 879 3107 liebar
911 3045 983 3107 doio
1015 3043 1125 3107 Sclooc
1162 3044 1213 3106 ols
1248 3045 1336 3109 einos

194 3141 332 3205 croderoo
355 3141 610 3225 Frcipoloosencr
631 3147 698 3208 reio
720 3152 839 3229 racipere.

296 3245 408 3310 Altero
431 3247 498 3311 loco
522 3248 588 3312 Mil.
615 3251 695 3312 1207

757 3374 832 3416 aare
855 3355 883 3417 si
900 3374 1024 3438 possem
1047 3356 1110 3418 ullo
1134 3356 1225 3419 modo

446 3453 635 3537 Impetrore,
650 3464 685 3519 ut
698 3456 800 3520 odiret
811 3479 866 3522 nec
879 3465 907 3521 to
919 3458 1094 3539 odd-ricem,
1105 3479 1233 3541 operam
1245 3460 1331 3527 dedi.

294 3555 373 3619 Brix
407 3558 572 3622 adnotavit
609 3563 638 3623 oi
672 3582 739 3624 esse
774 3590 814 3613 =
851 3559 900 3625 ‘ob'
934 3563 1049 3626 collato
1082 3585 1111 3627 v.
1145 3563 1230 3628 Men.
1266 3567 1332 3629 146

190 3658 294 3731 Quam
316 3660 609 3744 interpretationem
632 3664 745 3727 salsam
769 3686 837 3728 esse
859 3666 932 3730 inde
967 3666 1120 3744 efficitur,
1148 3666 1232 3751 quod
1256 3690 1334 3733 nus·

189 3782 283 3844 quam
306 3784 344 3826 ea
367 3765 413 3827 ris
436 3765 467 3828 in
497 3766 719 3829 coniunctione
748 3770 777 3830 si
806 3768 903 3846 inest,
931 3770 991 3833 nisi
1025 3771 1093 3854 ipsa
1124 3772 1331 3837 enuntiatum

188 3865 360 3950 principale
391 3871 603 3952 sequitur.
658 3870 750 3944 Quod
780 3872 838 3935 nisi
868 3873 976 3954 fieret,
1009 3874 1111 3958 primo
1144 3884 1332 3958 conspectu,

186 3989 267 4050 quae
289 3971 375 4033 notio
405 3971 478 4034 insit
502 3973 534 4035 in
557 3974 784 4053 coniunctione,
816 3977 871 4039 vix
894 3977 1014 4060 percipi
1040 3985 1154 4061 posset.
1201 3976 1331 4044 Verum

189 4069 249 4134 hoc
279 4072 347 4136 loco
379 4073 457 4139 duas
492 4076 574 4140 inter
609 4098 642 4140 se
677 4079 865 4143 commixtas
901 4100 969 4143 esse
1005 4080 1152 4165 loquendi
1186 4082 1330 4150 rationes

188 4174 390 4239 statuendum
421 4185 477 4242 ost.
524 4180 666 4253 Quarum
698 4180 799 4243 altera
831 4183 956 4268 quidem
988 4184 1066 4248 haee
1097 4191 1162 4247 est:
1197 4203 1331 4267 operam

186 4277 273 4359 dedi,
304 4286 338 4341 ot
371 4278 490 4360 obirot;
521 4283 621 4346 altera
644 4283 738 4347 haec:
761 4286 790 4347 si
809 4306 930 4368 possem
952 4289 1133 4372 impeto-ore,
1156 4294 1191 4351 ut
1215 4289 1331 4372 obiret,
