<?xml version="1.0" encoding="UTF-8"?>
<!DOCTYPE html PUBLIC "-//W3C//DTD XHTML 1.0 Transitional//EN"
    "http://www.w3.org/TR/xhtml1/DTD/xhtml1-transitional.dtd">
<html xmlns="http://www.w3.org/1999/xhtml" xml:lang="en" lang="en">
 <head>
  <title>
</title>
<meta http-equiv="Content-Type" content="text/html;charset=utf-8" />
  <meta name='ocr-system' content='tesseract 3.04.00' />
  <meta name='ocr-capabilities' content='ocr_page ocr_carea ocr_par ocr_line ocrx_word'/>
</head>
<body>
  <div class='ocr_page' id='page_1' title='image "./dissertationesp00stragoog/dissertationesp00stragoog_0502.png"; bbox 0 0 2956 4822; ppageno 0'>
   <div class='ocr_carea' id='block_1_1' title="bbox 680 315 1290 401">
    <p class='ocr_par' dir='ltr' id='par_1_1' title="bbox 680 315 1290 401">
     <span class='ocr_line' id='line_1_1' title="bbox 680 315 1290 401; baseline -0.005 -19"><span class='ocrx_word' id='word_1_1' title='bbox 680 315 774 401; x_wconf 83' lang='lat' dir='ltr'><strong>[rar]</strong></span> <span class='ocrx_word' id='word_1_2' title='bbox 1253 319 1290 380; x_wconf 87' lang='lat' dir='ltr'><strong>at</strong></span> 
     </span>
    </p>
   </div>
   <div class='ocr_carea' id='block_1_2' title="bbox 157 508 1296 2886">
    <p class='ocr_par' dir='ltr' id='par_1_2' title="bbox 159 508 1295 803">
     <span class='ocr_line' id='line_1_2' title="bbox 160 508 1294 597; baseline 0.003 -27"><span class='ocrx_word' id='word_1_3' title='bbox 160 508 324 592; x_wconf 77' lang='lat' dir='ltr'>plectitur,</span> <span class='ocrx_word' id='word_1_4' title='bbox 357 533 493 596; x_wconf 89' lang='lat' dir='ltr'><strong>quarum</strong></span> <span class='ocrx_word' id='word_1_5' title='bbox 523 513 629 597; x_wconf 90' lang='lat' dir='ltr'><strong>priore</strong></span> <span class='ocrx_word' id='word_1_6' title='bbox 656 517 845 576; x_wconf 78' lang='lat' dir='ltr'><strong>enarrantur</strong></span> <span class='ocrx_word' id='word_1_7' title='bbox 874 531 988 575; x_wconf 87' lang='lat' dir='ltr'><strong>causae</strong></span> <span class='ocrx_word' id='word_1_8' title='bbox 1014 510 1128 595; x_wconf 88' lang='lat' dir='ltr'><strong>quibus</strong></span> <span class='ocrx_word' id='word_1_9' title='bbox 1157 511 1294 595; x_wconf 90' lang='lat' dir='ltr'><strong>populus</strong></span> 
     </span>
     <span class='ocr_line' id='line_1_3' title="bbox 159 606 1295 700; baseline 0.004 -26"><span class='ocrx_word' id='word_1_10' title='bbox 159 613 197 674; x_wconf 91' lang='lat' dir='ltr'><strong>ad</strong></span> <span class='ocrx_word' id='word_1_11' title='bbox 224 634 262 675; x_wconf 90' lang='lat' dir='ltr'><strong>ea</strong></span> <span class='ocrx_word' id='word_1_12' title='bbox 286 635 368 698; x_wconf 89' lang='lat' dir='ltr'><strong>quae</strong></span> <span class='ocrx_word' id='word_1_13' title='bbox 392 616 422 680; x_wconf 92' lang='lat' dir='ltr'><strong>in</strong></span> <span class='ocrx_word' id='word_1_14' title='bbox 449 617 549 679; x_wconf 90' lang='lat' dir='ltr'><strong>altera</strong></span> <span class='ocrx_word' id='word_1_15' title='bbox 572 621 662 700; x_wconf 90' lang='lat' dir='ltr'><strong>parto</strong></span> <span class='ocrx_word' id='word_1_16' title='bbox 686 617 939 696; x_wconf 88' lang='lat' dir='ltr'><strong>constituuntur,</strong></span> <span class='ocrx_word' id='word_1_17' title='bbox 964 606 1137 678; x_wconf 88' lang='lat' dir='ltr'><strong>commotus</strong></span> <span class='ocrx_word' id='word_1_18' title='bbox 1160 616 1218 695; x_wconf 89' lang='lat' dir='ltr'><strong>sit,</strong></span> <span class='ocrx_word' id='word_1_19' title='bbox 1248 622 1295 679; x_wconf 90' lang='lat' dir='ltr'><strong>at·</strong></span> 
     </span>
     <span class='ocr_line' id='line_1_4' title="bbox 159 720 1166 803; baseline 0.002 -24"><span class='ocrx_word' id='word_1_20' title='bbox 159 737 220 799; x_wconf 92' lang='lat' dir='ltr'><strong>que</strong></span> <span class='ocrx_word' id='word_1_21' title='bbox 243 739 300 780; x_wconf 89' lang='lat' dir='ltr'><strong>cae</strong></span> <span class='ocrx_word' id='word_1_22' title='bbox 323 740 373 782; x_wconf 91' lang='lat' dir='ltr'><strong>res</strong></span> <span class='ocrx_word' id='word_1_23' title='bbox 396 731 507 802; x_wconf 87' lang='lat' dir='ltr'><strong>gestae</strong></span> <span class='ocrx_word' id='word_1_24' title='bbox 531 741 613 803; x_wconf 90' lang='lat' dir='ltr'><strong>quae</strong></span> <span class='ocrx_word' id='word_1_25' title='bbox 637 727 764 802; x_wconf 89' lang='lat' dir='ltr'><strong>pactum</strong></span> <span class='ocrx_word' id='word_1_26' title='bbox 789 720 891 802; x_wconf 88' lang='lat' dir='ltr'><strong>ipsum</strong></span> <span class='ocrx_word' id='word_1_27' title='bbox 916 727 1166 802; x_wconf 86' lang='lat' dir='ltr'><strong>praecesserunt.</strong></span> 
     </span>
    </p>

    <p class='ocr_par' dir='ltr' id='par_1_3' title="bbox 157 820 1296 2238">
     <span class='ocr_line' id='line_1_5' title="bbox 263 820 1296 906; baseline 0 -23"><span class='ocrx_word' id='word_1_28' title='bbox 263 820 510 906; x_wconf 81' lang='lat' dir='ltr'><strong>Smyrnaeorum</strong></span> <span class='ocrx_word' id='word_1_29' title='bbox 544 831 709 906; x_wconf 88' lang='lat' dir='ltr'><strong>praetores</strong></span> <span class='ocrx_word' id='word_1_30' title='bbox 741 821 894 906; x_wconf 89' lang='lat' dir='ltr'><strong>primurn,</strong></span> <span class='ocrx_word' id='word_1_31' title='bbox 934 843 1003 883; x_wconf 90' lang='lat' dir='ltr'><strong>cum</strong></span> <span class='ocrx_word' id='word_1_32' title='bbox 1037 827 1068 883; x_wconf 90' lang='lat' dir='ltr'><strong>et</strong></span> <span class='ocrx_word' id='word_1_33' title='bbox 1096 821 1232 884; x_wconf 89' lang='lat' dir='ltr'><strong>ciuitatis</strong></span> <span class='ocrx_word' id='word_1_34' title='bbox 1264 828 1296 886; x_wconf 93' lang='lat' dir='ltr'><strong>et</strong></span> 
     </span>
     <span class='ocr_line' id='line_1_6' title="bbox 159 925 1295 1011; baseline 0.002 -24"><span class='ocrx_word' id='word_1_35' title='bbox 159 925 282 988; x_wconf 78' lang='lat' dir='ltr'>Seleuci</span> <span class='ocrx_word' id='word_1_36' title='bbox 306 928 403 990; x_wconf 87' lang='lat' dir='ltr'><strong>robus</strong></span> <span class='ocrx_word' id='word_1_37' title='bbox 427 936 521 1011; x_wconf 88' lang='lat' dir='ltr'><strong>pacto</strong></span> <span class='ocrx_word' id='word_1_38' title='bbox 546 949 617 989; x_wconf 90' lang='lat' dir='ltr'><strong>curn</strong></span> <span class='ocrx_word' id='word_1_39' title='bbox 643 926 859 1007; x_wconf 85' lang='lat' dir='ltr'><strong>Magnetibus,</strong></span> <span class='ocrx_word' id='word_1_40' title='bbox 884 927 938 1010; x_wconf 91' lang='lat' dir='ltr'><strong>qui</strong></span> <span class='ocrx_word' id='word_1_41' title='bbox 962 947 980 988; x_wconf 94' lang='lat' dir='ltr'><strong>a</strong></span> <span class='ocrx_word' id='word_1_42' title='bbox 1004 947 1078 1009; x_wconf 90' lang='lat' dir='ltr'><strong>rege</strong></span> <span class='ocrx_word' id='word_1_43' title='bbox 1102 925 1295 1007; x_wconf 83' lang='lat' dir='ltr'><strong>defecerant,</strong></span> 
     </span>
     <span class='ocr_line' id='line_1_7' title="bbox 158 1030 1293 1115; baseline 0.001 -23"><span class='ocrx_word' id='word_1_44' title='bbox 158 1030 298 1095; x_wconf 90' lang='lat' dir='ltr'><strong>ineundo</strong></span> <span class='ocrx_word' id='word_1_45' title='bbox 335 1032 565 1096; x_wconf 89' lang='lat' dir='ltr'><strong>consulendum</strong></span> <span class='ocrx_word' id='word_1_46' title='bbox 601 1054 672 1095; x_wconf 90' lang='lat' dir='ltr'><strong>csse</strong></span> <span class='ocrx_word' id='word_1_47' title='bbox 707 1031 938 1109; x_wconf 89' lang='lat' dir='ltr'><strong>decreuissent,</strong></span> <span class='ocrx_word' id='word_1_48' title='bbox 980 1051 1043 1093; x_wconf 92' lang='lat' dir='ltr'><strong>unu</strong></span> <span class='ocrx_word' id='word_1_49' title='bbox 1079 1053 1119 1093; x_wconf 85' lang='lat' dir='ltr'><strong>ex</strong></span> <span class='ocrx_word' id='word_1_50' title='bbox 1153 1031 1293 1115; x_wconf 91' lang='lat' dir='ltr'><strong>ipsorum</strong></span> 
     </span>
     <span class='ocr_line' id='line_1_8' title="bbox 158 1135 1294 1219; baseline 0.001 -23"><span class='ocrx_word' id='word_1_51' title='bbox 158 1156 289 1199; x_wconf 90' lang='lat' dir='ltr'><strong>numero</strong></span> <span class='ocrx_word' id='word_1_52' title='bbox 315 1136 353 1198; x_wconf 90' lang='lat' dir='ltr'><strong>ad</strong></span> <span class='ocrx_word' id='word_1_53' title='bbox 374 1136 444 1199; x_wconf 92' lang='lat' dir='ltr'><strong>illus</strong></span> <span class='ocrx_word' id='word_1_54' title='bbox 459 1137 566 1215; x_wconf 90' lang='lat' dir='ltr'><strong>misso,</strong></span> <span class='ocrx_word' id='word_1_55' title='bbox 590 1136 657 1201; x_wconf 85' lang='lat' dir='ltr'><strong>fure</strong></span> <span class='ocrx_word' id='word_1_56' title='bbox 676 1143 711 1199; x_wconf 88' lang='lat' dir='ltr'><strong>ut</strong></span> <span class='ocrx_word' id='word_1_57' title='bbox 728 1135 895 1198; x_wconf 91' lang='lat' dir='ltr'><strong>commoda</strong></span> <span class='ocrx_word' id='word_1_58' title='bbox 915 1135 1071 1219; x_wconf 86' lang='lat' dir='ltr'><strong>quaedam</strong></span> <span class='ocrx_word' id='word_1_59' title='bbox 1088 1142 1119 1198; x_wconf 87' lang='lat' dir='ltr'><strong>al</strong></span> <span class='ocrx_word' id='word_1_60' title='bbox 1135 1156 1154 1198; x_wconf 89' lang='lat' dir='ltr'><strong>a</strong></span> <span class='ocrx_word' id='word_1_61' title='bbox 1171 1156 1246 1217; x_wconf 87' lang='lat' dir='ltr'><strong>rege</strong></span> <span class='ocrx_word' id='word_1_62' title='bbox 1262 1144 1294 1197; x_wconf 90' lang='lat' dir='ltr'><strong>ct</strong></span> 
     </span>
     <span class='ocr_line' id='line_1_9' title="bbox 159 1239 1293 1323; baseline 0.001 -24"><span class='ocrx_word' id='word_1_63' title='bbox 159 1259 177 1299; x_wconf 91' lang='lat' dir='ltr'><strong>a</strong></span> <span class='ocrx_word' id='word_1_64' title='bbox 194 1239 322 1303; x_wconf 89' lang='lat' dir='ltr'><strong>ciuitate</strong></span> <span class='ocrx_word' id='word_1_65' title='bbox 339 1241 385 1303; x_wconf 90' lang='lat' dir='ltr'><strong>eis</strong></span> <span class='ocrx_word' id='word_1_66' title='bbox 405 1239 655 1304; x_wconf 77' lang='lat' dir='ltr'><strong>concederentur</strong></span> <span class='ocrx_word' id='word_1_67' title='bbox 673 1239 897 1323; x_wconf 85' lang='lat' dir='ltr'><strong>promiserunt,</strong></span> <span class='ocrx_word' id='word_1_68' title='bbox 914 1239 940 1301; x_wconf 88' lang='lat' dir='ltr'><strong>si</strong></span> <span class='ocrx_word' id='word_1_69' title='bbox 956 1240 987 1302; x_wconf 93' lang='lat' dir='ltr'><strong>in</strong></span> <span class='ocrx_word' id='word_1_70' title='bbox 1002 1239 1086 1303; x_wconf 89' lang='lat' dir='ltr'><strong>illins</strong></span> <span class='ocrx_word' id='word_1_71' title='bbox 1104 1244 1293 1322; x_wconf 88' lang='lat' dir='ltr'><strong>potestatem</strong></span> 
     </span>
     <span class='ocr_line' id='line_1_10' title="bbox 159 1341 1294 1428; baseline 0.001 -25"><span class='ocrx_word' id='word_1_72' title='bbox 159 1343 264 1404; x_wconf 90' lang='lat' dir='ltr'><strong>uoloni</strong></span> <span class='ocrx_word' id='word_1_73' title='bbox 291 1350 543 1422; x_wconf 87' lang='lat' dir='ltr'><strong>reuerterentur,</strong></span> <span class='ocrx_word' id='word_1_74' title='bbox 575 1343 696 1406; x_wconf 88' lang='lat' dir='ltr'><strong>scilicut</strong></span> <span class='ocrx_word' id='word_1_75' title='bbox 719 1341 911 1428; x_wconf 82' lang='lat' dir='ltr'><strong>Smyrnaeus</strong></span> <span class='ocrx_word' id='word_1_76' title='bbox 936 1343 966 1404; x_wconf 90' lang='lat' dir='ltr'><strong>in</strong></span> <span class='ocrx_word' id='word_1_77' title='bbox 992 1342 1152 1405; x_wconf 88' lang='lat' dir='ltr'><strong>ciuitatem</strong></span> <span class='ocrx_word' id='word_1_78' title='bbox 1170 1364 1224 1406; x_wconf 91' lang='lat' dir='ltr'><strong>eos</strong></span> <span class='ocrx_word' id='word_1_79' title='bbox 1247 1362 1294 1405; x_wconf 89' lang='lat' dir='ltr'><strong>re·</strong></span> 
     </span>
     <span class='ocr_line' id='line_1_11' title="bbox 159 1446 1294 1532; baseline 0.002 -24"><span class='ocrx_word' id='word_1_80' title='bbox 159 1454 306 1530; x_wconf 87' lang='lat' dir='ltr'><strong>cepturos</strong></span> <span class='ocrx_word' id='word_1_81' title='bbox 331 1457 362 1511; x_wconf 88' lang='lat' dir='ltr'><strong>et</strong></span> <span class='ocrx_word' id='word_1_82' title='bbox 384 1470 403 1511; x_wconf 89' lang='lat' dir='ltr'><strong>a</strong></span> <span class='ocrx_word' id='word_1_83' title='bbox 427 1469 504 1532; x_wconf 86' lang='lat' dir='ltr'><strong>rege</strong></span> <span class='ocrx_word' id='word_1_84' title='bbox 533 1449 759 1532; x_wconf 87' lang='lat' dir='ltr'><strong>impetraturos</strong></span> <span class='ocrx_word' id='word_1_85' title='bbox 791 1468 871 1528; x_wconf 85' lang='lat' dir='ltr'><strong>esse,</strong></span> <span class='ocrx_word' id='word_1_86' title='bbox 902 1455 936 1510; x_wconf 91' lang='lat' dir='ltr'><strong>ut</strong></span> <span class='ocrx_word' id='word_1_87' title='bbox 960 1467 1109 1529; x_wconf 90' lang='lat' dir='ltr'><strong>agrorum</strong></span> <span class='ocrx_word' id='word_1_88' title='bbox 1136 1446 1294 1530; x_wconf 77' lang='lat' dir='ltr'><strong>possessio</strong></span> 
     </span>
     <span class='ocr_line' id='line_1_12' title="bbox 159 1550 1294 1636; baseline 0.001 -25"><span class='ocrx_word' id='word_1_89' title='bbox 159 1551 255 1612; x_wconf 90' lang='lat' dir='ltr'><strong>etiam</strong></span> <span class='ocrx_word' id='word_1_90' title='bbox 279 1551 405 1616; x_wconf 89' lang='lat' dir='ltr'><strong>sublata</strong></span> <span class='ocrx_word' id='word_1_91' title='bbox 435 1553 562 1616; x_wconf 90' lang='lat' dir='ltr'><strong>colonia</strong></span> <span class='ocrx_word' id='word_1_92' title='bbox 595 1553 639 1615; x_wconf 87' lang='lat' dir='ltr'><strong>eis</strong></span> <span class='ocrx_word' id='word_1_93' title='bbox 672 1552 921 1617; x_wconf 81' lang='lat' dir='ltr'><strong>confirmaretur.</strong></span> <span class='ocrx_word' id='word_1_94' title='bbox 974 1550 1087 1636; x_wconf 85' lang='lat' dir='ltr'><strong>Neque</strong></span> <span class='ocrx_word' id='word_1_95' title='bbox 1116 1551 1294 1633; x_wconf 82' lang='lat' dir='ltr'><strong>Magnetes,</strong></span> 
     </span>
     <span class='ocr_line' id='line_1_13' title="bbox 158 1654 1293 1741; baseline 0.001 -25"><span class='ocrx_word' id='word_1_96' title='bbox 158 1655 250 1718; x_wconf 90' lang='lat' dir='ltr'><strong>sociis</strong></span> <span class='ocrx_word' id='word_1_97' title='bbox 274 1664 340 1719; x_wconf 90' lang='lat' dir='ltr'><strong>tum</strong></span> <span class='ocrx_word' id='word_1_98' title='bbox 364 1657 517 1741; x_wconf 90' lang='lat' dir='ltr'><strong>temporis</strong></span> <span class='ocrx_word' id='word_1_99' title='bbox 540 1663 694 1741; x_wconf 88' lang='lat' dir='ltr'><strong>quantum</strong></span> <span class='ocrx_word' id='word_1_100' title='bbox 719 1657 890 1720; x_wconf 84' lang='lat' dir='ltr'><strong>uerisimile</strong></span> <span class='ocrx_word' id='word_1_101' title='bbox 917 1666 966 1721; x_wconf 89' lang='lat' dir='ltr'><strong>est</strong></span> <span class='ocrx_word' id='word_1_102' title='bbox 988 1655 1132 1719; x_wconf 91' lang='lat' dir='ltr'><strong>destituti</strong></span> <span class='ocrx_word' id='word_1_103' title='bbox 1156 1654 1201 1738; x_wconf 82' lang='lat' dir='ltr'><strong>(p.</strong></span> <span class='ocrx_word' id='word_1_104' title='bbox 1227 1657 1293 1733; x_wconf 76' lang='lat' dir='ltr'><strong>iti),</strong></span> 
     </span>
     <span class='ocr_line' id='line_1_14' title="bbox 160 1755 1293 1844; baseline 0.004 -27"><span class='ocrx_word' id='word_1_105' title='bbox 160 1755 237 1821; x_wconf 90' lang='lat' dir='ltr'><strong>haec</strong></span> <span class='ocrx_word' id='word_1_106' title='bbox 260 1760 424 1844; x_wconf 85' lang='lat' dir='ltr'><strong>proposita</strong></span> <span class='ocrx_word' id='word_1_107' title='bbox 447 1762 635 1835; x_wconf 86' lang='lat' dir='ltr'><strong>reiecerunt,</strong></span> <span class='ocrx_word' id='word_1_108' title='bbox 659 1761 714 1824; x_wconf 89' lang='lat' dir='ltr'><strong>scd</strong></span> <span class='ocrx_word' id='word_1_109' title='bbox 739 1761 836 1841; x_wconf 88' lang='lat' dir='ltr'><strong>legati</strong></span> <span class='ocrx_word' id='word_1_110' title='bbox 853 1768 999 1844; x_wconf 90' lang='lat' dir='ltr'><strong>quattuor</strong></span> <span class='ocrx_word' id='word_1_111' title='bbox 1016 1760 1181 1844; x_wconf 84' lang='lat' dir='ltr'><strong>Smyrnam</strong></span> <span class='ocrx_word' id='word_1_112' title='bbox 1206 1758 1293 1822; x_wconf 91' lang='lat' dir='ltr'><strong>missi</strong></span> 
     </span>
     <span class='ocr_line' id='line_1_15' title="bbox 158 1864 1294 1949; baseline 0.002 -26"><span class='ocrx_word' id='word_1_113' title='bbox 158 1870 243 1943; x_wconf 84' lang='lat' dir='ltr'><strong>sunt,</strong></span> <span class='ocrx_word' id='word_1_114' title='bbox 268 1864 320 1948; x_wconf 95' lang='lat' dir='ltr'><strong>qui</strong></span> <span class='ocrx_word' id='word_1_115' title='bbox 345 1869 376 1926; x_wconf 87' lang='lat' dir='ltr'><strong>et</strong></span> <span class='ocrx_word' id='word_1_116' title='bbox 399 1864 602 1929; x_wconf 79' lang='lat' dir='ltr'><strong>condiciones</strong></span> <span class='ocrx_word' id='word_1_117' title='bbox 627 1864 829 1949; x_wconf 88' lang='lat' dir='ltr'><strong>sympolitiae</strong></span> <span class='ocrx_word' id='word_1_118' title='bbox 853 1864 1012 1928; x_wconf 89' lang='lat' dir='ltr'><strong>ineundae</strong></span> <span class='ocrx_word' id='word_1_119' title='bbox 1037 1864 1170 1948; x_wconf 88' lang='lat' dir='ltr'><strong>scriptas</strong></span> <span class='ocrx_word' id='word_1_120' title='bbox 1186 1880 1294 1926; x_wconf 90' lang='lat' dir='ltr'><strong>secum</strong></span> 
     </span>
     <span class='ocr_line' id='line_1_16' title="bbox 159 1967 1293 2054; baseline 0.002 -27"><span class='ocrx_word' id='word_1_121' title='bbox 159 1967 310 2035; x_wconf 75' lang='lat' dir='ltr'><strong>tulerunt,</strong></span> <span class='ocrx_word' id='word_1_122' title='bbox 336 1974 367 2032; x_wconf 88' lang='lat' dir='ltr'><strong>ct</strong></span> <span class='ocrx_word' id='word_1_123' title='bbox 390 1970 496 2033; x_wconf 90' lang='lat' dir='ltr'><strong>uerbis</strong></span> <span class='ocrx_word' id='word_1_124' title='bbox 512 1991 583 2033; x_wconf 92' lang='lat' dir='ltr'><strong>cum</strong></span> <span class='ocrx_word' id='word_1_125' title='bbox 600 1969 720 2054; x_wconf 90' lang='lat' dir='ltr'><strong>populo</strong></span> <span class='ocrx_word' id='word_1_126' title='bbox 744 1968 784 2031; x_wconf 93' lang='lat' dir='ltr'><strong>de</strong></span> <span class='ocrx_word' id='word_1_127' title='bbox 807 1970 852 2032; x_wconf 93' lang='lat' dir='ltr'><strong>eis</strong></span> <span class='ocrx_word' id='word_1_128' title='bbox 869 1975 1013 2052; x_wconf 89' lang='lat' dir='ltr'><strong>egerunt.</strong></span> <span class='ocrx_word' id='word_1_129' title='bbox 1050 1967 1131 2031; x_wconf 86' lang='lat' dir='ltr'><strong>Tum</strong></span> <span class='ocrx_word' id='word_1_130' title='bbox 1149 1990 1167 2031; x_wconf 90' lang='lat' dir='ltr'><strong>a</strong></span> <span class='ocrx_word' id='word_1_131' title='bbox 1185 1967 1293 2052; x_wconf 90' lang='lat' dir='ltr'><strong>Smyr·</strong></span> 
     </span>
     <span class='ocr_line' id='line_1_17' title="bbox 157 2068 1294 2156; baseline 0.002 -25"><span class='ocrx_word' id='word_1_132' title='bbox 157 2069 245 2132; x_wconf 85' lang='lat' dir='ltr'><strong>neeis</strong></span> <span class='ocrx_word' id='word_1_133' title='bbox 267 2068 328 2134; x_wconf 90' lang='lat' dir='ltr'><strong>hoc</strong></span> <span class='ocrx_word' id='word_1_134' title='bbox 351 2072 457 2156; x_wconf 88' lang='lat' dir='ltr'><strong>populi</strong></span> <span class='ocrx_word' id='word_1_135' title='bbox 474 2073 588 2136; x_wconf 90' lang='lat' dir='ltr'><strong>scitum</strong></span> <span class='ocrx_word' id='word_1_136' title='bbox 610 2072 801 2151; x_wconf 86' lang='lat' dir='ltr'><strong>factumest,</strong></span> <span class='ocrx_word' id='word_1_137' title='bbox 827 2074 914 2135; x_wconf 90' lang='lat' dir='ltr'><strong>cuius</strong></span> <span class='ocrx_word' id='word_1_138' title='bbox 930 2071 960 2135; x_wconf 89' lang='lat' dir='ltr'><strong>in</strong></span> <span class='ocrx_word' id='word_1_139' title='bbox 984 2072 1085 2137; x_wconf 87' lang='lat' dir='ltr'><strong>altera</strong></span> <span class='ocrx_word' id='word_1_140' title='bbox 1103 2078 1192 2156; x_wconf 87' lang='lat' dir='ltr'><strong>parte</strong></span> <span class='ocrx_word' id='word_1_141' title='bbox 1214 2071 1294 2134; x_wconf 88' lang='lat' dir='ltr'><strong>haec</strong></span> 
     </span>
     <span class='ocr_line' id='line_1_18' title="bbox 159 2170 389 2238; baseline -0.004 -5"><span class='ocrx_word' id='word_1_142' title='bbox 159 2170 389 2238; x_wconf 90' lang='lat' dir='ltr'><strong>decernuntur:</strong></span> 
     </span>
    </p>

    <p class='ocr_par' dir='ltr' id='par_1_4' title="bbox 205 2278 1292 2570">
     <span class='ocr_line' id='line_1_19' title="bbox 205 2278 1292 2365; baseline -0.002 -24"><span class='ocrx_word' id='word_1_143' title='bbox 205 2282 238 2354; x_wconf 84' lang='lat'><strong>1)</strong></span> <span class='ocrx_word' id='word_1_144' title='bbox 264 2287 299 2342; x_wconf 90' lang='lat' dir='ltr'><strong>ut</strong></span> <span class='ocrx_word' id='word_1_145' title='bbox 333 2280 471 2362; x_wconf 91' lang='lat' dir='ltr'><strong>populus</strong></span> <span class='ocrx_word' id='word_1_146' title='bbox 504 2280 751 2365; x_wconf 88' lang='lat' dir='ltr'><strong>Smyrnaeorum</strong></span> <span class='ocrx_word' id='word_1_147' title='bbox 782 2301 854 2344; x_wconf 91' lang='lat' dir='ltr'><strong>cum</strong></span> <span class='ocrx_word' id='word_1_148' title='bbox 884 2281 1089 2364; x_wconf 81' lang='lat' dir='ltr'><strong>Magnetibus</strong></span> <span class='ocrx_word' id='word_1_149' title='bbox 1123 2278 1292 2342; x_wconf 88' lang='lat' dir='ltr'><strong>amicitiam</strong></span> 
     </span>
     <span class='ocr_line' id='line_1_20' title="bbox 261 2383 1292 2468; baseline 0.001 -23"><span class='ocrx_word' id='word_1_150' title='bbox 261 2383 420 2466; x_wconf 88' lang='lat' dir='ltr'><strong>publicam</strong></span> <span class='ocrx_word' id='word_1_151' title='bbox 444 2383 541 2448; x_wconf 84' lang='lat' dir='ltr'><strong>faciat</strong></span> <span class='ocrx_word' id='word_1_152' title='bbox 563 2386 623 2465; x_wconf 87' lang='lat' dir='ltr'><strong>ita,</strong></span> <span class='ocrx_word' id='word_1_153' title='bbox 656 2391 691 2448; x_wconf 93' lang='lat' dir='ltr'><strong>ut</strong></span> <span class='ocrx_word' id='word_1_154' title='bbox 720 2405 738 2448; x_wconf 92' lang='lat' dir='ltr'><strong>e</strong></span> <span class='ocrx_word' id='word_1_155' title='bbox 766 2386 860 2449; x_wconf 88' lang='lat' dir='ltr'><strong>rebus</strong></span> <span class='ocrx_word' id='word_1_156' title='bbox 884 2385 1008 2449; x_wconf 89' lang='lat' dir='ltr'><strong>Seleuci</strong></span> <span class='ocrx_word' id='word_1_157' title='bbox 1038 2385 1123 2468; x_wconf 90' lang='lat' dir='ltr'><strong>regis</strong></span> <span class='ocrx_word' id='word_1_158' title='bbox 1154 2384 1292 2447; x_wconf 83' lang='lat' dir='ltr'><strong>maxime</strong></span> 
     </span>
     <span class='ocr_line' id='line_1_21' title="bbox 268 2487 521 2570; baseline 0.008 -21"><span class='ocrx_word' id='word_1_159' title='bbox 268 2508 337 2550; x_wconf 90' lang='lat' dir='ltr'><strong>esse</strong></span> <span class='ocrx_word' id='word_1_160' title='bbox 360 2487 521 2570; x_wconf 83' lang='lat' dir='ltr'><strong>uideatur3</strong></span> 
     </span>
    </p>

    <p class='ocr_par' dir='ltr' id='par_1_5' title="bbox 202 2591 1291 2781">
     <span class='ocr_line' id='line_1_22' title="bbox 202 2591 1291 2676; baseline -0.001 -22"><span class='ocrx_word' id='word_1_161' title='bbox 202 2591 235 2672; x_wconf 83' lang='lat'><strong>2)</strong></span> <span class='ocrx_word' id='word_1_162' title='bbox 260 2600 295 2655; x_wconf 94' lang='lat' dir='ltr'><strong>ut</strong></span> <span class='ocrx_word' id='word_1_163' title='bbox 330 2594 414 2676; x_wconf 91' lang='lat' dir='ltr'><strong>pacti</strong></span> <span class='ocrx_word' id='word_1_164' title='bbox 448 2593 648 2658; x_wconf 91' lang='lat' dir='ltr'><strong>condiciones</strong></span> <span class='ocrx_word' id='word_1_165' title='bbox 683 2591 822 2676; x_wconf 83' lang='lat' dir='ltr'><strong>(ratione</strong></span> <span class='ocrx_word' id='word_1_166' title='bbox 855 2592 963 2658; x_wconf 87' lang='lat' dir='ltr'><strong>habita</strong></span> <span class='ocrx_word' id='word_1_167' title='bbox 997 2592 1145 2656; x_wconf 88' lang='lat' dir='ltr'><strong>nimirum</strong></span> <span class='ocrx_word' id='word_1_168' title='bbox 1184 2611 1291 2655; x_wconf 89' lang='lat' dir='ltr'><strong>carum</strong></span> 
     </span>
     <span class='ocr_line' id='line_1_23' title="bbox 264 2698 1122 2781; baseline 0.002 -23"><span class='ocrx_word' id='word_1_169' title='bbox 264 2717 342 2780; x_wconf 87' lang='lat' dir='ltr'><strong>quas</strong></span> <span class='ocrx_word' id='word_1_170' title='bbox 366 2698 464 2781; x_wconf 85' lang='lat' dir='ltr'><strong>legati</strong></span> <span class='ocrx_word' id='word_1_171' title='bbox 490 2700 675 2781; x_wconf 79' lang='lat' dir='ltr'><strong>Magnetum</strong></span> <span class='ocrx_word' id='word_1_172' title='bbox 700 2699 892 2777; x_wconf 89' lang='lat' dir='ltr'><strong>obtulerant)</strong></span> <span class='ocrx_word' id='word_1_173' title='bbox 917 2699 1122 2776; x_wconf 79' lang='lat' dir='ltr'><strong>constituut¹3</strong></span> 
     </span>
    </p>

    <p class='ocr_par' dir='ltr' id='par_1_6' title="bbox 202 2799 1292 2886">
     <span class='ocr_line' id='line_1_24' title="bbox 202 2799 1292 2886; baseline -0.003 -23"><span class='ocrx_word' id='word_1_174' title='bbox 202 2799 235 2879; x_wconf 78' lang='lat' dir='ltr'><strong>a)</strong></span> <span class='ocrx_word' id='word_1_175' title='bbox 261 2805 295 2862; x_wconf 90' lang='lat' dir='ltr'><strong>ut</strong></span> <span class='ocrx_word' id='word_1_176' title='bbox 316 2801 413 2883; x_wconf 87' lang='lat' dir='ltr'><strong>legati</strong></span> <span class='ocrx_word' id='word_1_177' title='bbox 437 2809 500 2864; x_wconf 88' lang='lat' dir='ltr'><strong>tres</strong></span> <span class='ocrx_word' id='word_1_178' title='bbox 517 2802 713 2884; x_wconf 90' lang='lat' dir='ltr'><strong>Magnesiam</strong></span> <span class='ocrx_word' id='word_1_179' title='bbox 737 2804 911 2875; x_wconf 83' lang='lat' dir='ltr'><strong>mittentur,</strong></span> <span class='ocrx_word' id='word_1_180' title='bbox 934 2803 987 2886; x_wconf 90' lang='lat' dir='ltr'><strong>qui</strong></span> <span class='ocrx_word' id='word_1_181' title='bbox 1004 2802 1123 2866; x_wconf 88' lang='lat' dir='ltr'><strong>colonis</strong></span> <span class='ocrx_word' id='word_1_182' title='bbox 1147 2820 1201 2864; x_wconf 88' lang='lat' dir='ltr'><strong>eas</strong></span> <span class='ocrx_word' id='word_1_183' title='bbox 1218 2818 1292 2862; x_wconf 87' lang='lat' dir='ltr'><strong>con·</strong></span> 
     </span>
    </p>
   </div>
   <div class='ocr_carea' id='block_1_3' title="bbox 157 2933 363 2940">
    <p class='ocr_par' dir='ltr' id='par_1_7' title="bbox 157 2933 363 2940">
     <span class='ocr_line' id='line_1_25' title="bbox 157 2933 363 2940; baseline 0 0"><span class='ocrx_word' id='word_1_184' title='bbox 157 2933 363 2940; x_wconf 43' lang='grc' dir='ltr'><strong>-κ--ψψ</strong></span> 
     </span>
    </p>
   </div>
   <div class='ocr_carea' id='block_1_4' title="bbox 157 2991 1292 4450">
    <p class='ocr_par' dir='ltr' id='par_1_8' title="bbox 157 2991 1292 4450">
     <span class='ocr_line' id='line_1_26' title="bbox 263 2991 1291 3065; baseline -0.001 -21"><span class='ocrx_word' id='word_1_185' title='bbox 263 2997 270 3028; x_wconf 87' lang='lat'><strong>¹</strong></span> <span class='ocrx_word' id='word_1_186' title='bbox 290 2993 321 3043; x_wconf 83' lang='lat' dir='ltr'><strong>V.</strong></span> <span class='ocrx_word' id='word_1_187' title='bbox 332 2991 379 3046; x_wconf 66' lang='lat'><strong>25:</strong></span> <span class='ocrx_word' id='word_1_188' title='bbox 394 2995 441 3061; x_wconf 61' lang='grc' dir='ltr'><strong>τήν</strong></span> <span class='ocrx_word' id='word_1_189' title='bbox 453 2993 585 3065; x_wconf 62' lang='grc' dir='ltr'><em>ὁμολογίαν</em></span> <span class='ocrx_word' id='word_1_190' title='bbox 594 3003 646 3062; x_wconf 66' lang='grc' dir='ltr'><strong>ἥτις</strong></span> <span class='ocrx_word' id='word_1_191' title='bbox 659 2997 688 3048; x_wconf 72' lang='grc' dir='ltr'><strong>ἂν</strong></span> <span class='ocrx_word' id='word_1_192' title='bbox 700 2996 766 3061; x_wconf 65' lang='grc' dir='ltr'><em>δόξαι</em></span> <span class='ocrx_word' id='word_1_193' title='bbox 779 2997 823 3047; x_wconf 74' lang='grc' dir='ltr'><strong>τῶι</strong></span> <span class='ocrx_word' id='word_1_194' title='bbox 836 2997 925 3062; x_wconf 60' lang='grc' dir='ltr'><em>δήμων.</em></span> <span class='ocrx_word' id='word_1_195' title='bbox 945 2993 1108 3062; x_wconf 85' lang='lat' dir='ltr'><strong>Smyrnaeus</strong></span> <span class='ocrx_word' id='word_1_196' title='bbox 1122 2993 1195 3060; x_wconf 90' lang='lat' dir='ltr'><strong>pacti</strong></span> <span class='ocrx_word' id='word_1_197' title='bbox 1206 2992 1291 3043; x_wconf 88' lang='lat' dir='ltr'><strong>uerba</strong></span> 
     </span>
     <span class='ocr_line' id='line_1_27' title="bbox 160 3079 1292 3149; baseline 0.001 -19"><span class='ocrx_word' id='word_1_198' title='bbox 160 3079 342 3145; x_wconf 88' lang='lat' dir='ltr'><strong>constituisse,</strong></span> <span class='ocrx_word' id='word_1_199' title='bbox 362 3080 395 3132; x_wconf 88' lang='lat' dir='ltr'><strong>ab</strong></span> <span class='ocrx_word' id='word_1_200' title='bbox 423 3081 477 3132; x_wconf 86' lang='lat' dir='ltr'><strong>illis</strong></span> <span class='ocrx_word' id='word_1_201' title='bbox 498 3083 648 3133; x_wconf 87' lang='lat' dir='ltr'><strong>constituta</strong></span> <span class='ocrx_word' id='word_1_202' title='bbox 668 3082 811 3149; x_wconf 83' lang='lat' dir='ltr'><strong>Magnetes</strong></span> <span class='ocrx_word' id='word_1_203' title='bbox 830 3083 1032 3148; x_wconf 81' lang='lat' dir='ltr'><strong>comprobasse,</strong></span> <span class='ocrx_word' id='word_1_204' title='bbox 1050 3082 1168 3147; x_wconf 88' lang='lat' dir='ltr'><strong>uestigia</strong></span> <span class='ocrx_word' id='word_1_205' title='bbox 1185 3081 1212 3132; x_wconf 90' lang='lat' dir='ltr'><strong>in</strong></span> <span class='ocrx_word' id='word_1_206' title='bbox 1233 3081 1292 3147; x_wconf 90' lang='lat' dir='ltr'><strong>ipso</strong></span> 
     </span>
     <span class='ocr_line' id='line_1_28' title="bbox 160 3167 1292 3233; baseline 0.001 -17"><span class='ocrx_word' id='word_1_207' title='bbox 160 3171 240 3231; x_wconf 88' lang='lat' dir='ltr'><strong>pacto</strong></span> <span class='ocrx_word' id='word_1_208' title='bbox 266 3173 382 3218; x_wconf 81' lang='lat' dir='ltr'><strong>exstant.</strong></span> <span class='ocrx_word' id='word_1_209' title='bbox 425 3168 494 3219; x_wconf 87' lang='lat' dir='ltr'><strong>Nam</strong></span> <span class='ocrx_word' id='word_1_210' title='bbox 519 3167 730 3231; x_wconf 79' lang='lat' dir='ltr'><strong>Smyrnaeorum</strong></span> <span class='ocrx_word' id='word_1_211' title='bbox 754 3170 961 3233; x_wconf 85' lang='lat' dir='ltr'><strong>magistratuum</strong></span> <span class='ocrx_word' id='word_1_212' title='bbox 987 3169 1096 3219; x_wconf 89' lang='lat' dir='ltr'><strong>nomina</strong></span> <span class='ocrx_word' id='word_1_213' title='bbox 1122 3167 1292 3232; x_wconf 86' lang='lat' dir='ltr'><strong>praescripta</strong></span> 
     </span>
     <span class='ocr_line' id='line_1_29' title="bbox 157 3252 1290 3322; baseline -0.001 -18"><span class='ocrx_word' id='word_1_214' title='bbox 157 3259 228 3307; x_wconf 72' lang='lat' dir='ltr'><strong>scrut.</strong></span> <span class='ocrx_word' id='word_1_215' title='bbox 266 3253 372 3306; x_wconf 88' lang='lat' dir='ltr'><strong>Deinde</strong></span> <span class='ocrx_word' id='word_1_216' title='bbox 392 3271 461 3322; x_wconf 88' lang='lat' dir='ltr'><strong>quac</strong></span> <span class='ocrx_word' id='word_1_217' title='bbox 482 3254 515 3304; x_wconf 93' lang='lat' dir='ltr'><strong>da</strong></span> <span class='ocrx_word' id='word_1_218' title='bbox 535 3256 721 3319; x_wconf 89' lang='lat' dir='ltr'><strong>comparanda</strong></span> <span class='ocrx_word' id='word_1_219' title='bbox 746 3256 837 3306; x_wconf 85' lang='lat' dir='ltr'><strong>hostia</strong></span> <span class='ocrx_word' id='word_1_220' title='bbox 863 3256 897 3307; x_wconf 90' lang='lat' dir='ltr'><strong>ad</strong></span> <span class='ocrx_word' id='word_1_221' title='bbox 922 3257 1065 3306; x_wconf 84' lang='lat' dir='ltr'><strong>sollemnia</strong></span> <span class='ocrx_word' id='word_1_222' title='bbox 1091 3255 1157 3305; x_wconf 90' lang='lat' dir='ltr'><strong>iuris</strong></span> <span class='ocrx_word' id='word_1_223' title='bbox 1182 3252 1290 3305; x_wconf 90' lang='lat' dir='ltr'><strong>iurandi</strong></span> 
     </span>
     <span class='ocr_line' id='line_1_30' title="bbox 159 3339 1290 3407; baseline -0.001 -16"><span class='ocrx_word' id='word_1_224' title='bbox 159 3339 330 3391; x_wconf 82' lang='lat' dir='ltr'><strong>conficienda</strong></span> <span class='ocrx_word' id='word_1_225' title='bbox 344 3341 369 3391; x_wconf 90' lang='lat' dir='ltr'><strong>in</strong></span> <span class='ocrx_word' id='word_1_226' title='bbox 384 3340 399 3405; x_wconf 66' lang='grc' dir='ltr'><strong><em>ξ</em></strong></span> <span class='ocrx_word' id='word_1_227' title='bbox 415 3340 446 3393; x_wconf 83' lang='lat'><strong>13</strong></span> <span class='ocrx_word' id='word_1_228' title='bbox 464 3341 549 3392; x_wconf 87' lang='lat' dir='ltr'><strong>uerba</strong></span> <span class='ocrx_word' id='word_1_229' title='bbox 562 3341 638 3405; x_wconf 87' lang='lat' dir='ltr'><strong>liunt,</strong></span> <span class='ocrx_word' id='word_1_230' title='bbox 658 3340 692 3391; x_wconf 91' lang='lat' dir='ltr'><strong>ad</strong></span> <span class='ocrx_word' id='word_1_231' title='bbox 712 3358 755 3392; x_wconf 85' lang='lat' dir='ltr'><strong>rea</strong></span> <span class='ocrx_word' id='word_1_232' title='bbox 769 3342 980 3407; x_wconf 83' lang='lat' dir='ltr'><strong>Smyrnaeorum</strong></span> <span class='ocrx_word' id='word_1_233' title='bbox 999 3346 1139 3406; x_wconf 88' lang='lat' dir='ltr'><strong>spactant:</strong></span> <span class='ocrx_word' id='word_1_234' title='bbox 1159 3356 1213 3391; x_wconf 90' lang='lat' dir='ltr'><strong>uon</strong></span> <span class='ocrx_word' id='word_1_235' title='bbox 1227 3340 1290 3390; x_wconf 89' lang='lat' dir='ltr'><strong>item</strong></span> 
     </span>
     <span class='ocr_line' id='line_1_31' title="bbox 158 3425 1291 3492; baseline 0 -15"><span class='ocrx_word' id='word_1_236' title='bbox 158 3425 192 3477; x_wconf 88' lang='lat' dir='ltr'><strong>de</strong></span> <span class='ocrx_word' id='word_1_237' title='bbox 212 3427 366 3489; x_wconf 78' lang='lat' dir='ltr'><strong>Magnetum</strong></span> <span class='ocrx_word' id='word_1_238' title='bbox 386 3427 475 3479; x_wconf 87' lang='lat' dir='ltr'><strong>lrostia</strong></span> <span class='ocrx_word' id='word_1_239' title='bbox 493 3429 634 3491; x_wconf 79' lang='lat' dir='ltr'><strong>statuitur,</strong></span> <span class='ocrx_word' id='word_1_240' title='bbox 662 3428 710 3479; x_wconf 87' lang='lat' dir='ltr'><strong>sed</strong></span> <span class='ocrx_word' id='word_1_241' title='bbox 731 3428 764 3479; x_wconf 92' lang='lat' dir='ltr'><strong>de</strong></span> <span class='ocrx_word' id='word_1_242' title='bbox 784 3445 816 3478; x_wconf 89' lang='lat' dir='ltr'><strong>ea</strong></span> <span class='ocrx_word' id='word_1_243' title='bbox 841 3431 1012 3479; x_wconf 85' lang='lat' dir='ltr'><strong>statuendum</strong></span> <span class='ocrx_word' id='word_1_244' title='bbox 1032 3427 1206 3491; x_wconf 79' lang='lat' dir='ltr'><strong>Magnetibus</strong></span> <span class='ocrx_word' id='word_1_245' title='bbox 1230 3443 1291 3492; x_wconf 86' lang='lat' dir='ltr'><strong>per-</strong></span> 
     </span>
     <span class='ocr_line' id='line_1_32' title="bbox 157 3512 1292 3582; baseline -0.001 -18"><span class='ocrx_word' id='word_1_246' title='bbox 157 3515 282 3565; x_wconf 87' lang='lat' dir='ltr'><strong>mittitur.</strong></span> <span class='ocrx_word' id='word_1_247' title='bbox 319 3513 448 3565; x_wconf 89' lang='lat' dir='ltr'><strong>Similiter</strong></span> <span class='ocrx_word' id='word_1_248' title='bbox 467 3512 482 3578; x_wconf 60' lang='lat'><em>}</em></span> <span class='ocrx_word' id='word_1_249' title='bbox 500 3514 516 3566; x_wconf 90' lang='lat' dir='ltr'><strong>u</strong></span> <span class='ocrx_word' id='word_1_250' title='bbox 536 3515 726 3579; x_wconf 84' lang='lat' dir='ltr'><strong>constituitur,</strong></span> <span class='ocrx_word' id='word_1_251' title='bbox 752 3521 781 3564; x_wconf 92' lang='lat' dir='ltr'><strong>ut</strong></span> <span class='ocrx_word' id='word_1_252' title='bbox 800 3515 993 3582; x_wconf 88' lang='lat' dir='ltr'><strong>inquilinorum</strong></span> <span class='ocrx_word' id='word_1_253' title='bbox 1013 3515 1123 3565; x_wconf 87' lang='lat' dir='ltr'><strong>nornina</strong></span> <span class='ocrx_word' id='word_1_254' title='bbox 1148 3513 1182 3564; x_wconf 89' lang='lat' dir='ltr'><strong>ad</strong></span> <span class='ocrx_word' id='word_1_255' title='bbox 1206 3514 1292 3579; x_wconf 83' lang='lat' dir='ltr'><strong>magi·</strong></span> 
     </span>
     <span class='ocr_line' id='line_1_33' title="bbox 157 3598 1292 3668; baseline 0 -18"><span class='ocrx_word' id='word_1_256' title='bbox 157 3605 259 3651; x_wconf 88' lang='lat' dir='ltr'><strong>stratus</strong></span> <span class='ocrx_word' id='word_1_257' title='bbox 273 3600 437 3666; x_wconf 87' lang='lat' dir='ltr'><strong>Smyrnaeus</strong></span> <span class='ocrx_word' id='word_1_258' title='bbox 450 3598 579 3652; x_wconf 79' lang='lat' dir='ltr'><strong>delerant</strong></span> <span class='ocrx_word' id='word_1_259' title='bbox 593 3602 714 3653; x_wconf 86' lang='lat' dir='ltr'><strong>homines</strong></span> <span class='ocrx_word' id='word_1_260' title='bbox 728 3601 825 3668; x_wconf 88' lang='lat' dir='ltr'><strong>quibus</strong></span> <span class='ocrx_word' id='word_1_261' title='bbox 839 3603 929 3654; x_wconf 89' lang='lat' dir='ltr'><strong>coloni</strong></span> <span class='ocrx_word' id='word_1_262' title='bbox 943 3601 1141 3652; x_wconf 86' lang='lat' dir='ltr'><strong>mandaueriut.</strong></span> <span class='ocrx_word' id='word_1_263' title='bbox 1170 3599 1236 3664; x_wconf 82' lang='lat' dir='ltr'><strong>Ol.§</strong></span> <span class='ocrx_word' id='word_1_264' title='bbox 1251 3599 1292 3663; x_wconf 73' lang='lat'><strong>15,</strong></span> 
     </span>
     <span class='ocr_line' id='line_1_34' title="bbox 158 3685 1291 3754; baseline 0 -18"><span class='ocrx_word' id='word_1_265' title='bbox 158 3686 290 3754; x_wconf 89' lang='lat' dir='ltr'><strong>imprimis</strong></span> <span class='ocrx_word' id='word_1_266' title='bbox 311 3707 335 3739; x_wconf 83' lang='lat' dir='ltr'><strong>r.</strong></span> <span class='ocrx_word' id='word_1_267' title='bbox 353 3687 395 3752; x_wconf 79' lang='lat' dir='ltr'><strong>Si,</strong></span> <span class='ocrx_word' id='word_1_268' title='bbox 416 3689 460 3739; x_wconf 91' lang='lat' dir='ltr'><strong>ubi</strong></span> <span class='ocrx_word' id='word_1_269' title='bbox 480 3694 588 3739; x_wconf 90' lang='lat' dir='ltr'><strong>uertas:</strong></span> <span class='ocrx_word' id='word_1_270' title='bbox 608 3695 635 3738; x_wconf 90' lang='lat' dir='ltr'><strong>et</strong></span> <span class='ocrx_word' id='word_1_271' title='bbox 654 3689 709 3740; x_wconf 85' lang='lat' dir='ltr'><strong>suis</strong></span> <span class='ocrx_word' id='word_1_272' title='bbox 729 3689 830 3753; x_wconf 89' lang='lat' dir='ltr'><strong>sigillis</strong></span> <span class='ocrx_word' id='word_1_273' title='bbox 850 3695 877 3738; x_wconf 88' lang='lat' dir='ltr'><strong>et</strong></span> <span class='ocrx_word' id='word_1_274' title='bbox 895 3688 1004 3754; x_wconf 90' lang='lat' dir='ltr'><strong>publico</strong></span> <span class='ocrx_word' id='word_1_275' title='bbox 1018 3688 1040 3738; x_wconf 92' lang='lat' dir='ltr'><strong>si</strong></span> <span class='ocrx_word' id='word_1_276' title='bbox 1054 3688 1128 3754; x_wconf 90' lang='lat' dir='ltr'><strong>quod</strong></span> <span class='ocrx_word' id='word_1_277' title='bbox 1141 3695 1190 3738; x_wconf 88' lang='lat' dir='ltr'><strong>cst.</strong></span> <span class='ocrx_word' id='word_1_278' title='bbox 1206 3717 1234 3725; x_wconf 90' lang='lat'>—</span> <span class='ocrx_word' id='word_1_279' title='bbox 1250 3685 1291 3736; x_wconf 84' lang='lat' dir='ltr'><strong>ct.</strong></span> 
     </span>
     <span class='ocr_line' id='line_1_35' title="bbox 158 3772 1290 3842; baseline -0.001 -17"><span class='ocrx_word' id='word_1_280' title='bbox 158 3774 280 3838; x_wconf 80' lang='lat' dir='ltr'><strong>Thucyd.</strong></span> <span class='ocrx_word' id='word_1_281' title='bbox 300 3775 339 3825; x_wconf 91' lang='lat' dir='ltr'><strong>IV</strong></span> <span class='ocrx_word' id='word_1_282' title='bbox 360 3775 409 3828; x_wconf 89' lang='lat' dir='ltr'><strong>llS</strong></span> <span class='ocrx_word' id='word_1_283' title='bbox 421 3792 461 3842; x_wconf 85' lang='lat' dir='ltr'><strong>sq.</strong></span> <span class='ocrx_word' id='word_1_284' title='bbox 481 3791 540 3825; x_wconf 91' lang='lat' dir='ltr'><strong>cum</strong></span> <span class='ocrx_word' id='word_1_285' title='bbox 557 3774 722 3826; x_wconf 85' lang='lat' dir='ltr'><strong>Kirclrlrolfii</strong></span> <span class='ocrx_word' id='word_1_286' title='bbox 736 3775 976 3827; x_wconf 87' lang='lat' dir='ltr'><strong>adnotationibus:</strong></span> <span class='ocrx_word' id='word_1_287' title='bbox 996 3775 1165 3827; x_wconf 87' lang='lat' dir='ltr'><strong>Monatsber.</strong></span> <span class='ocrx_word' id='word_1_288' title='bbox 1180 3773 1205 3824; x_wconf 92' lang='lat' dir='ltr'><strong>d.</strong></span> <span class='ocrx_word' id='word_1_289' title='bbox 1219 3772 1290 3824; x_wconf 89' lang='lat' dir='ltr'><strong>Burl.</strong></span> 
     </span>
     <span class='ocr_line' id='line_1_36' title="bbox 158 3860 1291 3929; baseline 0.002 -18"><span class='ocrx_word' id='word_1_290' title='bbox 158 3860 329 3914; x_wconf 72' lang='lat' dir='ltr'><strong>scaurum</strong></span> <span class='ocrx_word' id='word_1_291' title='bbox 347 3880 372 3926; x_wconf 86' lang='lat' dir='ltr'><strong>p.</strong></span> <span class='ocrx_word' id='word_1_292' title='bbox 391 3861 441 3914; x_wconf 78' lang='lat'><strong>834</strong></span> <span class='ocrx_word' id='word_1_293' title='bbox 461 3879 520 3929; x_wconf 86' lang='lat' dir='ltr'><strong>sqq.</strong></span> <span class='ocrx_word' id='word_1_294' title='bbox 546 3867 572 3913; x_wconf 89' lang='lat' dir='ltr'><strong>et</strong></span> <span class='ocrx_word' id='word_1_295' title='bbox 592 3862 699 3913; x_wconf 90' lang='lat' dir='ltr'><strong>titulum</strong></span> <span class='ocrx_word' id='word_1_296' title='bbox 719 3863 965 3929; x_wconf 88' lang='lat' dir='ltr'><strong>Hierapytnensem</strong></span> <span class='ocrx_word' id='word_1_297' title='bbox 990 3862 1105 3925; x_wconf 64' lang='grc' dir='ltr'><strong>((Ξαιιοι·1</strong></span> <span class='ocrx_word' id='word_1_298' title='bbox 1126 3861 1291 3925; x_wconf 72' lang='lat'>44:²181)</span> 
     </span>
     <span class='ocr_line' id='line_1_37' title="bbox 159 3948 1291 4015; baseline 0.002 -17"><span class='ocrx_word' id='word_1_299' title='bbox 159 3948 254 3999; x_wconf 78' lang='lat' dir='ltr'><strong>foedus</strong></span> <span class='ocrx_word' id='word_1_300' title='bbox 280 3948 449 4000; x_wconf 86' lang='lat' dir='ltr'><strong>Rhodiorum</strong></span> <span class='ocrx_word' id='word_1_301' title='bbox 473 3955 499 3999; x_wconf 86' lang='lat' dir='ltr'><strong>et</strong></span> <span class='ocrx_word' id='word_1_302' title='bbox 519 3948 761 4015; x_wconf 88' lang='lat' dir='ltr'><strong>Hierapytniorum</strong></span> <span class='ocrx_word' id='word_1_303' title='bbox 788 3949 982 4002; x_wconf 82' lang='lat' dir='ltr'><strong>continentem,</strong></span> <span class='ocrx_word' id='word_1_304' title='bbox 1024 3949 1193 4000; x_wconf 90' lang='lat' dir='ltr'><strong>Rhodiorum</strong></span> <span class='ocrx_word' id='word_1_305' title='bbox 1219 3949 1291 4000; x_wconf 92' lang='lat' dir='ltr'><strong>enim</strong></span> 
     </span>
     <span class='ocr_line' id='line_1_38' title="bbox 158 4034 1290 4103; baseline -0.002 -17"><span class='ocrx_word' id='word_1_306' title='bbox 158 4035 251 4101; x_wconf 91' lang='lat' dir='ltr'><strong>pupuli</strong></span> <span class='ocrx_word' id='word_1_307' title='bbox 271 4036 367 4087; x_wconf 90' lang='lat' dir='ltr'><strong>scitum</strong></span> <span class='ocrx_word' id='word_1_308' title='bbox 387 4035 471 4087; x_wconf 87' lang='lat' dir='ltr'><strong>uerbo</strong></span> <span class='ocrx_word' id='word_1_309' title='bbox 490 4041 567 4086; x_wconf 87' lang='lat' dir='ltr'><strong>tenus</strong></span> <span class='ocrx_word' id='word_1_310' title='bbox 587 4035 764 4103; x_wconf 86' lang='lat' dir='ltr'><strong>Hierapytnii</strong></span> <span class='ocrx_word' id='word_1_311' title='bbox 783 4037 968 4102; x_wconf 84' lang='lat' dir='ltr'><strong>repetierunt,</strong></span> <span class='ocrx_word' id='word_1_312' title='bbox 992 4037 1103 4088; x_wconf 87' lang='lat' dir='ltr'><strong>mutatis</strong></span> <span class='ocrx_word' id='word_1_313' title='bbox 1131 4035 1212 4086; x_wconf 87' lang='lat' dir='ltr'><strong>nullis</strong></span> <span class='ocrx_word' id='word_1_314' title='bbox 1238 4034 1290 4085; x_wconf 87' lang='lat' dir='ltr'><strong>uisi</strong></span> 
     </span>
     <span class='ocr_line' id='line_1_39' title="bbox 159 4119 1290 4193; baseline 0.002 -22"><span class='ocrx_word' id='word_1_315' title='bbox 159 4123 230 4187; x_wconf 85' lang='lat' dir='ltr'><strong>quod</strong></span> <span class='ocrx_word' id='word_1_316' title='bbox 250 4122 302 4174; x_wconf 60' lang='lat' dir='ltr'><strong>wll</strong></span> <span class='ocrx_word' id='word_1_317' title='bbox 322 4122 382 4173; x_wconf 80' lang='lat' dir='ltr'><strong>loco</strong></span> <span class='ocrx_word' id='word_1_318' title='bbox 402 4123 547 4174; x_wconf 81' lang='lat' dir='ltr'><strong>uerborum</strong></span> <span class='ocrx_word' id='word_1_319' title='bbox 567 4121 688 4193; x_wconf 66' lang='grc' dir='ltr'><strong>ὑπάρχειν</strong></span> <span class='ocrx_word' id='word_1_320' title='bbox 706 4134 850 4192; x_wconf 79' lang='grc' dir='ltr'><em>συμμαχίαν</em></span> <span class='ocrx_word' id='word_1_321' title='bbox 864 4129 925 4175; x_wconf 77' lang='grc' dir='ltr'><strong>ποτὶ</strong></span> <span class='ocrx_word' id='word_1_322' title='bbox 943 4121 990 4175; x_wconf 74' lang='grc' dir='ltr'><strong>τόν</strong></span> <span class='ocrx_word' id='word_1_323' title='bbox 1008 4124 1088 4190; x_wconf 78' lang='grc' dir='ltr'><em>δᾶμον</em></span> <span class='ocrx_word' id='word_1_324' title='bbox 1106 4123 1150 4176; x_wconf 80' lang='lat' dir='ltr'><strong>rc&#39;s</strong></span> <span class='ocrx_word' id='word_1_325' title='bbox 1166 4119 1290 4192; x_wconf 69' lang='lat' dir='ltr'><strong>‘lupanar-</strong></span> 
     </span>
     <span class='ocr_line' id='line_1_40' title="bbox 158 4207 1292 4280; baseline 0 -21"><span class='ocrx_word' id='word_1_326' title='bbox 158 4207 213 4259; x_wconf 77' lang='lat' dir='ltr'><strong>vr&#39;wr</strong></span> <span class='ocrx_word' id='word_1_327' title='bbox 225 4209 392 4276; x_wconf 77' lang='lat' dir='ltr'><strong>scripserunt</strong></span> <span class='ocrx_word' id='word_1_328' title='bbox 405 4207 528 4279; x_wconf 69' lang='grc' dir='ltr'><strong>ὑπάρχειν</strong></span> <span class='ocrx_word' id='word_1_329' title='bbox 546 4220 690 4280; x_wconf 77' lang='grc' dir='ltr'><em>συμμαχίαν</em></span> <span class='ocrx_word' id='word_1_330' title='bbox 707 4216 769 4263; x_wconf 82' lang='lat' dir='ltr'><strong>nori</strong></span> <span class='ocrx_word' id='word_1_331' title='bbox 788 4207 834 4262; x_wconf 71' lang='grc' dir='ltr'><strong>τᾶν</strong></span> <span class='ocrx_word' id='word_1_332' title='bbox 846 4212 930 4277; x_wconf 73' lang='grc' dir='ltr'><em>δὸμον</em></span> <span class='ocrx_word' id='word_1_333' title='bbox 941 4209 988 4263; x_wconf 73' lang='grc' dir='ltr'><strong>τόν</strong></span> <span class='ocrx_word' id='word_1_334' title='bbox 997 4208 1103 4277; x_wconf 79' lang='grc' dir='ltr'><em>Ῥοδίων,</em></span> <span class='ocrx_word' id='word_1_335' title='bbox 1122 4226 1192 4278; x_wconf 78' lang='lat' dir='ltr'><strong>quae</strong></span> <span class='ocrx_word' id='word_1_336' title='bbox 1205 4209 1292 4260; x_wconf 74' lang='lat' dir='ltr'><strong>uerba</strong></span> 
     </span>
     <span class='ocr_line' id='line_1_41' title="bbox 160 4293 1291 4368; baseline 0.007 -25"><span class='ocrx_word' id='word_1_337' title='bbox 160 4294 185 4344; x_wconf 90' lang='lat' dir='ltr'><strong>in</strong></span> <span class='ocrx_word' id='word_1_338' title='bbox 206 4293 375 4346; x_wconf 88' lang='lat' dir='ltr'><strong>Rhodiorum</strong></span> <span class='ocrx_word' id='word_1_339' title='bbox 395 4296 488 4362; x_wconf 88' lang='lat' dir='ltr'><strong>populi</strong></span> <span class='ocrx_word' id='word_1_340' title='bbox 509 4296 577 4347; x_wconf 87' lang='lat' dir='ltr'><strong>scito</strong></span> <span class='ocrx_word' id='word_1_341' title='bbox 599 4295 663 4348; x_wconf 84' lang='lat' dir='ltr'><strong>ferri</strong></span> <span class='ocrx_word' id='word_1_342' title='bbox 684 4313 736 4347; x_wconf 90' lang='lat' dir='ltr'><strong>non</strong></span> <span class='ocrx_word' id='word_1_343' title='bbox 757 4312 836 4364; x_wconf 84' lang='lat' dir='ltr'><strong>posse</strong></span> <span class='ocrx_word' id='word_1_344' title='bbox 857 4294 1003 4358; x_wconf 78' lang='lat' dir='ltr'><strong>Nabcruru,</strong></span> <span class='ocrx_word' id='word_1_345' title='bbox 1029 4298 1074 4368; x_wconf 89' lang='lat' dir='ltr'><strong>qui</strong></span> <span class='ocrx_word' id='word_1_346' title='bbox 1100 4313 1159 4352; x_wconf 85' lang='lat' dir='ltr'><strong>euru</strong></span> <span class='ocrx_word' id='word_1_347' title='bbox 1182 4296 1291 4350; x_wconf 80' lang='lat' dir='ltr'><strong>titulum</strong></span> 
     </span>
     <span class='ocr_line' id='line_1_42' title="bbox 161 4381 487 4450; baseline 0 -19"><span class='ocrx_word' id='word_1_348' title='bbox 161 4381 254 4446; x_wconf 87' lang='lat' dir='ltr'><strong>edidit,</strong></span> <span class='ocrx_word' id='word_1_349' title='bbox 272 4382 377 4450; x_wconf 81' lang='lat' dir='ltr'><strong>fugisse</strong></span> <span class='ocrx_word' id='word_1_350' title='bbox 396 4382 487 4434; x_wconf 89' lang='lat' dir='ltr'><strong>miror.</strong></span> 
     </span>
    </p>
   </div>
   <div class='ocr_carea' id='block_1_5' title="bbox 0 0 1482 4822">
    <p class='ocr_par' dir='ltr' id='par_1_9' title="bbox 0 0 1482 4822">
     <span class='ocr_line' id='line_1_43' title="bbox 0 0 1482 4822; baseline 0 0"><span class='ocrx_word' id='word_1_351' title='bbox 0 0 1482 4822; x_wconf 95' lang='lat' dir='ltr'><strong> </strong></span> 
     </span>
    </p>
   </div>
  </div>
 </body>
</html>
