2956 4822
179 308 219 380 38
697 305 786 398 [arc]

179 510 365 593 Gorgonum
378 509 500 593 signum
514 508 700 573 delitescere
711 507 842 572 ridetur.
868 507 994 571 Etenim
1007 529 1078 572 cum
1089 507 1232 571 Minerva
1244 530 1312 572 non

178 615 270 678 unius
286 615 446 699 Euryalae
471 615 628 698 planctus,
652 612 718 692 sed,
734 605 817 675 utin
834 633 862 677 v.
880 614 896 673 7
915 618 1009 697 poeta
1024 613 1093 696 ipse
1108 612 1311 696 significavit,

177 719 353 802 geminatas
377 718 541 802 utriusque
565 717 682 781 sororis
705 717 885 800 superstitis
915 717 1157 781 lamentationes
1188 717 1313 781 imitata

178 828 273 905 esset,
297 822 347 885 hic
371 822 486 886 omissa
512 821 674 884 Sthenone
696 842 754 904 pro
771 821 977 903 Gorgonibus
1000 822 1154 885 universis
1170 819 1312 906 Euryale

179 934 354 989 memorata
377 931 434 989 est.
479 924 629 989 Eiusdem
654 924 799 988 carminis
822 928 854 988 in
878 944 907 988 v.
934 927 969 988 ll
1004 944 1119 988 nomen
1150 926 1313 990 sororisa

178 1030 297 1094 Perseo
331 1029 521 1109 trucidatae,
563 1051 644 1115 quae
680 1030 711 1093 in
746 1049 774 1093 r.
811 1031 849 1091 16
887 1026 1038 1109 sinapeos
1074 1019 1218 1092 Ms‘doeoc
1251 1039 1312 1115 cst,

179 1133 335 1198 Pindarus
358 1133 539 1197 doctissime
567 1135 612 1196 ita
644 1133 797 1212 variavit,
827 1138 863 1196 ut
894 1153 965 1195 earn
996 1133 1098 1214 τρίτον
1128 1141 1314 1218 κασιγνητᾶν

177 1236 269 1319 μέρος
291 1236 421 1303 diceret.

712 1496 781 1577 aa.

283 1655 440 1728 Quoniam
464 1653 503 1716 de
532 1653 598 1717 deis
628 1652 828 1736 deabusque,
860 1673 990 1737 quarum
1020 1654 1104 1739 apud
1136 1655 1311 1720 Pindarum

179 1756 351 1822 identidem
365 1759 482 1822 mentio
496 1758 578 1821 facta
591 1766 649 1841 est,
662 1758 737 1821 satis
748 1757 856 1820 multis
866 1756 1044 1843 disputasse
1055 1760 1147 1823 nobis
1159 1759 1312 1839 videmur,

179 1881 263 1925 nnnc
286 1864 423 1945 primum
445 1861 625 1939 heroum,
658 1859 772 1923 deinde
796 1860 1059 1926 heroinarum
1082 1862 1312 1948 appellationes

180 1965 459 2030 considerabimus.
493 1965 637 2051 Cumque
653 1964 887 2029 HERCULES
904 1966 1016 2029 ceteris
1032 1966 1176 2030 omnibus
1192 1967 1309 2033 virtute

180 2076 211 2132 et
235 2069 335 2152 gloria
356 2071 551 2153 praestitisse
575 2071 737 2152 videatur,
768 2070 808 2132 ab
840 2071 898 2133 hoo
925 2070 1048 2133 initium
1078 2070 1201 2137 faciam.
1248 2072 1313 2146 Qui

182 2182 348 2257 postquam
373 2174 518 2237 carminis
535 2174 691 2259 Olympici
716 2173 829 2237 decimi
852 2173 882 2236 in
903 2194 932 2240 v,
950 2177 991 2237 30
1007 2175 1134 2239 nomine
1149 2175 1313 2258 Ἠρακλέης

182 2277 381 2341 introductus
402 2285 465 2356 est,
494 2279 525 2340 in
547 2298 577 2341 v.
600 2280 727 2341 44-45
751 2277 864 2342 dicitur
886 2277 959 2354 Λιός
980 2274 1102 2358 ἄλκιμος
1123 2277 1205 2356 υἱός,
1229 2301 1312 2364 quae

183 2379 330 2445 Herculis
354 2381 526 2466 appellatio
546 2381 608 2444 iam
630 2383 661 2444 in
678 2380 757 2445 Hes.
774 2403 815 2446 sc.
834 2380 930 2447 Herc.
947 2402 974 2446 u.
991 2384 1054 2446 320
1071 2390 1186 2447 exstat.
1221 2384 1313 2448 Simi-

182 2487 252 2550 liter
281 2487 313 2550 in
344 2487 406 2550 oda
436 2484 598 2549 Nemeaea
628 2485 729 2569 prima
760 2485 934 2568 Hercules,
970 2487 1058 2551 cuius
1090 2509 1207 2552 nomen
1240 2509 1313 2573 pro-

182 2593 285 2678 prium
308 2591 339 2653 in
363 2611 392 2655 v.
417 2593 457 2654 33
490 2589 620 2673 legitur,
651 2589 684 2652 in
707 2612 738 2654 v.
762 2590 803 2653 35
836 2589 925 2653 audit
956 2597 1025 2667 παῖς
1055 2589 1144 2668 Διός,
1176 2613 1248 2656 cum
1279 2593 1311 2656 in

182 2716 212 2760 v.
248 2697 288 2758 58
322 2693 536 2779 appellatione
570 2691 640 2755 υἱοῦ
672 2693 737 2758 scil.
782 2693 1022 2779 Amphitryonis
1059 2695 1227 2779 insignitus
1261 2697 1312 2764 sit.

184 2797 252 2862 Iam
284 2800 431 2862 carminis
461 2797 612 2861 Nemeaei
641 2798 724 2862 tertii
752 2798 784 2862 in
814 2819 842 2864 r.
866 2801 903 2862 21
936 2798 1025 2862 initio
1055 2798 1159 2864 denuo
1185 2799 1313 2865 factos

184 2905 309 2968 nomine
330 2899 488 2984 Ἡρακλέος
511 2903 543 2964 in
564 2923 595 2966 r.
620 2903 661 2965 22
683 2902 736 2964 ille
759 2903 917 2967 locutione
941 2899 1025 2985 ἣρως
1049 2901 1124 2980 θεός
1146 2901 1313 2971 decoratus

186 3015 242 3072 est.
287 3007 392 3081 Quid?
422 3007 453 3069 in
476 3026 507 3071 v.
530 3008 582 3088 37,
612 3006 665 3068 ubi
693 3005 873 3069 Telamonis
902 3005 1014 3072 laudes
1043 3013 1171 3091 propter
1199 3029 1251 3073 res
1281 3011 1313 3074 in

185 3112 275 3176 bellis
299 3108 509 3175 Laomedonti
534 3116 565 3172 et
588 3108 801 3173 Amazonibus
824 3110 920 3173 illatis
943 3110 1081 3194 gloriose
1104 3119 1210 3195 gestas
1232 3113 1314 3178 cele·

184 3217 332 3296 brantur,
368 3235 472 3279 nonno
508 3234 626 3277 novum
664 3213 811 3279 Herculis
855 3215 980 3297 signum
1025 3214 1313 3298 deprehendimus?

183 3320 310 3385 Etenim
334 3320 418 3384 hunc
439 3317 522 3381 illius
546 3317 699 3381 adversus
723 3317 817 3382 Ilium
842 3318 1052 3403 expeditionis
1082 3319 1194 3383 ducem
1217 3320 1314 3386 luisse

184 3427 265 3489 iuter
288 3444 396 3489 omnes
420 3429 560 3502 constat,
589 3429 621 3486 et
651 3443 842 3508 quamquam
871 3422 963 3486 multi
993 3429 1025 3487 et
1054 3423 1138 3488 docti
1168 3424 1314 3489 homines

185 3530 225 3594 de
247 3528 398 3593 hocloco
428 3527 685 3612 disputaverunt,
718 3534 823 3591 tamen
854 3525 993 3591 nondum
1024 3527 1100 3591 satis
1131 3530 1315 3612 expositum

185 3641 243 3715 est,
267 3632 472 3717 quamobrem
487 3631 647 3695 Pindarus
670 3631 731 3695 hoc
745 3631 815 3694 loco
832 3653 895 3695 non
913 3631 1093 3714 Herculem,
1117 3632 1171 3695 sed
1189 3632 1314 3697 Iolaum

185 3737 402 3802 nominaverit.
449 3735 543 3809 Quod
566 3735 672 3800 nescio
696 3757 737 3799 an
759 3736 805 3799 sic
831 3734 974 3820 expediri
1003 3737 1112 3820 possit,
1142 3742 1178 3799 ut
1206 3733 1315 3814 Ἰόλαος

186 3862 361 3925 cognomen
387 3838 531 3904 Herculis
561 3840 671 3922 fuerit;
698 3839 757 3903 nisi
783 3841 890 3924 potius
913 3838 1068 3903 Pindarus
1092 3840 1316 3924 repetitionem

185 3945 336 4009 Herculis
359 3945 495 4009 nominis
517 3951 714 4029 aspernatus,
738 3966 809 4008 curn
826 3945 887 4007 alia
905 3943 1141 4008 circumlocutio
1157 3944 1316 4027 generalis

185 4050 284 4112 Aeaci
307 4055 338 4112 et
361 4048 448 4112 Pelei
471 4049 594 4113 interea
617 4048 776 4112 mentione
796 4049 880 4112 facta
907 4049 1073 4132 perspicua
1102 4068 1163 4113 non
1191 4047 1315 4132 fnisset,

186 4172 242 4235 pro
266 4151 405 4215 Hercule
428 4151 627 4215 substituisse
651 4151 808 4214 videbitur
837 4151 979 4232 Iolcum,
1010 4152 1127 4236 quippe
1159 4151 1212 4237 qui
1241 4171 1316 4235 pcr-
1425 4154 1432 4170 ⁸

186 4263 302 4340 petuus
320 4254 365 4318 illi
382 4274 486 4318 comes
507 4261 590 4317 esset
606 4255 685 4318 etin
701 4254 813 4318 eadem
829 4274 901 4318 cum
917 4253 1058 4319 Hercule
1074 4275 1129 4318 ara
1145 4254 1314 4319 coleretur.

188 4358 288 4423 Porro
318 4359 350 4422 in
379 4358 523 4422 carminis
546 4347 688 4422 Isthmici
720 4358 821 4443 quinti
843 4379 872 4423 v.
894 4358 937 4421 30
959 4356 1106 4422 Herculis
1128 4377 1244 4423 nomen
1271 4358 1318 4423 ita
