<?xml version="1.0" encoding="UTF-8"?>
<!DOCTYPE html PUBLIC "-//W3C//DTD XHTML 1.0 Transitional//EN"
    "http://www.w3.org/TR/xhtml1/DTD/xhtml1-transitional.dtd">
<html xmlns="http://www.w3.org/1999/xhtml" xml:lang="en" lang="en">
 <head>
  <title>
</title>
<meta http-equiv="Content-Type" content="text/html;charset=utf-8" />
  <meta name='ocr-system' content='tesseract 3.04.00' />
  <meta name='ocr-capabilities' content='ocr_page ocr_carea ocr_par ocr_line ocrx_word'/>
</head>
<body>
  <div class='ocr_page' id='page_1' title='image "./dissertationesp00stragoog/dissertationesp00stragoog_0371.png"; bbox 0 0 2954 4816; ppageno 0'>
   <div class='ocr_carea' id='block_1_1' title="bbox 191 275 793 393">
    <p class='ocr_par' dir='ltr' id='par_1_1' title="bbox 191 275 793 393">
     <span class='ocr_line' id='line_1_1' title="bbox 191 275 793 393; baseline -0.005 -49"><span class='ocrx_word' id='word_1_1' title='bbox 191 283 211 344; x_wconf 89' lang='lat' dir='ltr'><strong>e</strong></span> <span class='ocrx_word' id='word_1_2' title='bbox 570 389 572 393; x_wconf 14' lang='grc' dir='ltr'>ι</span> <span class='ocrx_word' id='word_1_3' title='bbox 724 275 793 360; x_wconf 76' lang='lat' dir='ltr'><strong>[ue]</strong></span> 
     </span>
    </p>
   </div>
   <div class='ocr_carea' id='block_1_2' title="bbox 127 467 1337 4403">
    <p class='ocr_par' dir='ltr' id='par_1_2' title="bbox 192 467 1329 971">
     <span class='ocr_line' id='line_1_2' title="bbox 296 467 1329 554; baseline -0.004 -20"><span class='ocrx_word' id='word_1_4' title='bbox 296 470 359 534; x_wconf 82' lang='lat' dir='ltr'><strong>Sed</strong></span> <span class='ocrx_word' id='word_1_5' title='bbox 389 470 522 554; x_wconf 89' lang='lat' dir='ltr'><strong>carptim</strong></span> <span class='ocrx_word' id='word_1_6' title='bbox 550 468 752 552; x_wconf 84' lang='lat' dir='ltr'><strong>breviterque</strong></span> <span class='ocrx_word' id='word_1_7' title='bbox 783 468 866 531; x_wconf 89' lang='lat' dir='ltr'><strong>hano</strong></span> <span class='ocrx_word' id='word_1_8' title='bbox 895 488 962 532; x_wconf 90' lang='lat' dir='ltr'><strong>rem</strong></span> <span class='ocrx_word' id='word_1_9' title='bbox 993 467 1039 531; x_wconf 86' lang='lat' dir='ltr'><strong>ita</strong></span> <span class='ocrx_word' id='word_1_10' title='bbox 1066 467 1268 552; x_wconf 80' lang='lat' dir='ltr'>perstringit,</span> <span class='ocrx_word' id='word_1_11' title='bbox 1292 474 1329 530; x_wconf 91' lang='lat' dir='ltr'><strong>ut</strong></span> 
     </span>
     <span class='ocr_line' id='line_1_3' title="bbox 192 571 1329 659; baseline -0.003 -22"><span class='ocrx_word' id='word_1_12' title='bbox 192 574 362 657; x_wconf 84' lang='lat' dir='ltr'><strong>largiorem</strong></span> <span class='ocrx_word' id='word_1_13' title='bbox 392 578 490 659; x_wconf 81' lang='lat' dir='ltr'><strong>atque</strong></span> <span class='ocrx_word' id='word_1_14' title='bbox 520 593 560 635; x_wconf 86' lang='lat' dir='ltr'><strong>ex</strong></span> <span class='ocrx_word' id='word_1_15' title='bbox 591 578 681 656; x_wconf 88' lang='lat' dir='ltr'><strong>parte</strong></span> <span class='ocrx_word' id='word_1_16' title='bbox 711 572 864 636; x_wconf 80' lang='lat' dir='ltr'><strong>intactam</strong></span> <span class='ocrx_word' id='word_1_17' title='bbox 896 571 1061 635; x_wconf 82' lang='lat' dir='ltr'><strong>materiam</strong></span> <span class='ocrx_word' id='word_1_18' title='bbox 1092 572 1162 635; x_wconf 87' lang='lat' dir='ltr'><strong>aliis</strong></span> <span class='ocrx_word' id='word_1_19' title='bbox 1184 576 1329 636; x_wconf 83' lang='lat' dir='ltr'><strong>reservet</strong></span> 
     </span>
     <span class='ocr_line' id='line_1_4' title="bbox 192 672 1327 764; baseline -0.002 -22"><span class='ocrx_word' id='word_1_20' title='bbox 192 677 456 764; x_wconf 85' lang='lat' dir='ltr'><strong>perlustrandam.</strong></span> <span class='ocrx_word' id='word_1_21' title='bbox 495 674 580 740; x_wconf 90' lang='lat' dir='ltr'><strong>Nihil</strong></span> <span class='ocrx_word' id='word_1_22' title='bbox 598 678 680 741; x_wconf 93' lang='lat' dir='ltr'><strong>enim</strong></span> <span class='ocrx_word' id='word_1_23' title='bbox 695 675 816 761; x_wconf 76' lang='lat' dir='ltr'><strong>profert</strong></span> <span class='ocrx_word' id='word_1_24' title='bbox 831 675 890 740; x_wconf 88' lang='lat' dir='ltr'><strong>nisi</strong></span> <span class='ocrx_word' id='word_1_25' title='bbox 906 676 1076 741; x_wconf 92' lang='lat' dir='ltr'><strong>nonnullos</strong></span> <span class='ocrx_word' id='word_1_26' title='bbox 1095 672 1327 759; x_wconf 67' lang='lat' dir='ltr'><strong>soloecismos,</strong></span> 
     </span>
     <span class='ocr_line' id='line_1_5' title="bbox 194 779 1327 868; baseline -0.002 -21"><span class='ocrx_word' id='word_1_27' title='bbox 194 804 273 868; x_wconf 92' lang='lat' dir='ltr'><strong>quos</strong></span> <span class='ocrx_word' id='word_1_28' title='bbox 296 804 315 846; x_wconf 99' lang='lat' dir='ltr'><strong>a</strong></span> <span class='ocrx_word' id='word_1_29' title='bbox 336 780 566 866; x_wconf 81' lang='lat' dir='ltr'><strong>posterioribus</strong></span> <span class='ocrx_word' id='word_1_30' title='bbox 590 779 668 863; x_wconf 85' lang='lat' dir='ltr'><strong>(Ill.</strong></span> <span class='ocrx_word' id='word_1_31' title='bbox 693 779 758 865; x_wconf 83' lang='lat' dir='ltr'><strong>IV)</strong></span> <span class='ocrx_word' id='word_1_32' title='bbox 785 781 873 845; x_wconf 88' lang='lat' dir='ltr'><strong>libris</strong></span> <span class='ocrx_word' id='word_1_33' title='bbox 904 780 1026 845; x_wconf 90' lang='lat' dir='ltr'><strong>alienos</strong></span> <span class='ocrx_word' id='word_1_34' title='bbox 1056 802 1126 845; x_wconf 90' lang='lat' dir='ltr'><strong>esse</strong></span> <span class='ocrx_word' id='word_1_35' title='bbox 1154 779 1327 845; x_wconf 81' lang='lat' dir='ltr'><strong>contendit.</strong></span> 
     </span>
     <span class='ocr_line' id='line_1_6' title="bbox 194 886 570 971; baseline -0.005 -20"><span class='ocrx_word' id='word_1_36' title='bbox 194 888 340 963; x_wconf 87' lang='lat' dir='ltr'><strong>Quorum</strong></span> <span class='ocrx_word' id='word_1_37' title='bbox 362 886 482 971; x_wconf 90' lang='lat' dir='ltr'><strong>primus</strong></span> <span class='ocrx_word' id='word_1_38' title='bbox 507 893 570 950; x_wconf 89' lang='lat' dir='ltr'><strong>est:</strong></span> 
     </span>
    </p>

    <p class='ocr_par' dir='ltr' id='par_1_3' title="bbox 127 987 1334 2839">
     <span class='ocr_line' id='line_1_7' title="bbox 301 987 1330 1072; baseline -0.002 -18"><span class='ocrx_word' id='word_1_39' title='bbox 301 988 334 1071; x_wconf 75' lang='lat'><strong>1)</strong></span> <span class='ocrx_word' id='word_1_40' title='bbox 358 989 544 1054; x_wconf 83' lang='lat' dir='ltr'><strong>medeoimue</strong></span> <span class='ocrx_word' id='word_1_41' title='bbox 573 987 607 1052; x_wconf 96' lang='lat' dir='ltr'><strong>II</strong></span> <span class='ocrx_word' id='word_1_42' title='bbox 637 989 695 1067; x_wconf 86' lang='lat'><strong>20,</strong></span> <span class='ocrx_word' id='word_1_43' title='bbox 718 990 776 1051; x_wconf 75' lang='lat'><strong>27:</strong></span> <span class='ocrx_word' id='word_1_44' title='bbox 805 988 1067 1053; x_wconf 79' lang='lat' dir='ltr'><strong>constitutio...</strong></span> <span class='ocrx_word' id='word_1_45' title='bbox 1086 1007 1148 1071; x_wconf 82' lang='lat' dir='ltr'><strong>per</strong></span> <span class='ocrx_word' id='word_1_46' title='bbox 1177 1008 1272 1072; x_wconf 83' lang='lat' dir='ltr'><strong>quam</strong></span> <span class='ocrx_word' id='word_1_47' title='bbox 1302 996 1330 1052; x_wconf 86' lang='lat' dir='ltr'><strong>et</strong></span> 
     </span>
     <span class='ocr_line' id='line_1_8' title="bbox 194 1090 1330 1177; baseline -0.003 -19"><span class='ocrx_word' id='word_1_48' title='bbox 194 1094 267 1158; x_wconf 81' lang='lat' dir='ltr'><strong>huic</strong></span> <span class='ocrx_word' id='word_1_49' title='bbox 297 1094 388 1177; x_wconf 82' lang='lat' dir='ltr'><strong>parti</strong></span> <span class='ocrx_word' id='word_1_50' title='bbox 423 1093 674 1156; x_wconf 82' lang='lat' dir='ltr'><strong>medevimua.</strong></span> <span class='ocrx_word' id='word_1_51' title='bbox 732 1090 795 1166; x_wconf 85' lang='lat' dir='ltr'><strong>Qui</strong></span> <span class='ocrx_word' id='word_1_52' title='bbox 827 1090 1006 1175; x_wconf 82' lang='lat' dir='ltr'><strong>composuit</strong></span> <span class='ocrx_word' id='word_1_53' title='bbox 1044 1090 1160 1155; x_wconf 92' lang='lat' dir='ltr'><strong>librum</strong></span> <span class='ocrx_word' id='word_1_54' title='bbox 1191 1090 1330 1170; x_wconf 91' lang='lat' dir='ltr'><strong>tertium,</strong></span> 
     </span>
     <span class='ocr_line' id='line_1_9' title="bbox 197 1179 1331 1282; baseline -0.003 -19"><span class='ocrx_word' id='word_1_55' title='bbox 197 1199 312 1263; x_wconf 89' lang='lat' dir='ltr'><strong>eodem</strong></span> <span class='ocrx_word' id='word_1_56' title='bbox 345 1195 440 1261; x_wconf 91' lang='lat' dir='ltr'><strong>modo</strong></span> <span class='ocrx_word' id='word_1_57' title='bbox 474 1216 537 1282; x_wconf 93' lang='lat' dir='ltr'><strong>quo</strong></span> <span class='ocrx_word' id='word_1_58' title='bbox 570 1196 644 1261; x_wconf 92' lang='lat' dir='ltr'><strong>boni</strong></span> <span class='ocrx_word' id='word_1_59' title='bbox 676 1196 848 1279; x_wconf 91' lang='lat' dir='ltr'><strong>scriptores</strong></span> <span class='ocrx_word' id='word_1_60' title='bbox 879 1179 1008 1279; x_wconf 87' lang='lat' dir='ltr'><strong>scripsit</strong></span> <span class='ocrx_word' id='word_1_61' title='bbox 1037 1194 1089 1258; x_wconf 94' lang='lat' dir='ltr'><strong>III</strong></span> <span class='ocrx_word' id='word_1_62' title='bbox 1120 1196 1156 1274; x_wconf 82' lang='lat'><strong>2,</strong></span> <span class='ocrx_word' id='word_1_63' title='bbox 1180 1193 1233 1258; x_wconf 65' lang='lat'><strong>3⁵:</strong></span> <span class='ocrx_word' id='word_1_64' title='bbox 1267 1216 1331 1260; x_wconf 84' lang='lat' dir='ltr'><strong>non</strong></span> 
     </span>
     <span class='ocr_line' id='line_1_10' title="bbox 196 1297 1332 1385; baseline -0.003 -19"><span class='ocrx_word' id='word_1_65' title='bbox 196 1309 301 1366; x_wconf 83' lang='lat' dir='ltr'><strong>tamen</strong></span> <span class='ocrx_word' id='word_1_66' title='bbox 323 1321 372 1364; x_wconf 82' lang='lat' dir='ltr'><strong>cos</strong></span> <span class='ocrx_word' id='word_1_67' title='bbox 394 1301 429 1363; x_wconf 81' lang='lat' dir='ltr'><strong>ia</strong></span> <span class='ocrx_word' id='word_1_68' title='bbox 439 1299 568 1385; x_wconf 79' lang='lat' dir='ltr'><strong>plenam</strong></span> <span class='ocrx_word' id='word_1_69' title='bbox 585 1320 701 1364; x_wconf 82' lang='lat' dir='ltr'><strong>causae</strong></span> <span class='ocrx_word' id='word_1_70' title='bbox 723 1298 878 1365; x_wconf 75' lang='lat' dir='ltr'><strong>caederi</strong></span> <span class='ocrx_word' id='word_1_71' title='bbox 898 1299 1081 1362; x_wconf 80' lang='lat' dir='ltr'><strong>invenimus.</strong></span> <span class='ocrx_word' id='word_1_72' title='bbox 1117 1297 1206 1363; x_wconf 86' lang='lat' dir='ltr'><strong>idem</strong></span> <span class='ocrx_word' id='word_1_73' title='bbox 1222 1307 1332 1363; x_wconf 89' lang='lat' dir='ltr'><strong>autem</strong></span> 
     </span>
     <span class='ocr_line' id='line_1_11' title="bbox 197 1401 1333 1488; baseline -0.003 -19"><span class='ocrx_word' id='word_1_74' title='bbox 197 1406 331 1469; x_wconf 87' lang='lat' dir='ltr'><strong>verbum</strong></span> <span class='ocrx_word' id='word_1_75' title='bbox 352 1403 488 1488; x_wconf 84' lang='lat' dir='ltr'><strong>legimus</strong></span> <span class='ocrx_word' id='word_1_76' title='bbox 511 1403 606 1468; x_wconf 89' lang='lat' dir='ltr'><strong>etiam</strong></span> <span class='ocrx_word' id='word_1_77' title='bbox 629 1403 664 1467; x_wconf 93' lang='lat' dir='ltr'><strong>II</strong></span> <span class='ocrx_word' id='word_1_78' title='bbox 681 1405 711 1485; x_wconf 81' lang='lat' dir='ltr'><strong>l,</strong></span> <span class='ocrx_word' id='word_1_79' title='bbox 728 1406 762 1466; x_wconf 84' lang='lat'><strong>4:</strong></span> <span class='ocrx_word' id='word_1_80' title='bbox 788 1401 844 1466; x_wconf 86' lang='lat' dir='ltr'><strong>hoc</strong></span> <span class='ocrx_word' id='word_1_81' title='bbox 866 1403 958 1486; x_wconf 75' lang='lat' dir='ltr'><strong>quusi</strong></span> <span class='ocrx_word' id='word_1_82' title='bbox 972 1402 1112 1466; x_wconf 79' lang='lat' dir='ltr'><strong>inuidiae</strong></span> <span class='ocrx_word' id='word_1_83' title='bbox 1131 1404 1260 1486; x_wconf 81' lang='lat' dir='ltr'><strong>plenum</strong></span> <span class='ocrx_word' id='word_1_84' title='bbox 1273 1424 1333 1486; x_wconf 84' lang='lat' dir='ltr'><strong>per</strong></span> 
     </span>
     <span class='ocr_line' id='line_1_12' title="bbox 196 1504 1332 1574; baseline -0.002 0"><span class='ocrx_word' id='word_1_85' title='bbox 196 1517 338 1574; x_wconf 82' lang='lat' dir='ltr'><strong>nostram</strong></span> <span class='ocrx_word' id='word_1_86' title='bbox 353 1509 600 1573; x_wconf 80' lang='lat' dir='ltr'><strong>constitutionem</strong></span> <span class='ocrx_word' id='word_1_87' title='bbox 620 1508 779 1571; x_wconf 81' lang='lat' dir='ltr'><strong>mederi</strong></span> <span class='ocrx_word' id='word_1_88' title='bbox 800 1507 1010 1570; x_wconf 79' lang='lat' dir='ltr'><strong>necessarium</strong></span> <span class='ocrx_word' id='word_1_89' title='bbox 1027 1505 1184 1571; x_wconf 76' lang='lat' dir='ltr'><strong>duximus.</strong></span> <span class='ocrx_word' id='word_1_90' title='bbox 1232 1504 1332 1572; x_wconf 88' lang='lat' dir='ltr'><strong>Vides</strong></span> 
     </span>
     <span class='ocr_line' id='line_1_13' title="bbox 127 1612 1333 1698; baseline 0.001 -22"><span class='ocrx_word' id='word_1_91' title='bbox 127 1652 129 1657; x_wconf 32' lang='grc' dir='ltr'><strong>ν</strong></span> <span class='ocrx_word' id='word_1_92' title='bbox 196 1614 293 1698; x_wconf 88' lang='lat' dir='ltr'><strong>igitur</strong></span> <span class='ocrx_word' id='word_1_93' title='bbox 324 1633 413 1694; x_wconf 92' lang='lat' dir='ltr'><strong>eum,</strong></span> <span class='ocrx_word' id='word_1_94' title='bbox 437 1614 492 1697; x_wconf 91' lang='lat' dir='ltr'><strong>qui</strong></span> <span class='ocrx_word' id='word_1_95' title='bbox 521 1612 658 1696; x_wconf 90' lang='lat' dir='ltr'><strong>priorem</strong></span> <span class='ocrx_word' id='word_1_96' title='bbox 687 1612 928 1676; x_wconf 82' lang='lat' dir='ltr'><strong>institutionum</strong></span> <span class='ocrx_word' id='word_1_97' title='bbox 951 1617 1075 1696; x_wconf 89' lang='lat' dir='ltr'><strong>partem</strong></span> <span class='ocrx_word' id='word_1_98' title='bbox 1106 1614 1333 1697; x_wconf 83' lang='lat' dir='ltr'><strong>composuerit,</strong></span> 
     </span>
     <span class='ocr_line' id='line_1_14' title="bbox 195 1714 1333 1800; baseline -0.001 -19"><span class='ocrx_word' id='word_1_99' title='bbox 195 1738 259 1781; x_wconf 92' lang='lat' dir='ltr'><strong>non</strong></span> <span class='ocrx_word' id='word_1_100' title='bbox 285 1716 488 1780; x_wconf 83' lang='lat' dir='ltr'><strong>abhorruisse</strong></span> <span class='ocrx_word' id='word_1_101' title='bbox 512 1714 639 1800; x_wconf 90' lang='lat' dir='ltr'><strong>quidem</strong></span> <span class='ocrx_word' id='word_1_102' title='bbox 663 1715 703 1778; x_wconf 87' lang='lat' dir='ltr'><strong>ab</strong></span> <span class='ocrx_word' id='word_1_103' title='bbox 726 1714 882 1780; x_wconf 87' lang='lat' dir='ltr'><strong>infinitivo</strong></span> <span class='ocrx_word' id='word_1_104' title='bbox 906 1714 995 1777; x_wconf 84' lang='lat' dir='ltr'><strong>verbi</strong></span> <span class='ocrx_word' id='word_1_105' title='bbox 1024 1715 1228 1800; x_wconf 92' lang='lat' dir='ltr'><strong>deponentis,</strong></span> <span class='ocrx_word' id='word_1_106' title='bbox 1258 1738 1333 1781; x_wconf 90' lang='lat' dir='ltr'><strong>con-</strong></span> 
     </span>
     <span class='ocr_line' id='line_1_15' title="bbox 197 1818 1332 1885; baseline 0.001 -1"><span class='ocrx_word' id='word_1_107' title='bbox 197 1820 339 1885; x_wconf 88' lang='lat' dir='ltr'><strong>iunxisss</strong></span> <span class='ocrx_word' id='word_1_108' title='bbox 362 1826 467 1884; x_wconf 90' lang='lat' dir='ltr'><strong>autem</strong></span> <span class='ocrx_word' id='word_1_109' title='bbox 492 1841 564 1883; x_wconf 92' lang='lat' dir='ltr'><strong>eum</strong></span> <span class='ocrx_word' id='word_1_110' title='bbox 588 1840 659 1883; x_wconf 90' lang='lat' dir='ltr'><strong>eum</strong></span> <span class='ocrx_word' id='word_1_111' title='bbox 683 1819 875 1884; x_wconf 82' lang='lat' dir='ltr'><strong>accusativo.</strong></span> <span class='ocrx_word' id='word_1_112' title='bbox 921 1818 1005 1882; x_wconf 89' lang='lat' dir='ltr'><strong>Num</strong></span> <span class='ocrx_word' id='word_1_113' title='bbox 1027 1819 1162 1884; x_wconf 86' lang='lat' dir='ltr'><strong>fortasse</strong></span> <span class='ocrx_word' id='word_1_114' title='bbox 1186 1819 1238 1883; x_wconf 93' lang='lat' dir='ltr'><strong>illo</strong></span> <span class='ocrx_word' id='word_1_115' title='bbox 1261 1819 1332 1885; x_wconf 90' lang='lat' dir='ltr'><strong>loco</strong></span> 
     </span>
     <span class='ocr_line' id='line_1_16' title="bbox 198 1923 1333 2007; baseline -0.001 -19"><span class='ocrx_word' id='word_1_116' title='bbox 198 1925 392 1988; x_wconf 89' lang='lat' dir='ltr'><strong>constructio</strong></span> <span class='ocrx_word' id='word_1_117' title='bbox 423 1923 595 1987; x_wconf 86' lang='lat' dir='ltr'><strong>accusativi</strong></span> <span class='ocrx_word' id='word_1_118' title='bbox 625 1945 696 1987; x_wconf 92' lang='lat' dir='ltr'><strong>oum</strong></span> <span class='ocrx_word' id='word_1_119' title='bbox 725 1923 880 1987; x_wconf 83' lang='lat' dir='ltr'><strong>infinitivo</strong></span> <span class='ocrx_word' id='word_1_120' title='bbox 910 1923 1066 2007; x_wconf 88' lang='lat' dir='ltr'><strong>passivi</strong></span> <span class='ocrx_word' id='word_1_121' title='bbox 1096 1924 1192 1988; x_wconf 89' lang='lat' dir='ltr'><strong>statui</strong></span> <span class='ocrx_word' id='word_1_122' title='bbox 1221 1926 1333 2007; x_wconf 86' lang='lat' dir='ltr'><strong>possit,</strong></span> 
     </span>
     <span class='ocr_line' id='line_1_17' title="bbox 198 2025 1334 2112; baseline 0.001 -19"><span class='ocrx_word' id='word_1_123' title='bbox 198 2036 234 2093; x_wconf 88' lang='lat' dir='ltr'><strong>ut</strong></span> <span class='ocrx_word' id='word_1_124' title='bbox 258 2028 305 2090; x_wconf 89' lang='lat' dir='ltr'><strong>vir</strong></span> <span class='ocrx_word' id='word_1_125' title='bbox 326 2027 379 2091; x_wconf 90' lang='lat' dir='ltr'><strong>ille</strong></span> <span class='ocrx_word' id='word_1_126' title='bbox 395 2027 557 2112; x_wconf 86' lang='lat' dir='ltr'><strong>putandus</strong></span> <span class='ocrx_word' id='word_1_127' title='bbox 579 2027 619 2091; x_wconf 88' lang='lat' dir='ltr'><strong>eit</strong></span> <span class='ocrx_word' id='word_1_128' title='bbox 631 2047 727 2091; x_wconf 94' lang='lat' dir='ltr'><strong>unam</strong></span> <span class='ocrx_word' id='word_1_129' title='bbox 743 2025 876 2090; x_wconf 83' lang='lat' dir='ltr'><strong>formam</strong></span> <span class='ocrx_word' id='word_1_130' title='bbox 893 2027 1025 2091; x_wconf 85' lang='lat' dir='ltr'><strong>medere</strong></span> <span class='ocrx_word' id='word_1_131' title='bbox 1047 2027 1077 2091; x_wconf 92' lang='lat' dir='ltr'><strong>in</strong></span> <span class='ocrx_word' id='word_1_132' title='bbox 1101 2049 1161 2092; x_wconf 93' lang='lat' dir='ltr'><strong>usu</strong></span> <span class='ocrx_word' id='word_1_133' title='bbox 1183 2026 1334 2094; x_wconf 84' lang='lat' dir='ltr'><strong>habuisse</strong></span> 
     </span>
     <span class='ocr_line' id='line_1_18' title="bbox 197 2129 1333 2216; baseline 0.001 -21"><span class='ocrx_word' id='word_1_134' title='bbox 197 2130 294 2216; x_wconf 92' lang='lat' dir='ltr'><strong>idque</strong></span> <span class='ocrx_word' id='word_1_135' title='bbox 310 2131 442 2195; x_wconf 87' lang='lat' dir='ltr'><strong>verbum</strong></span> <span class='ocrx_word' id='word_1_136' title='bbox 460 2138 492 2196; x_wconf 90' lang='lat' dir='ltr'><strong>et</strong></span> <span class='ocrx_word' id='word_1_137' title='bbox 507 2129 616 2196; x_wconf 90' lang='lat' dir='ltr'><strong>dativo</strong></span> <span class='ocrx_word' id='word_1_138' title='bbox 634 2139 665 2195; x_wconf 93' lang='lat' dir='ltr'><strong>et</strong></span> <span class='ocrx_word' id='word_1_139' title='bbox 680 2132 861 2197; x_wconf 88' lang='lat' dir='ltr'><strong>accusativo</strong></span> <span class='ocrx_word' id='word_1_140' title='bbox 878 2131 1074 2216; x_wconf 89' lang='lat' dir='ltr'><strong>pronominis</strong></span> <span class='ocrx_word' id='word_1_141' title='bbox 1090 2131 1333 2197; x_wconf 85' lang='lat' dir='ltr'><strong>demonstrativi</strong></span> 
     </span>
     <span class='ocr_line' id='line_1_19' title="bbox 198 2235 1333 2324; baseline 0.003 -25"><span class='ocrx_word' id='word_1_142' title='bbox 198 2236 230 2300; x_wconf 92' lang='lat' dir='ltr'><strong>in</strong></span> <span class='ocrx_word' id='word_1_143' title='bbox 253 2242 366 2300; x_wconf 93' lang='lat' dir='ltr'><strong>neutro</strong></span> <span class='ocrx_word' id='word_1_144' title='bbox 390 2256 508 2317; x_wconf 86' lang='lat' dir='ltr'><strong>genere</strong></span> <span class='ocrx_word' id='word_1_145' title='bbox 539 2237 634 2320; x_wconf 92' lang='lat' dir='ltr'><strong>positi</strong></span> <span class='ocrx_word' id='word_1_146' title='bbox 665 2236 865 2317; x_wconf 83' lang='lat' dir='ltr'><strong>adiunxisse,</strong></span> <span class='ocrx_word' id='word_1_147' title='bbox 889 2236 921 2299; x_wconf 91' lang='lat' dir='ltr'><strong>id</strong></span> <span class='ocrx_word' id='word_1_148' title='bbox 945 2235 1151 2300; x_wconf 89' lang='lat' dir='ltr'><strong>iniudicatum</strong></span> <span class='ocrx_word' id='word_1_149' title='bbox 1176 2238 1333 2324; x_wconf 90' lang='lat' dir='ltr'><strong>relinquo,</strong></span> 
     </span>
     <span class='ocr_line' id='line_1_20' title="bbox 197 2339 1334 2425; baseline 0.003 -22"><span class='ocrx_word' id='word_1_150' title='bbox 197 2340 272 2424; x_wconf 90' lang='lat' dir='ltr'><strong>quia</strong></span> <span class='ocrx_word' id='word_1_151' title='bbox 303 2339 365 2403; x_wconf 85' lang='lat' dir='ltr'><strong>alia</strong></span> <span class='ocrx_word' id='word_1_152' title='bbox 396 2340 543 2423; x_wconf 81' lang='lat' dir='ltr'><strong>exempla</strong></span> <span class='ocrx_word' id='word_1_153' title='bbox 572 2339 697 2405; x_wconf 89' lang='lat' dir='ltr'><strong>desunt.</strong></span> <span class='ocrx_word' id='word_1_154' title='bbox 752 2339 847 2413; x_wconf 88' lang='lat' dir='ltr'><strong>Quod</strong></span> <span class='ocrx_word' id='word_1_155' title='bbox 877 2340 1004 2425; x_wconf 88' lang='lat' dir='ltr'><strong>quidem</strong></span> <span class='ocrx_word' id='word_1_156' title='bbox 1046 2340 1091 2403; x_wconf 89' lang='lat' dir='ltr'><strong>ita</strong></span> <span class='ocrx_word' id='word_1_157' title='bbox 1125 2341 1205 2404; x_wconf 91' lang='lat' dir='ltr'><strong>sumi</strong></span> <span class='ocrx_word' id='word_1_158' title='bbox 1237 2362 1334 2425; x_wconf 87' lang='lat' dir='ltr'><strong>posse</strong></span> 
     </span>
     <span class='ocr_line' id='line_1_21' title="bbox 198 2441 1333 2529; baseline 0.005 -24"><span class='ocrx_word' id='word_1_159' title='bbox 198 2443 303 2507; x_wconf 89' lang='lat' dir='ltr'><strong>nescio</strong></span> <span class='ocrx_word' id='word_1_160' title='bbox 321 2464 362 2506; x_wconf 93' lang='lat' dir='ltr'><strong>an</strong></span> <span class='ocrx_word' id='word_1_161' title='bbox 379 2441 541 2517; x_wconf 83' lang='lat' dir='ltr'><strong>concedas,</strong></span> <span class='ocrx_word' id='word_1_162' title='bbox 557 2464 629 2506; x_wconf 92' lang='lat' dir='ltr'><strong>cum</strong></span> <span class='ocrx_word' id='word_1_163' title='bbox 646 2444 752 2508; x_wconf 87' lang='lat' dir='ltr'><strong>videas</strong></span> <span class='ocrx_word' id='word_1_164' title='bbox 767 2443 951 2529; x_wconf 89' lang='lat' dir='ltr'><strong>posterioris</strong></span> <span class='ocrx_word' id='word_1_165' title='bbox 966 2444 1065 2528; x_wconf 86' lang='lat' dir='ltr'><strong>partis</strong></span> <span class='ocrx_word' id='word_1_166' title='bbox 1087 2445 1333 2528; x_wconf 85' lang='lat' dir='ltr'><strong>compositorem</strong></span> 
     </span>
     <span class='ocr_line' id='line_1_22' title="bbox 198 2544 1334 2631; baseline 0.005 -23"><span class='ocrx_word' id='word_1_167' title='bbox 198 2544 266 2627; x_wconf 89' lang='grc' dir='ltr'>(ΙΙΙ</span> <span class='ocrx_word' id='word_1_168' title='bbox 290 2548 318 2623; x_wconf 88' lang='grc'><strong>6,</strong></span> <span class='ocrx_word' id='word_1_169' title='bbox 343 2548 376 2609; x_wconf 85' lang='grc'><strong>9;</strong></span> <span class='ocrx_word' id='word_1_170' title='bbox 400 2547 613 2610; x_wconf 80' lang='lat' dir='ltr'><strong>necessarium</strong></span> <span class='ocrx_word' id='word_1_171' title='bbox 636 2547 783 2611; x_wconf 67' lang='lat' dir='ltr'><strong>deluimus</strong></span> <span class='ocrx_word' id='word_1_172' title='bbox 886 2549 979 2612; x_wconf 83' lang='lat' dir='ltr'><strong>etiam</strong></span> <span class='ocrx_word' id='word_1_173' title='bbox 1002 2568 1051 2612; x_wconf 85' lang='lat' dir='ltr'><strong>eos</strong></span> <span class='ocrx_word' id='word_1_174' title='bbox 1068 2550 1233 2631; x_wconf 78' lang='lat' dir='ltr'><strong>praesenti</strong></span> <span class='ocrx_word' id='word_1_175' title='bbox 1253 2548 1334 2614; x_wconf 84' lang='lat' dir='ltr'><strong>libro</strong></span> 
     </span>
     <span class='ocr_line' id='line_1_23' title="bbox 197 2649 1333 2730; baseline 0.004 -17"><span class='ocrx_word' id='word_1_176' title='bbox 197 2649 347 2730; x_wconf 75' lang='lat' dir='ltr'><strong>inscribe)</strong></span> <span class='ocrx_word' id='word_1_177' title='bbox 381 2652 592 2715; x_wconf 79' lang='lat' dir='ltr'><strong>necessarium</strong></span> <span class='ocrx_word' id='word_1_178' title='bbox 628 2651 775 2715; x_wconf 74' lang='lat' dir='ltr'><strong>duximus</strong></span> <span class='ocrx_word' id='word_1_179' title='bbox 808 2651 1009 2716; x_wconf 82' lang='lat' dir='ltr'><strong>coniunxisse</strong></span> <span class='ocrx_word' id='word_1_180' title='bbox 1044 2672 1114 2716; x_wconf 90' lang='lat' dir='ltr'><strong>eum</strong></span> <span class='ocrx_word' id='word_1_181' title='bbox 1148 2655 1333 2718; x_wconf 75' lang='lat' dir='ltr'><strong>accusativo</strong></span> 
     </span>
     <span class='ocr_line' id='line_1_24' title="bbox 199 2753 638 2839; baseline 0.005 -23"><span class='ocrx_word' id='word_1_182' title='bbox 199 2773 270 2817; x_wconf 91' lang='lat' dir='ltr'><strong>cum</strong></span> <span class='ocrx_word' id='word_1_183' title='bbox 292 2753 447 2818; x_wconf 86' lang='lat' dir='ltr'><strong>infinitivo</strong></span> <span class='ocrx_word' id='word_1_184' title='bbox 471 2755 638 2839; x_wconf 87' lang='lat' dir='ltr'><strong>passivi.</strong></span> 
     </span>
    </p>

    <p class='ocr_par' dir='ltr' id='par_1_4' title="bbox 197 2856 1337 4403">
     <span class='ocr_line' id='line_1_25' title="bbox 303 2856 1335 2943; baseline 0.003 -22"><span class='ocrx_word' id='word_1_185' title='bbox 303 2856 742 2943; x_wconf 77' lang='lat' dir='ltr'><strong>2)praestauit.·111,25;</strong></span> <span class='ocrx_word' id='word_1_186' title='bbox 777 2862 805 2939; x_wconf 80' lang='grc' dir='ltr'><strong>Ι,</strong></span> <span class='ocrx_word' id='word_1_187' title='bbox 830 2861 867 2941; x_wconf 79' lang='lat'><strong>23</strong></span> <span class='ocrx_word' id='word_1_188' title='bbox 901 2861 956 2937; x_wconf 79' lang='lat'><strong>19,</strong></span> <span class='ocrx_word' id='word_1_189' title='bbox 980 2860 1009 2924; x_wconf 83' lang='lat'><strong>6.</strong></span> <span class='ocrx_word' id='word_1_190' title='bbox 1056 2858 1156 2922; x_wconf 88' lang='lat' dir='ltr'><strong>Recte</strong></span> <span class='ocrx_word' id='word_1_191' title='bbox 1179 2858 1335 2924; x_wconf 88' lang='lat' dir='ltr'><strong>Huschke</strong></span> 
     </span>
     <span class='ocr_line' id='line_1_26' title="bbox 198 2961 1335 3050; baseline 0.001 -25"><span class='ocrx_word' id='word_1_192' title='bbox 198 2961 257 3025; x_wconf 87' lang='lat' dir='ltr'><strong>hos</strong></span> <span class='ocrx_word' id='word_1_193' title='bbox 279 2967 343 3026; x_wconf 92' lang='lat' dir='ltr'><strong>tres</strong></span> <span class='ocrx_word' id='word_1_194' title='bbox 365 2963 453 3027; x_wconf 93' lang='lat' dir='ltr'><strong>locos</strong></span> <span class='ocrx_word' id='word_1_195' title='bbox 478 2963 615 3048; x_wconf 79' lang='lat' dir='ltr'><strong>collegit,</strong></span> <span class='ocrx_word' id='word_1_196' title='bbox 638 2972 768 3050; x_wconf 87' lang='lat' dir='ltr'><strong>praeter</strong></span> <span class='ocrx_word' id='word_1_197' title='bbox 800 2984 880 3046; x_wconf 87' lang='lat' dir='ltr'><strong>quos</strong></span> <span class='ocrx_word' id='word_1_198' title='bbox 910 2963 1011 3027; x_wconf 78' lang='lat' dir='ltr'><strong>torma</strong></span> <span class='ocrx_word' id='word_1_199' title='bbox 1030 2964 1207 3046; x_wconf 79' lang='lat' dir='ltr'><strong>praestavit</strong></span> <span class='ocrx_word' id='word_1_200' title='bbox 1230 2964 1260 3025; x_wconf 94' lang='lat' dir='ltr'><strong>in</strong></span> <span class='ocrx_word' id='word_1_201' title='bbox 1282 2961 1335 3026; x_wconf 92' lang='lat' dir='ltr'><strong>In-</strong></span> 
     </span>
     <span class='ocr_line' id='line_1_27' title="bbox 198 3065 1334 3163; baseline 0 -34"><span class='ocrx_word' id='word_1_202' title='bbox 198 3065 415 3131; x_wconf 89' lang='lat' dir='ltr'><strong>stitutionibus</strong></span> <span class='ocrx_word' id='word_1_203' title='bbox 438 3087 503 3130; x_wconf 92' lang='lat' dir='ltr'><strong>non</strong></span> <span class='ocrx_word' id='word_1_204' title='bbox 527 3067 661 3150; x_wconf 72' lang='lat' dir='ltr'><strong>legitur,</strong></span> <span class='ocrx_word' id='word_1_205' title='bbox 684 3089 758 3131; x_wconf 85' lang='lat' dir='ltr'><strong>nam</strong></span> <span class='ocrx_word' id='word_1_206' title='bbox 782 3067 812 3130; x_wconf 93' lang='lat' dir='ltr'><strong>in</strong></span> <span class='ocrx_word' id='word_1_207' title='bbox 830 3067 911 3131; x_wconf 93' lang='lat' dir='ltr'><strong>libro</strong></span> <span class='ocrx_word' id='word_1_208' title='bbox 929 3065 981 3130; x_wconf 90' lang='lat' dir='ltr'><strong>III</strong></span> <span class='ocrx_word' id='word_1_209' title='bbox 998 3069 1064 3144; x_wconf 77' lang='lat' dir='ltr'><strong>(ll,</strong></span> <span class='ocrx_word' id='word_1_210' title='bbox 1081 3067 1100 3126; x_wconf 84' lang='lat'><strong>4</strong></span> <span class='ocrx_word' id='word_1_211' title='bbox 1120 3067 1334 3163; x_wconf 62' lang='lat' dir='ltr'><strong>praestiterat</strong></span> 
     </span>
     <span class='ocr_line' id='line_1_28' title="bbox 198 3169 1335 3255; baseline 0.002 -22"><span class='ocrx_word' id='word_1_212' title='bbox 198 3171 255 3248; x_wconf 79' lang='lat'><strong>24,</strong></span> <span class='ocrx_word' id='word_1_213' title='bbox 286 3172 304 3234; x_wconf 90' lang='grc'>5</span> <span class='ocrx_word' id='word_1_214' title='bbox 331 3171 528 3253; x_wconf 78' lang='lat' dir='ltr'><strong>praestiterit</strong></span> <span class='ocrx_word' id='word_1_215' title='bbox 548 3173 624 3252; x_wconf 82' lang='grc'>126,</span> <span class='ocrx_word' id='word_1_216' title='bbox 655 3174 672 3235; x_wconf 83' lang='lat' dir='ltr'><strong>l</strong></span> <span class='ocrx_word' id='word_1_217' title='bbox 702 3170 916 3255; x_wconf 79' lang='lat' dir='ltr'><strong>praestiteris)</strong></span> <span class='ocrx_word' id='word_1_218' title='bbox 948 3170 1067 3255; x_wconf 92' lang='lat' dir='ltr'><strong>ubique</strong></span> <span class='ocrx_word' id='word_1_219' title='bbox 1099 3169 1199 3232; x_wconf 87' lang='lat' dir='ltr'><strong>altera</strong></span> <span class='ocrx_word' id='word_1_220' title='bbox 1231 3171 1335 3235; x_wconf 86' lang='lat' dir='ltr'><strong>forma</strong></span> 
     </span>
     <span class='ocr_line' id='line_1_29' title="bbox 199 3272 1333 3358; baseline 0.003 -22"><span class='ocrx_word' id='word_1_221' title='bbox 199 3273 325 3337; x_wconf 84' lang='lat' dir='ltr'><strong>obviam</strong></span> <span class='ocrx_word' id='word_1_222' title='bbox 356 3274 400 3336; x_wconf 86' lang='lat' dir='ltr'><strong>fit.</strong></span> <span class='ocrx_word' id='word_1_223' title='bbox 445 3272 513 3340; x_wconf 90' lang='lat' dir='ltr'><strong>Nec</strong></span> <span class='ocrx_word' id='word_1_224' title='bbox 544 3280 652 3338; x_wconf 85' lang='lat' dir='ltr'><strong>tamen</strong></span> <span class='ocrx_word' id='word_1_225' title='bbox 683 3274 820 3339; x_wconf 84' lang='lat' dir='ltr'><strong>alienam</strong></span> <span class='ocrx_word' id='word_1_226' title='bbox 852 3274 892 3337; x_wconf 83' lang='lat' dir='ltr'><strong>ab</strong></span> <span class='ocrx_word' id='word_1_227' title='bbox 924 3294 973 3354; x_wconf 88' lang='lat' dir='ltr'><strong>co,</strong></span> <span class='ocrx_word' id='word_1_228' title='bbox 1007 3275 1059 3358; x_wconf 93' lang='lat' dir='ltr'><strong>qui</strong></span> <span class='ocrx_word' id='word_1_229' title='bbox 1084 3273 1204 3358; x_wconf 90' lang='lat' dir='ltr'><strong>priores</strong></span> <span class='ocrx_word' id='word_1_230' title='bbox 1236 3274 1333 3339; x_wconf 90' lang='lat' dir='ltr'><strong>libros</strong></span> 
     </span>
     <span class='ocr_line' id='line_1_30' title="bbox 199 3376 1336 3462; baseline 0.001 -21"><span class='ocrx_word' id='word_1_231' title='bbox 199 3377 386 3462; x_wconf 88' lang='lat' dir='ltr'><strong>composuit,</strong></span> <span class='ocrx_word' id='word_1_232' title='bbox 409 3376 543 3441; x_wconf 89' lang='lat' dir='ltr'><strong>formam</strong></span> <span class='ocrx_word' id='word_1_233' title='bbox 565 3380 711 3461; x_wconf 78' lang='lat' dir='ltr'><strong>praestiti</strong></span> <span class='ocrx_word' id='word_1_234' title='bbox 725 3377 824 3443; x_wconf 85' lang='lat' dir='ltr'><strong>fuisse</strong></span> <span class='ocrx_word' id='word_1_235' title='bbox 841 3377 936 3442; x_wconf 92' lang='lat' dir='ltr'><strong>docet</strong></span> <span class='ocrx_word' id='word_1_236' title='bbox 952 3377 985 3440; x_wconf 96' lang='lat' dir='ltr'><strong>ll</strong></span> <span class='ocrx_word' id='word_1_237' title='bbox 1003 3380 1053 3460; x_wconf 89' lang='lat'><strong>19,</strong></span> <span class='ocrx_word' id='word_1_238' title='bbox 1070 3380 1089 3441; x_wconf 84' lang='lat'><strong>6</strong></span> <span class='ocrx_word' id='word_1_239' title='bbox 1112 3379 1336 3460; x_wconf 83' lang='lat' dir='ltr'><strong>praestitit</strong></span> 
     </span>
     <span class='ocr_line' id='line_1_31' title="bbox 197 3479 1335 3566; baseline 0 -21"><span class='ocrx_word' id='word_1_240' title='bbox 197 3481 254 3546; x_wconf 87' lang='lat' dir='ltr'><strong>hoc</strong></span> <span class='ocrx_word' id='word_1_241' title='bbox 285 3481 478 3566; x_wconf 78' lang='lat' dir='ltr'><strong>beneficium,</strong></span> <span class='ocrx_word' id='word_1_242' title='bbox 512 3502 575 3566; x_wconf 92' lang='lat' dir='ltr'><strong>quo</strong></span> <span class='ocrx_word' id='word_1_243' title='bbox 607 3482 678 3546; x_wconf 91' lang='lat' dir='ltr'><strong>loeo</strong></span> <span class='ocrx_word' id='word_1_244' title='bbox 711 3489 848 3565; x_wconf 89' lang='lat' dir='ltr'><strong>utraque</strong></span> <span class='ocrx_word' id='word_1_245' title='bbox 879 3481 982 3545; x_wconf 88' lang='lat' dir='ltr'><strong>forma</strong></span> <span class='ocrx_word' id='word_1_246' title='bbox 1014 3482 1067 3543; x_wconf 82' lang='lat' dir='ltr'><strong>vix</strong></span> <span class='ocrx_word' id='word_1_247' title='bbox 1090 3479 1216 3546; x_wconf 90' lang='lat' dir='ltr'><strong>duabus</strong></span> <span class='ocrx_word' id='word_1_248' title='bbox 1245 3480 1335 3545; x_wconf 89' lang='lat' dir='ltr'><strong>lineis</strong></span> 
     </span>
     <span class='ocr_line' id='line_1_32' title="bbox 199 3584 1335 3671; baseline 0 -23"><span class='ocrx_word' id='word_1_249' title='bbox 199 3584 299 3649; x_wconf 88' lang='lat' dir='ltr'><strong>altera</strong></span> <span class='ocrx_word' id='word_1_250' title='bbox 329 3585 369 3648; x_wconf 89' lang='lat' dir='ltr'><strong>ab</strong></span> <span class='ocrx_word' id='word_1_251' title='bbox 400 3585 501 3649; x_wconf 88' lang='lat' dir='ltr'><strong>altera</strong></span> <span class='ocrx_word' id='word_1_252' title='bbox 532 3593 657 3651; x_wconf 88' lang='lat' dir='ltr'><strong>secreta</strong></span> <span class='ocrx_word' id='word_1_253' title='bbox 687 3585 815 3669; x_wconf 88' lang='lat' dir='ltr'><strong>legitur.</strong></span> <span class='ocrx_word' id='word_1_254' title='bbox 869 3585 979 3671; x_wconf 88' lang='lat' dir='ltr'><strong>Atque</strong></span> <span class='ocrx_word' id='word_1_255' title='bbox 1011 3606 1082 3649; x_wconf 93' lang='lat' dir='ltr'><strong>cum</strong></span> <span class='ocrx_word' id='word_1_256' title='bbox 1113 3584 1264 3671; x_wconf 85' lang='lat' dir='ltr'><strong>exemplis</strong></span> <span class='ocrx_word' id='word_1_257' title='bbox 1294 3607 1335 3649; x_wconf 87' lang='lat' dir='ltr'><strong>cx</strong></span> 
     </span>
     <span class='ocr_line' id='line_1_33' title="bbox 199 3688 1335 3774; baseline 0.001 -22"><span class='ocrx_word' id='word_1_258' title='bbox 199 3689 479 3755; x_wconf 86' lang='lat' dir='ltr'><strong>constitutionibus</strong></span> <span class='ocrx_word' id='word_1_259' title='bbox 501 3689 678 3772; x_wconf 88' lang='lat' dir='ltr'><strong>iustiniani,</strong></span> <span class='ocrx_word' id='word_1_260' title='bbox 702 3711 784 3774; x_wconf 89' lang='lat' dir='ltr'><strong>quae</strong></span> <span class='ocrx_word' id='word_1_261' title='bbox 805 3688 911 3755; x_wconf 81' lang='lat' dir='ltr'><strong>Codiei</strong></span> <span class='ocrx_word' id='word_1_262' title='bbox 935 3690 1071 3755; x_wconf 88' lang='lat' dir='ltr'><strong>insertae</strong></span> <span class='ocrx_word' id='word_1_263' title='bbox 1095 3697 1180 3773; x_wconf 91' lang='lat' dir='ltr'><strong>sunt,</strong></span> <span class='ocrx_word' id='word_1_264' title='bbox 1205 3690 1335 3755; x_wconf 91' lang='lat' dir='ltr'><strong>demon·</strong></span> 
     </span>
     <span class='ocr_line' id='line_1_34' title="bbox 199 3793 1335 3878; baseline 0.002 -23"><span class='ocrx_word' id='word_1_265' title='bbox 199 3799 318 3857; x_wconf 88' lang='lat' dir='ltr'><strong>etretur</strong></span> <span class='ocrx_word' id='word_1_266' title='bbox 342 3801 510 3878; x_wconf 89' lang='lat' dir='ltr'><strong>utramque</strong></span> <span class='ocrx_word' id='word_1_267' title='bbox 533 3794 666 3860; x_wconf 88' lang='lat' dir='ltr'><strong>formam</strong></span> <span class='ocrx_word' id='word_1_268' title='bbox 688 3801 756 3859; x_wconf 91' lang='lat' dir='ltr'><strong>tum</strong></span> <span class='ocrx_word' id='word_1_269' title='bbox 773 3794 925 3878; x_wconf 91' lang='lat' dir='ltr'><strong>temporis</strong></span> <span class='ocrx_word' id='word_1_270' title='bbox 943 3795 975 3858; x_wconf 90' lang='lat' dir='ltr'><strong>in</strong></span> <span class='ocrx_word' id='word_1_271' title='bbox 992 3815 1051 3858; x_wconf 90' lang='lat' dir='ltr'><strong>usu</strong></span> <span class='ocrx_word' id='word_1_272' title='bbox 1068 3793 1176 3873; x_wconf 83' lang='lat' dir='ltr'><strong>fuisse,</strong></span> <span class='ocrx_word' id='word_1_273' title='bbox 1199 3793 1335 3858; x_wconf 84' lang='lat' dir='ltr'><strong>efficitur</strong></span> 
     </span>
     <span class='ocr_line' id='line_1_35' title="bbox 199 3897 1335 3982; baseline 0.003 -22"><span class='ocrx_word' id='word_1_274' title='bbox 199 3915 263 3960; x_wconf 92' lang='lat' dir='ltr'><strong>non</strong></span> <span class='ocrx_word' id='word_1_275' title='bbox 288 3903 351 3960; x_wconf 87' lang='lat' dir='ltr'><strong>tam</strong></span> <span class='ocrx_word' id='word_1_276' title='bbox 365 3897 586 3963; x_wconf 91' lang='lat' dir='ltr'><strong>soloecismum</strong></span> <span class='ocrx_word' id='word_1_277' title='bbox 611 3919 681 3962; x_wconf 91' lang='lat' dir='ltr'><strong>esse</strong></span> <span class='ocrx_word' id='word_1_278' title='bbox 698 3897 904 3963; x_wconf 89' lang='lat' dir='ltr'><strong>statuendum</strong></span> <span class='ocrx_word' id='word_1_279' title='bbox 929 3917 1022 3982; x_wconf 91' lang='lat' dir='ltr'><strong>quam</strong></span> <span class='ocrx_word' id='word_1_280' title='bbox 1039 3917 1121 3973; x_wconf 85' lang='lat' dir='ltr'><strong>eum,</strong></span> <span class='ocrx_word' id='word_1_281' title='bbox 1144 3897 1198 3981; x_wconf 93' lang='lat' dir='ltr'><strong>qui</strong></span> <span class='ocrx_word' id='word_1_282' title='bbox 1214 3897 1335 3981; x_wconf 88' lang='lat' dir='ltr'><strong>priores</strong></span> 
     </span>
     <span class='ocr_line' id='line_1_36' title="bbox 198 3999 1335 4088; baseline 0.003 -25"><span class='ocrx_word' id='word_1_283' title='bbox 198 3999 295 4064; x_wconf 89' lang='lat' dir='ltr'><strong>libros</strong></span> <span class='ocrx_word' id='word_1_284' title='bbox 319 4001 556 4087; x_wconf 89' lang='lat' dir='ltr'><strong>conscripserit,</strong></span> <span class='ocrx_word' id='word_1_285' title='bbox 579 4008 746 4088; x_wconf 88' lang='lat' dir='ltr'><strong>utramque</strong></span> <span class='ocrx_word' id='word_1_286' title='bbox 768 4002 902 4067; x_wconf 84' lang='lat' dir='ltr'><strong>formam</strong></span> <span class='ocrx_word' id='word_1_287' title='bbox 933 4001 1109 4065; x_wconf 90' lang='lat' dir='ltr'><strong>seeundum</strong></span> <span class='ocrx_word' id='word_1_288' title='bbox 1133 4001 1257 4065; x_wconf 88' lang='lat' dir='ltr'><strong>dicendi</strong></span> <span class='ocrx_word' id='word_1_289' title='bbox 1281 4002 1335 4088; x_wconf 90' lang='lat' dir='ltr'><strong>qui</strong></span> 
     </span>
     <span class='ocr_line' id='line_1_37' title="bbox 199 4104 1335 4193; baseline 0.001 -26"><span class='ocrx_word' id='word_1_290' title='bbox 199 4110 266 4167; x_wconf 93' lang='lat' dir='ltr'><strong>tum</strong></span> <span class='ocrx_word' id='word_1_291' title='bbox 303 4111 372 4168; x_wconf 88' lang='lat' dir='ltr'><strong>erat</strong></span> <span class='ocrx_word' id='word_1_292' title='bbox 409 4126 500 4170; x_wconf 87' lang='lat' dir='ltr'><strong>usum</strong></span> <span class='ocrx_word' id='word_1_293' title='bbox 536 4107 755 4193; x_wconf 85' lang='lat' dir='ltr'><strong>usurpavisse,</strong></span> <span class='ocrx_word' id='word_1_294' title='bbox 794 4105 928 4170; x_wconf 87' lang='lat' dir='ltr'><strong>formam</strong></span> <span class='ocrx_word' id='word_1_295' title='bbox 966 4113 1075 4170; x_wconf 90' lang='lat' dir='ltr'><strong>autem</strong></span> <span class='ocrx_word' id='word_1_296' title='bbox 1108 4106 1271 4189; x_wconf 76' lang='lat' dir='ltr'><strong>praestavi</strong></span> <span class='ocrx_word' id='word_1_297' title='bbox 1302 4104 1335 4168; x_wconf 90' lang='lat' dir='ltr'><strong>in</strong></span> 
     </span>
     <span class='ocr_line' id='line_1_38' title="bbox 198 4208 1327 4295; baseline 0.001 -23"><span class='ocrx_word' id='word_1_298' title='bbox 198 4208 318 4273; x_wconf 89' lang='lat' dir='ltr'><strong>deliciis</strong></span> <span class='ocrx_word' id='word_1_299' title='bbox 340 4209 499 4275; x_wconf 85' lang='lat' dir='ltr'><strong>habuisse.</strong></span> <span class='ocrx_word' id='word_1_300' title='bbox 545 4211 633 4286; x_wconf 83' lang='lat' dir='ltr'><strong>Quos</strong></span> <span class='ocrx_word' id='word_1_301' title='bbox 656 4230 753 4295; x_wconf 89' lang='lat' dir='ltr'><strong>supra</strong></span> <span class='ocrx_word' id='word_1_302' title='bbox 775 4209 948 4294; x_wconf 84' lang='lat' dir='ltr'><strong>significavi</strong></span> <span class='ocrx_word' id='word_1_303' title='bbox 973 4208 1098 4274; x_wconf 82' lang='lat' dir='ltr'><strong>Codicis</strong></span> <span class='ocrx_word' id='word_1_304' title='bbox 1130 4210 1219 4274; x_wconf 93' lang='lat' dir='ltr'><strong>looos</strong></span> <span class='ocrx_word' id='word_1_305' title='bbox 1241 4229 1327 4274; x_wconf 90' lang='lat' dir='ltr'><strong>nuno</strong></span> 
     </span>
     <span class='ocr_line' id='line_1_39' title="bbox 198 4313 1337 4403; baseline -0.001 -28"><span class='ocrx_word' id='word_1_306' title='bbox 198 4332 362 4403; x_wconf 86' lang='lat' dir='ltr'><strong>propono:</strong></span> <span class='ocrx_word' id='word_1_307' title='bbox 393 4313 509 4397; x_wconf 86' lang='lat'><strong>1155,</strong></span> <span class='ocrx_word' id='word_1_308' title='bbox 533 4318 563 4396; x_wconf 80' lang='grc'><strong>4,</strong></span> <span class='ocrx_word' id='word_1_309' title='bbox 588 4318 607 4379; x_wconf 90' lang='grc'><strong>3</strong></span> <span class='ocrx_word' id='word_1_310' title='bbox 627 4317 907 4403; x_wconf 78' lang='lat' dir='ltr'><strong>praestiterit</strong></span> <span class='ocrx_word' id='word_1_311' title='bbox 929 4316 1142 4379; x_wconf 75' lang='lat' dir='ltr'><strong>iuramentum</strong></span> <span class='ocrx_word' id='word_1_312' title='bbox 1164 4313 1248 4399; x_wconf 73' lang='lat' dir='ltr'><strong>quod</strong></span> <span class='ocrx_word' id='word_1_313' title='bbox 1271 4326 1337 4379; x_wconf 84' lang='lat' dir='ltr'><strong>..n</strong></span> 
     </span>
    </p>
   </div>
   <div class='ocr_carea' id='block_1_3' title="bbox 0 0 1490 4816">
    <p class='ocr_par' dir='ltr' id='par_1_5' title="bbox 0 0 1490 4816">
     <span class='ocr_line' id='line_1_40' title="bbox 0 0 1490 4816; baseline 0 0"><span class='ocrx_word' id='word_1_314' title='bbox 0 0 1490 4816; x_wconf 95' lang='lat' dir='ltr'><strong> </strong></span> 
     </span>
    </p>
   </div>
  </div>
 </body>
</html>
