<?xml version="1.0" encoding="UTF-8"?>
<!DOCTYPE html PUBLIC "-//W3C//DTD XHTML 1.0 Transitional//EN"
    "http://www.w3.org/TR/xhtml1/DTD/xhtml1-transitional.dtd">
<html xmlns="http://www.w3.org/1999/xhtml" xml:lang="en" lang="en">
 <head>
  <title>
</title>
<meta http-equiv="Content-Type" content="text/html;charset=utf-8" />
  <meta name='ocr-system' content='tesseract 3.04.00' />
  <meta name='ocr-capabilities' content='ocr_page ocr_carea ocr_par ocr_line ocrx_word'/>
</head>
<body>
  <div class='ocr_page' id='page_1' title='image "./dissertationesp00stragoog/dissertationesp00stragoog_0256.png"; bbox 0 0 2970 4814; ppageno 0'>
   <div class='ocr_carea' id='block_1_1' title="bbox 564 278 1263 370">
    <p class='ocr_par' dir='ltr' id='par_1_1' title="bbox 564 278 1263 370">
     <span class='ocr_line' id='line_1_1' title="bbox 564 278 1263 370; baseline 0 -23"><span class='ocrx_word' id='word_1_1' title='bbox 564 320 606 332; x_wconf 84' lang='grc'>-</span> <span class='ocrx_word' id='word_1_2' title='bbox 652 278 739 370; x_wconf 78' lang='lat'><strong>[275]</strong></span> <span class='ocrx_word' id='word_1_3' title='bbox 786 320 828 332; x_wconf 91' lang='grc'>-</span> <span class='ocrx_word' id='word_1_4' title='bbox 1221 283 1263 347; x_wconf 80' lang='grc' dir='ltr'><strong><em>ω</em></strong></span> 
     </span>
    </p>
   </div>
   <div class='ocr_carea' id='block_1_2' title="bbox 128 463 1268 3168">
    <p class='ocr_par' dir='ltr' id='par_1_2' title="bbox 130 463 1265 872">
     <span class='ocr_line' id='line_1_2' title="bbox 131 463 1264 560; baseline 0.001 -25"><span class='ocrx_word' id='word_1_5' title='bbox 131 463 201 538; x_wconf 85' lang='grc' dir='ltr'><strong><em>άπὸ</em></strong></span> <span class='ocrx_word' id='word_1_6' title='bbox 223 472 288 537; x_wconf 81' lang='grc' dir='ltr'><strong><em>τῶν</em></strong></span> <span class='ocrx_word' id='word_1_7' title='bbox 305 470 541 559; x_wconf 78' lang='grc' dir='ltr'><em>περιεχομένων</em></span> <span class='ocrx_word' id='word_1_8' title='bbox 554 468 596 537; x_wconf 85' lang='grc' dir='ltr'><strong><em>τὰ</em></strong></span> <span class='ocrx_word' id='word_1_9' title='bbox 612 468 737 553; x_wconf 75' lang='grc' dir='ltr'><strong><em>ἔξωθεν</em></strong></span> <span class='ocrx_word' id='word_1_10' title='bbox 753 470 944 559; x_wconf 81' lang='grc' dir='ltr'><strong><em>περιέχοντα</em></strong></span> <span class='ocrx_word' id='word_1_11' title='bbox 960 468 1168 560; x_wconf 78' lang='grc' dir='ltr'><strong><em>παρίστησιν,</em></strong></span> <span class='ocrx_word' id='word_1_12' title='bbox 1193 465 1264 538; x_wconf 80' lang='grc' dir='ltr'><strong><em>ἀντὶ</em></strong></span> 
     </span>
     <span class='ocr_line' id='line_1_3' title="bbox 130 567 1265 665; baseline -0.001 -25"><span class='ocrx_word' id='word_1_13' title='bbox 130 575 189 641; x_wconf 82' lang='grc' dir='ltr'><strong><em>τοῦ</em></strong></span> <span class='ocrx_word' id='word_1_14' title='bbox 202 567 272 641; x_wconf 85' lang='grc' dir='ltr'><strong><em>άπὸ</em></strong></span> <span class='ocrx_word' id='word_1_15' title='bbox 284 577 343 665; x_wconf 77' lang='grc' dir='ltr'><strong><em>τῆς</em></strong></span> <span class='ocrx_word' id='word_1_16' title='bbox 360 569 504 655; x_wconf 79' lang='grc' dir='ltr'><em>ἀσπίδος</em></span> <span class='ocrx_word' id='word_1_17' title='bbox 514 575 571 641; x_wconf 81' lang='grc' dir='ltr'><strong><em>καί</em></strong></span> <span class='ocrx_word' id='word_1_18' title='bbox 584 578 642 664; x_wconf 69' lang='grc' dir='ltr'><strong><em>τῆς</em></strong></span> <span class='ocrx_word' id='word_1_19' title='bbox 654 573 922 663; x_wconf 78' lang='grc' dir='ltr'><em>περικεφαλαίας.</em></span> <span class='ocrx_word' id='word_1_20' title='bbox 946 576 1223 656; x_wconf 84' lang='lat' dir='ltr'><strong>Me1.89‚73-9o‚</strong></span> <span class='ocrx_word' id='word_1_21' title='bbox 1236 581 1265 639; x_wconf 88' lang='lat'><strong><em>5.</em></strong></span> 
     </span>
     <span class='ocr_line' id='line_1_4' title="bbox 135 677 1265 765; baseline 0 -23"><span class='ocrx_word' id='word_1_22' title='bbox 135 677 166 764; x_wconf 83' lang='lat'><strong><em>1)</em></strong></span> <span class='ocrx_word' id='word_1_23' title='bbox 183 678 238 745; x_wconf 79' lang='lat' dir='ltr'><strong><em>or.</em></strong></span> <span class='ocrx_word' id='word_1_24' title='bbox 255 683 393 762; x_wconf 81' lang='lat'><strong>145,22;</strong></span> <span class='ocrx_word' id='word_1_25' title='bbox 417 680 679 762; x_wconf 81' lang='lat' dir='ltr'><strong>Et.M.726,12.</strong></span> <span class='ocrx_word' id='word_1_26' title='bbox 712 681 745 765; x_wconf 87' lang='lat'><strong><em>2)</em></strong></span> <span class='ocrx_word' id='word_1_27' title='bbox 763 681 978 761; x_wconf 75' lang='lat' dir='ltr'><strong><em>or.175,23;</em></strong></span> <span class='ocrx_word' id='word_1_28' title='bbox 1001 679 1198 760; x_wconf 68' lang='grc' dir='ltr'><strong><em>σταται,</em></strong></span> <span class='ocrx_word' id='word_1_29' title='bbox 1216 683 1265 742; x_wconf 85' lang='lat'><strong><em>17.</em></strong></span> 
     </span>
     <span class='ocr_line' id='line_1_5' title="bbox 131 783 1213 872; baseline 0 -25"><span class='ocrx_word' id='word_1_30' title='bbox 131 783 165 867; x_wconf 83' lang='lat'><strong><em>3)</em></strong></span> <span class='ocrx_word' id='word_1_31' title='bbox 190 783 243 849; x_wconf 87' lang='lat' dir='ltr'><strong><em>Or.</em></strong></span> <span class='ocrx_word' id='word_1_32' title='bbox 264 787 315 865; x_wconf 87' lang='lat'><strong><em>72,</em></strong></span> <span class='ocrx_word' id='word_1_33' title='bbox 328 788 363 859; x_wconf 79' lang='lat'><strong><em>63</em></strong></span> <span class='ocrx_word' id='word_1_34' title='bbox 387 784 440 850; x_wconf 77' lang='lat' dir='ltr'><strong><em>Et.</em></strong></span> <span class='ocrx_word' id='word_1_35' title='bbox 456 784 499 850; x_wconf 90' lang='lat' dir='ltr'><strong><em>M.</em></strong></span> <span class='ocrx_word' id='word_1_36' title='bbox 516 788 589 866; x_wconf 77' lang='lat'><strong>460,</strong></span> <span class='ocrx_word' id='word_1_37' title='bbox 606 789 655 849; x_wconf 76' lang='lat'><strong><em>14.</em></strong></span> <span class='ocrx_word' id='word_1_38' title='bbox 690 784 755 850; x_wconf 81' lang='lat' dir='ltr'><strong><em>Cir.</em></strong></span> <span class='ocrx_word' id='word_1_39' title='bbox 772 806 871 870; x_wconf 78' lang='lat' dir='ltr'>supro</span> <span class='ocrx_word' id='word_1_40' title='bbox 890 808 921 871; x_wconf 92' lang='lat' dir='ltr'><strong><em>p.</em></strong></span> <span class='ocrx_word' id='word_1_41' title='bbox 941 787 979 849; x_wconf 89' lang='grc'><strong><em>16</em></strong></span> <span class='ocrx_word' id='word_1_42' title='bbox 1004 794 1036 850; x_wconf 87' lang='lat' dir='ltr'><strong><em>et</em></strong></span> <span class='ocrx_word' id='word_1_43' title='bbox 1061 808 1091 872; x_wconf 89' lang='lat' dir='ltr'><strong><em>p.</em></strong></span> <span class='ocrx_word' id='word_1_44' title='bbox 1110 788 1149 849; x_wconf 88' lang='grc'><strong><em>33</em></strong></span> <span class='ocrx_word' id='word_1_45' title='bbox 1166 806 1213 870; x_wconf 83' lang='lat' dir='ltr'><strong><em>sq.</em></strong></span> 
     </span>
    </p>

    <p class='ocr_par' dir='ltr' id='par_1_3' title="bbox 128 882 1268 3057">
     <span class='ocr_line' id='line_1_6' title="bbox 216 882 1262 974; baseline -0.003 -20"><span class='ocrx_word' id='word_1_46' title='bbox 216 886 287 956; x_wconf 83' lang='grc'><strong><em>226</em></strong></span> <span class='ocrx_word' id='word_1_47' title='bbox 311 883 452 971; x_wconf 71' lang='grc' dir='ltr'><strong><em>στόματι</em></strong></span> <span class='ocrx_word' id='word_1_48' title='bbox 489 882 574 954; x_wconf 80' lang='grc' dir='ltr'><strong><em>οίίτω</em></strong></span> <span class='ocrx_word' id='word_1_49' title='bbox 597 885 733 974; x_wconf 79' lang='grc' dir='ltr'><strong><em>λέγεται,</em></strong></span> <span class='ocrx_word' id='word_1_50' title='bbox 758 882 809 954; x_wconf 81' lang='grc' dir='ltr'><strong><em>ὅτι</em></strong></span> <span class='ocrx_word' id='word_1_51' title='bbox 832 883 919 972; x_wconf 88' lang='grc' dir='ltr'><strong><em>τόμα</em></strong></span> <span class='ocrx_word' id='word_1_52' title='bbox 941 884 975 953; x_wconf 93' lang='grc' dir='ltr'><strong><em>τί</em></strong></span> <span class='ocrx_word' id='word_1_53' title='bbox 990 885 1069 968; x_wconf 80' lang='grc' dir='ltr'><strong><em>ἐστι,</em></strong></span> <span class='ocrx_word' id='word_1_54' title='bbox 1093 883 1131 953; x_wconf 87' lang='grc' dir='ltr'><strong><em>τὸ</em></strong></span> <span class='ocrx_word' id='word_1_55' title='bbox 1147 886 1262 971; x_wconf 79' lang='grc' dir='ltr'><strong><em>τέμνον</em></strong></span> 
     </span>
     <span class='ocr_line' id='line_1_7' title="bbox 130 978 1265 1078; baseline 0.001 -24"><span class='ocrx_word' id='word_1_56' title='bbox 130 993 171 1054; x_wconf 83' lang='grc' dir='ltr'><strong><em>τὰ</em></strong></span> <span class='ocrx_word' id='word_1_57' title='bbox 193 978 285 1056; x_wconf 86' lang='grc' dir='ltr'><strong><em>σιτία</em></strong></span> <span class='ocrx_word' id='word_1_58' title='bbox 297 992 333 1077; x_wconf 89' lang='lat'><strong><em>¹).</em></strong></span> <span class='ocrx_word' id='word_1_59' title='bbox 378 991 533 1078; x_wconf 77' lang='grc' dir='ltr'><strong><em>γλῶσσα</em></strong></span> <span class='ocrx_word' id='word_1_60' title='bbox 556 989 605 1072; x_wconf 81' lang='grc' dir='ltr'><strong><em>δέ,</em></strong></span> <span class='ocrx_word' id='word_1_61' title='bbox 635 987 728 1078; x_wconf 86' lang='grc' dir='ltr'><strong><em>παρὰ</em></strong></span> <span class='ocrx_word' id='word_1_62' title='bbox 750 987 789 1058; x_wconf 88' lang='grc' dir='ltr'><strong><em>τὸ</em></strong></span> <span class='ocrx_word' id='word_1_63' title='bbox 812 986 943 1073; x_wconf 73' lang='grc' dir='ltr'><strong><em>κλοίδω,</em></strong></span> <span class='ocrx_word' id='word_1_64' title='bbox 972 989 1183 1078; x_wconf 73' lang='grc' dir='ltr'><strong><em>κλωθομίνης</em></strong></span> <span class='ocrx_word' id='word_1_65' title='bbox 1204 987 1265 1077; x_wconf 76' lang='grc' dir='ltr'><strong><em>γὰρ</em></strong></span> 
     </span>
     <span class='ocr_line' id='line_1_8' title="bbox 130 1082 1266 1183; baseline 0.001 -25"><span class='ocrx_word' id='word_1_66' title='bbox 130 1094 188 1180; x_wconf 80' lang='grc' dir='ltr'><strong><em>τῆς</em></strong></span> <span class='ocrx_word' id='word_1_67' title='bbox 209 1089 355 1182; x_wconf 75' lang='grc' dir='ltr'><em>γλώσσης</em></span> <span class='ocrx_word' id='word_1_68' title='bbox 377 1093 559 1181; x_wconf 81' lang='grc' dir='ltr'><strong><em>ἐξέρχονται</em></strong></span> <span class='ocrx_word' id='word_1_69' title='bbox 584 1092 615 1162; x_wconf 77' lang='lat' dir='ltr'><strong><em>oi</em></strong></span> <span class='ocrx_word' id='word_1_70' title='bbox 638 1092 743 1182; x_wconf 85' lang='grc' dir='ltr'><strong><em>λόχοι·</em></strong></span> <span class='ocrx_word' id='word_1_71' title='bbox 778 1090 798 1183; x_wconf 77' lang='grc' dir='ltr'>ἢ</span> <span class='ocrx_word' id='word_1_72' title='bbox 821 1086 891 1161; x_wconf 86' lang='grc' dir='ltr'><strong><em>οἷον</em></strong></span> <span class='ocrx_word' id='word_1_73' title='bbox 919 1096 1057 1181; x_wconf 79' lang='grc' dir='ltr'><strong><em>χνῶσσα,</em></strong></span> <span class='ocrx_word' id='word_1_74' title='bbox 1093 1088 1140 1161; x_wconf 73' lang='grc' dir='ltr'><strong><em>δι’</em></strong></span> <span class='ocrx_word' id='word_1_75' title='bbox 1165 1082 1203 1182; x_wconf 77' lang='grc' dir='ltr'><strong><em>ἧς</em></strong></span> <span class='ocrx_word' id='word_1_76' title='bbox 1224 1090 1266 1159; x_wconf 86' lang='grc' dir='ltr'><strong><em>τὰ</em></strong></span> 
     </span>
     <span class='ocr_line' id='line_1_9' title="bbox 129 1193 1267 1288; baseline 0.002 -26"><span class='ocrx_word' id='word_1_77' title='bbox 129 1200 187 1285; x_wconf 78' lang='grc' dir='ltr'><strong><em>τῆς</em></strong></span> <span class='ocrx_word' id='word_1_78' title='bbox 219 1201 324 1288; x_wconf 71' lang='grc' dir='ltr'><strong><em>ψυχῆς</em></strong></span> <span class='ocrx_word' id='word_1_79' title='bbox 352 1195 558 1286; x_wconf 74' lang='grc' dir='ltr'><strong><em>βουλεύματα</em></strong></span> <span class='ocrx_word' id='word_1_80' title='bbox 589 1195 833 1288; x_wconf 62' lang='grc' dir='ltr'><strong><em>χινιόσκομενί).</em></strong></span> <span class='ocrx_word' id='word_1_81' title='bbox 879 1193 1040 1279; x_wconf 76' lang='grc' dir='ltr'><strong><em>ὀδόντες</em></strong></span> <span class='ocrx_word' id='word_1_82' title='bbox 1067 1199 1116 1280; x_wconf 83' lang='grc' dir='ltr'><strong><em>δέ,</em></strong></span> <span class='ocrx_word' id='word_1_83' title='bbox 1146 1198 1181 1265; x_wconf 76' lang='grc' dir='ltr'><strong><em>ἐκ</em></strong></span> <span class='ocrx_word' id='word_1_84' title='bbox 1208 1201 1267 1265; x_wconf 81' lang='grc' dir='ltr'><strong><em>τοῦ</em></strong></span> 
     </span>
     <span class='ocr_line' id='line_1_10' title="bbox 130 1287 1266 1391; baseline 0.003 -25"><span class='ocrx_word' id='word_1_85' title='bbox 130 1297 209 1383; x_wconf 71' lang='grc' dir='ltr'><strong><em>ἔδω,</em></strong></span> <span class='ocrx_word' id='word_1_86' title='bbox 241 1287 278 1369; x_wconf 83' lang='grc' dir='ltr'><strong><em>τό</em></strong></span> <span class='ocrx_word' id='word_1_87' title='bbox 310 1300 431 1384; x_wconf 69' lang='grc' dir='ltr'><strong><em>ἐσθίω,</em></strong></span> <span class='ocrx_word' id='word_1_88' title='bbox 462 1299 564 1382; x_wconf 71' lang='grc' dir='ltr'><strong><em>οὕτως</em></strong></span> <span class='ocrx_word' id='word_1_89' title='bbox 593 1297 808 1388; x_wconf 88' lang='grc' dir='ltr'><strong><em>ὀνομάζονται</em></strong></span> <span class='ocrx_word' id='word_1_90' title='bbox 819 1305 856 1391; x_wconf 81' lang='lat'><strong><em>³).</em></strong></span> <span class='ocrx_word' id='word_1_91' title='bbox 908 1307 972 1369; x_wconf 82' lang='grc' dir='ltr'><strong><em>τῶν</em></strong></span> <span class='ocrx_word' id='word_1_92' title='bbox 1002 1300 1037 1369; x_wconf 83' lang='grc' dir='ltr'><strong><em>δὲ</em></strong></span> <span class='ocrx_word' id='word_1_93' title='bbox 1065 1296 1206 1369; x_wconf 81' lang='grc' dir='ltr'><strong><em>ὀδόντων</em></strong></span> <span class='ocrx_word' id='word_1_94' title='bbox 1234 1299 1266 1369; x_wconf 79' lang='grc' dir='ltr'><strong><em>σί</em></strong></span> 
     </span>
     <span class='ocr_line' id='line_1_11' title="bbox 129 1402 1267 1494; baseline 0.002 -22"><span class='ocrx_word' id='word_1_95' title='bbox 129 1406 189 1491; x_wconf 82' lang='grc' dir='ltr'><strong><em>μὲν</em></strong></span> <span class='ocrx_word' id='word_1_96' title='bbox 208 1406 361 1492; x_wconf 79' lang='grc' dir='ltr'><strong><em>τέμνουσι</em></strong></span> <span class='ocrx_word' id='word_1_97' title='bbox 383 1404 426 1474; x_wconf 85' lang='grc' dir='ltr'><strong><em>τὰ</em></strong></span> <span class='ocrx_word' id='word_1_98' title='bbox 447 1405 548 1488; x_wconf 86' lang='grc' dir='ltr'><strong><em>σιτία,</em></strong></span> <span class='ocrx_word' id='word_1_99' title='bbox 572 1404 604 1474; x_wconf 75' lang='grc' dir='ltr'><strong><em>οἱ</em></strong></span> <span class='ocrx_word' id='word_1_100' title='bbox 628 1406 664 1474; x_wconf 80' lang='grc' dir='ltr'><strong><em>δὲ</em></strong></span> <span class='ocrx_word' id='word_1_101' title='bbox 684 1404 876 1489; x_wconf 86' lang='grc' dir='ltr'><strong><em>λεαίνουσιν,</em></strong></span> <span class='ocrx_word' id='word_1_102' title='bbox 901 1404 932 1473; x_wconf 78' lang='lat' dir='ltr'><strong><em>oi</em></strong></span> <span class='ocrx_word' id='word_1_103' title='bbox 955 1406 1011 1473; x_wconf 80' lang='grc' dir='ltr'><strong><em>καί</em></strong></span> <span class='ocrx_word' id='word_1_104' title='bbox 1027 1402 1152 1491; x_wconf 84' lang='grc' dir='ltr'><strong><em>μόλαι</em></strong></span> <span class='ocrx_word' id='word_1_105' title='bbox 1175 1403 1267 1494; x_wconf 75' lang='grc' dir='ltr'><strong><em>λεγό-</em></strong></span> 
     </span>
     <span class='ocr_line' id='line_1_12' title="bbox 129 1504 1267 1599; baseline 0.001 -23"><span class='ocrx_word' id='word_1_106' title='bbox 129 1535 221 1594; x_wconf 84' lang='grc' dir='ltr'><strong><em>μενοι</em></strong></span> <span class='ocrx_word' id='word_1_107' title='bbox 255 1506 276 1599; x_wconf 79' lang='grc' dir='ltr'>ἢ</span> <span class='ocrx_word' id='word_1_108' title='bbox 304 1510 515 1599; x_wconf 58' lang='grc' dir='ltr'><strong><em>μυλῖταιί).</em></strong></span> <span class='ocrx_word' id='word_1_109' title='bbox 560 1507 790 1591; x_wconf 88' lang='grc' dir='ltr'><strong><em>κυνόδοντες</em></strong></span> <span class='ocrx_word' id='word_1_110' title='bbox 822 1511 968 1598; x_wconf 85' lang='grc' dir='ltr'><strong><em>λίχονται</em></strong></span> <span class='ocrx_word' id='word_1_111' title='bbox 1003 1504 1072 1578; x_wconf 83' lang='grc' dir='ltr'><strong><em>ἀπὸ</em></strong></span> <span class='ocrx_word' id='word_1_112' title='bbox 1105 1514 1164 1577; x_wconf 80' lang='grc' dir='ltr'><strong><em>τοῦ</em></strong></span> <span class='ocrx_word' id='word_1_113' title='bbox 1196 1516 1267 1591; x_wconf 82' lang='grc' dir='ltr'><strong><em>τοῖς</em></strong></span> 
     </span>
     <span class='ocr_line' id='line_1_13' title="bbox 130 1609 1266 1704; baseline 0 -24"><span class='ocrx_word' id='word_1_114' title='bbox 130 1617 194 1680; x_wconf 81' lang='grc' dir='ltr'><strong><em>τῶν</em></strong></span> <span class='ocrx_word' id='word_1_115' title='bbox 215 1618 318 1681; x_wconf 80' lang='grc' dir='ltr'><strong><em>κινῶν</em></strong></span> <span class='ocrx_word' id='word_1_116' title='bbox 339 1614 478 1682; x_wconf 74' lang='grc' dir='ltr'><strong><em>ἐοικέναι</em></strong></span> <span class='ocrx_word' id='word_1_117' title='bbox 502 1609 633 1682; x_wconf 78' lang='grc' dir='ltr'><strong><em>ὀδοῦσιν</em></strong></span> <span class='ocrx_word' id='word_1_118' title='bbox 643 1616 681 1700; x_wconf 74' lang='lat'><strong><em>⁵).</em></strong></span> <span class='ocrx_word' id='word_1_119' title='bbox 715 1613 885 1704; x_wconf 78' lang='grc' dir='ltr'><strong><em>γομφίοι</em></strong></span> <span class='ocrx_word' id='word_1_120' title='bbox 909 1615 953 1694; x_wconf 84' lang='grc' dir='ltr'><strong><em>δέ,</em></strong></span> <span class='ocrx_word' id='word_1_121' title='bbox 976 1612 1031 1681; x_wconf 86' lang='grc' dir='ltr'><strong><em>διὰ</em></strong></span> <span class='ocrx_word' id='word_1_122' title='bbox 1054 1611 1111 1703; x_wconf 78' lang='grc' dir='ltr'><strong><em>τὴν</em></strong></span> <span class='ocrx_word' id='word_1_123' title='bbox 1127 1609 1266 1701; x_wconf 80' lang='grc' dir='ltr'><strong><em>κάμψιν,</em></strong></span> 
     </span>
     <span class='ocr_line' id='line_1_14' title="bbox 130 1714 1267 1808; baseline 0 -24"><span class='ocrx_word' id='word_1_124' title='bbox 130 1721 239 1808; x_wconf 81' lang='grc' dir='ltr'><strong><em>τροπῇ</em></strong></span> <span class='ocrx_word' id='word_1_125' title='bbox 260 1723 318 1786; x_wconf 75' lang='grc' dir='ltr'><strong><em>τοῦ</em></strong></span> <span class='ocrx_word' id='word_1_126' title='bbox 339 1730 360 1786; x_wconf 89' lang='grc' dir='ltr'>ᾶ</span> <span class='ocrx_word' id='word_1_127' title='bbox 381 1717 428 1800; x_wconf 89' lang='grc' dir='ltr'><strong><em>είς</em></strong></span> <span class='ocrx_word' id='word_1_128' title='bbox 451 1725 478 1802; x_wconf 81' lang='grc' dir='ltr'><strong><em>ὀ,</em></strong></span> <span class='ocrx_word' id='word_1_129' title='bbox 501 1719 558 1786; x_wconf 83' lang='grc' dir='ltr'><strong><em>καί</em></strong></span> <span class='ocrx_word' id='word_1_130' title='bbox 582 1721 667 1786; x_wconf 88' lang='grc' dir='ltr'><strong><em>κατὰ</em></strong></span> <span class='ocrx_word' id='word_1_131' title='bbox 686 1718 869 1806; x_wconf 78' lang='grc' dir='ltr'><strong><em>συγγένειαν</em></strong></span> <span class='ocrx_word' id='word_1_132' title='bbox 889 1722 948 1786; x_wconf 80' lang='grc' dir='ltr'><strong><em>τοῦ</em></strong></span> <span class='ocrx_word' id='word_1_133' title='bbox 971 1745 991 1807; x_wconf 81' lang='lat' dir='ltr'><em>y</em></span> <span class='ocrx_word' id='word_1_134' title='bbox 1012 1715 1097 1807; x_wconf 86' lang='grc' dir='ltr'><strong><em>πρὸς</em></strong></span> <span class='ocrx_word' id='word_1_135' title='bbox 1119 1714 1157 1787; x_wconf 86' lang='grc' dir='ltr'><strong><em>τὸ</em></strong></span> <span class='ocrx_word' id='word_1_136' title='bbox 1179 1726 1208 1800; x_wconf 77' lang='grc' dir='ltr'><strong><em>ιἰ,</em></strong></span> <span class='ocrx_word' id='word_1_137' title='bbox 1232 1718 1267 1785; x_wconf 77' lang='grc' dir='ltr'><strong><em>ἐκ</em></strong></span> 
     </span>
     <span class='ocr_line' id='line_1_15' title="bbox 133 1814 1267 1911; baseline 0.001 -23"><span class='ocrx_word' id='word_1_138' title='bbox 133 1825 192 1889; x_wconf 83' lang='grc' dir='ltr'><strong><em>τοῦ</em></strong></span> <span class='ocrx_word' id='word_1_139' title='bbox 226 1819 379 1908; x_wconf 86' lang='grc' dir='ltr'><strong><em>κάμπτω.</em></strong></span> <span class='ocrx_word' id='word_1_140' title='bbox 439 1821 585 1911; x_wconf 79' lang='grc' dir='ltr'><strong><em>χαμφίος</em></strong></span> <span class='ocrx_word' id='word_1_141' title='bbox 621 1814 677 1891; x_wconf 82' lang='grc' dir='ltr'><strong><em>σόν</em></strong></span> <span class='ocrx_word' id='word_1_142' title='bbox 710 1817 780 1890; x_wconf 77' lang='grc' dir='ltr'><strong><em>ἀπὸ</em></strong></span> <span class='ocrx_word' id='word_1_143' title='bbox 814 1827 878 1889; x_wconf 82' lang='grc' dir='ltr'><strong><em>τῶν</em></strong></span> <span class='ocrx_word' id='word_1_144' title='bbox 913 1827 1075 1909; x_wconf 81' lang='grc' dir='ltr'><strong><em>καμπτῶν</em></strong></span> <span class='ocrx_word' id='word_1_145' title='bbox 1108 1819 1267 1911; x_wconf 81' lang='grc' dir='ltr'><strong><em>σιαγόνων</em></strong></span> 
     </span>
     <span class='ocr_line' id='line_1_16' title="bbox 129 1922 1268 2016; baseline 0 -23"><span class='ocrx_word' id='word_1_146' title='bbox 129 1923 370 2016; x_wconf 72' lang='grc' dir='ltr'><strong><em>μετενήνεκται,</em></strong></span> <span class='ocrx_word' id='word_1_147' title='bbox 400 1926 658 2014; x_wconf 76' lang='grc' dir='ltr'><strong><em>ἐπικεκαμμέναι</em></strong></span> <span class='ocrx_word' id='word_1_148' title='bbox 681 1924 742 2016; x_wconf 77' lang='grc' dir='ltr'><strong><em>γάρ</em></strong></span> <span class='ocrx_word' id='word_1_149' title='bbox 764 1925 847 1994; x_wconf 83' lang='grc' dir='ltr'><strong><em>εἰσιν</em></strong></span> <span class='ocrx_word' id='word_1_150' title='bbox 870 1926 905 1995; x_wconf 79' lang='grc' dir='ltr'><strong><em>αί</em></strong></span> <span class='ocrx_word' id='word_1_151' title='bbox 929 1927 1120 2012; x_wconf 80' lang='grc' dir='ltr'><strong><em>συνέχουσαι</em></strong></span> <span class='ocrx_word' id='word_1_152' title='bbox 1148 1922 1268 2007; x_wconf 77' lang='grc' dir='ltr'><strong><em>αότοὺς</em></strong></span> 
     </span>
     <span class='ocr_line' id='line_1_17' title="bbox 131 2026 1266 2121; baseline 0.002 -25"><span class='ocrx_word' id='word_1_153' title='bbox 131 2027 323 2119; x_wconf 59' lang='grc' dir='ltr'><strong><em>σιαχόνεςθ).</em></strong></span> <span class='ocrx_word' id='word_1_154' title='bbox 361 2028 438 2112; x_wconf 80' lang='grc' dir='ltr'><strong><em>τοὺς</em></strong></span> <span class='ocrx_word' id='word_1_155' title='bbox 459 2032 496 2099; x_wconf 82' lang='grc' dir='ltr'><strong><em>δὲ</em></strong></span> <span class='ocrx_word' id='word_1_156' title='bbox 509 2030 649 2117; x_wconf 82' lang='grc' dir='ltr'><strong><em>μυλίτας</em></strong></span> <span class='ocrx_word' id='word_1_157' title='bbox 663 2034 727 2099; x_wconf 82' lang='grc' dir='ltr'><strong><em>τῶν</em></strong></span> <span class='ocrx_word' id='word_1_158' title='bbox 742 2026 883 2099; x_wconf 83' lang='grc' dir='ltr'><strong><em>ὀδόντων</em></strong></span> <span class='ocrx_word' id='word_1_159' title='bbox 897 2032 982 2112; x_wconf 82' lang='grc' dir='ltr'><strong><em>τινὲς</em></strong></span> <span class='ocrx_word' id='word_1_160' title='bbox 998 2034 1266 2121; x_wconf 76' lang='grc' dir='ltr'><strong><em>σωφρονιστῆ-</em></strong></span> 
     </span>
     <span class='ocr_line' id='line_1_18' title="bbox 130 2130 1265 2225; baseline 0 -23"><span class='ocrx_word' id='word_1_161' title='bbox 130 2162 204 2222; x_wconf 86' lang='grc' dir='ltr'><strong><em>ρας</em></strong></span> <span class='ocrx_word' id='word_1_162' title='bbox 221 2131 386 2218; x_wconf 77' lang='grc' dir='ltr'><strong><em>ἐκάλεσαν,</em></strong></span> <span class='ocrx_word' id='word_1_163' title='bbox 409 2133 466 2203; x_wconf 86' lang='grc' dir='ltr'><strong><em>διὰ</em></strong></span> <span class='ocrx_word' id='word_1_164' title='bbox 488 2133 528 2203; x_wconf 90' lang='grc' dir='ltr'><strong><em>τό</em></strong></span> <span class='ocrx_word' id='word_1_165' title='bbox 551 2132 697 2225; x_wconf 71' lang='grc' dir='ltr'><strong><em>φύεσθαι</em></strong></span> <span class='ocrx_word' id='word_1_166' title='bbox 714 2131 832 2216; x_wconf 82' lang='grc' dir='ltr'><strong><em>αότοδς</em></strong></span> <span class='ocrx_word' id='word_1_167' title='bbox 854 2136 930 2223; x_wconf 81' lang='grc' dir='ltr'><strong><em>περὶ</em></strong></span> <span class='ocrx_word' id='word_1_168' title='bbox 953 2133 1010 2225; x_wconf 69' lang='grc' dir='ltr'><strong><em>τὴν</em></strong></span> <span class='ocrx_word' id='word_1_169' title='bbox 1029 2139 1087 2203; x_wconf 83' lang='grc' dir='ltr'><strong><em>τοῦ</em></strong></span> <span class='ocrx_word' id='word_1_170' title='bbox 1104 2130 1265 2224; x_wconf 70' lang='grc' dir='ltr'><strong><em>άρχεσθαι</em></strong></span> 
     </span>
     <span class='ocr_line' id='line_1_19' title="bbox 131 2236 1267 2328; baseline -0.002 -21"><span class='ocrx_word' id='word_1_171' title='bbox 131 2246 261 2328; x_wconf 82' lang='grc' dir='ltr'><strong><em>φρονεῖν</em></strong></span> <span class='ocrx_word' id='word_1_172' title='bbox 291 2237 368 2320; x_wconf 81' lang='grc' dir='ltr'><strong><em>τοὺς</em></strong></span> <span class='ocrx_word' id='word_1_173' title='bbox 399 2242 527 2320; x_wconf 90' lang='grc' dir='ltr'><strong><em>παῖδας</em></strong></span> <span class='ocrx_word' id='word_1_174' title='bbox 559 2237 660 2327; x_wconf 79' lang='grc' dir='ltr'><strong><em>ὤραν,</em></strong></span> <span class='ocrx_word' id='word_1_175' title='bbox 698 2239 774 2328; x_wconf 90' lang='grc' dir='ltr'><strong><em>περί</em></strong></span> <span class='ocrx_word' id='word_1_176' title='bbox 806 2236 845 2308; x_wconf 86' lang='grc' dir='ltr'><strong><em>τὸ</em></strong></span> <span class='ocrx_word' id='word_1_177' title='bbox 879 2237 1026 2308; x_wconf 82' lang='grc' dir='ltr'><strong><em>εἰκοστόν</em></strong></span> <span class='ocrx_word' id='word_1_178' title='bbox 1059 2237 1140 2320; x_wconf 75' lang='grc' dir='ltr'><strong><em>ἔτος.</em></strong></span> <span class='ocrx_word' id='word_1_179' title='bbox 1185 2242 1203 2306; x_wconf 88' lang='grc' dir='ltr'><strong><em>δ</em></strong></span> <span class='ocrx_word' id='word_1_180' title='bbox 1231 2240 1267 2305; x_wconf 82' lang='grc' dir='ltr'><strong><em>δὲ</em></strong></span> 
     </span>
     <span class='ocr_line' id='line_1_20' title="bbox 128 2338 1268 2434; baseline -0.001 -25"><span class='ocrx_word' id='word_1_181' title='bbox 128 2338 354 2432; x_wconf 76' lang='grc' dir='ltr'><strong><em>Ἀριστοτέλης</em></strong></span> <span class='ocrx_word' id='word_1_182' title='bbox 377 2345 470 2411; x_wconf 85' lang='grc' dir='ltr'><strong><em>καλεῖ</em></strong></span> <span class='ocrx_word' id='word_1_183' title='bbox 492 2338 610 2424; x_wconf 78' lang='grc' dir='ltr'><strong><em>αότοὺς</em></strong></span> <span class='ocrx_word' id='word_1_184' title='bbox 631 2345 865 2434; x_wconf 56' lang='grc' dir='ltr'><strong><em>κριτῇραςῆλ).</em></strong></span> <span class='ocrx_word' id='word_1_185' title='bbox 893 2345 912 2431; x_wconf 79' lang='grc' dir='ltr'><strong><em>ἡ</em></strong></span> <span class='ocrx_word' id='word_1_186' title='bbox 935 2343 972 2411; x_wconf 76' lang='grc' dir='ltr'><strong><em>δὲ</em></strong></span> <span class='ocrx_word' id='word_1_187' title='bbox 994 2342 1170 2426; x_wconf 80' lang='grc' dir='ltr'><strong><em>συνέχουσα</em></strong></span> <span class='ocrx_word' id='word_1_188' title='bbox 1192 2341 1268 2423; x_wconf 75' lang='grc' dir='ltr'><strong><em>τοὺς</em></strong></span> 
     </span>
     <span class='ocr_line' id='line_1_21' title="bbox 130 2438 1266 2536; baseline -0.001 -23"><span class='ocrx_word' id='word_1_189' title='bbox 130 2440 266 2527; x_wconf 85' lang='grc' dir='ltr'><strong><em>ὀδόντας</em></strong></span> <span class='ocrx_word' id='word_1_190' title='bbox 289 2444 371 2530; x_wconf 84' lang='grc' dir='ltr'><strong><em>σὰρξ</em></strong></span> <span class='ocrx_word' id='word_1_191' title='bbox 394 2438 517 2514; x_wconf 78' lang='grc' dir='ltr'><strong><em>οὖλον</em></strong></span> <span class='ocrx_word' id='word_1_192' title='bbox 539 2442 743 2533; x_wconf 82' lang='grc' dir='ltr'><strong><em>ὠνόμασται,</em></strong></span> <span class='ocrx_word' id='word_1_193' title='bbox 771 2445 828 2515; x_wconf 86' lang='grc' dir='ltr'><strong><em>διὰ</em></strong></span> <span class='ocrx_word' id='word_1_194' title='bbox 850 2445 888 2514; x_wconf 87' lang='grc' dir='ltr'><strong><em>τὸ</em></strong></span> <span class='ocrx_word' id='word_1_195' title='bbox 910 2443 1068 2536; x_wconf 80' lang='grc' dir='ltr'><strong><em>τρυφερόν</em></strong></span> <span class='ocrx_word' id='word_1_196' title='bbox 1090 2442 1189 2535; x_wconf 75' lang='grc' dir='ltr'><strong><em>αἰτῇς</em></strong></span> <span class='ocrx_word' id='word_1_197' title='bbox 1210 2446 1266 2513; x_wconf 82' lang='grc' dir='ltr'><strong><em>καί</em></strong></span> 
     </span>
     <span class='ocr_line' id='line_1_22' title="bbox 130 2540 1266 2640; baseline 0.001 -24"><span class='ocrx_word' id='word_1_198' title='bbox 130 2545 269 2632; x_wconf 83' lang='grc' dir='ltr'><strong><em>ἁπαλόν,</em></strong></span> <span class='ocrx_word' id='word_1_199' title='bbox 287 2540 381 2617; x_wconf 76' lang='grc' dir='ltr'><strong><em>σόλον</em></strong></span> <span class='ocrx_word' id='word_1_200' title='bbox 396 2547 456 2638; x_wconf 79' lang='grc' dir='ltr'><strong><em>γὰρ</em></strong></span> <span class='ocrx_word' id='word_1_201' title='bbox 473 2547 511 2618; x_wconf 87' lang='grc' dir='ltr'><strong><em>τὸ</em></strong></span> <span class='ocrx_word' id='word_1_202' title='bbox 528 2545 674 2619; x_wconf 80' lang='grc' dir='ltr'><strong><em>ἁπαλόν·</em></strong></span> <span class='ocrx_word' id='word_1_203' title='bbox 697 2547 720 2640; x_wconf 75' lang='grc' dir='ltr'>ἢ</span> <span class='ocrx_word' id='word_1_204' title='bbox 735 2548 827 2637; x_wconf 89' lang='grc' dir='ltr'><strong><em>παρὰ</em></strong></span> <span class='ocrx_word' id='word_1_205' title='bbox 842 2548 880 2618; x_wconf 84' lang='grc' dir='ltr'><strong><em>τὸ</em></strong></span> <span class='ocrx_word' id='word_1_206' title='bbox 897 2552 992 2639; x_wconf 71' lang='grc' dir='ltr'><strong><em>ὀλοόν</em></strong></span> <span class='ocrx_word' id='word_1_207' title='bbox 1008 2551 1062 2637; x_wconf 70' lang='lat'><strong>(7),</strong></span> <span class='ocrx_word' id='word_1_208' title='bbox 1076 2547 1191 2638; x_wconf 81' lang='grc' dir='ltr'><strong><em>τρόπιμ</em></strong></span> <span class='ocrx_word' id='word_1_209' title='bbox 1207 2548 1266 2638; x_wconf 76' lang='grc' dir='ltr'><strong><em>γάρ</em></strong></span> 
     </span>
     <span class='ocr_line' id='line_1_23' title="bbox 129 2648 1265 2744; baseline 0.002 -23"><span class='ocrx_word' id='word_1_210' title='bbox 129 2681 192 2721; x_wconf 92' lang='grc' dir='ltr'><strong><em>τινι</em></strong></span> <span class='ocrx_word' id='word_1_211' title='bbox 214 2652 341 2737; x_wconf 85' lang='grc' dir='ltr'><strong><em>τείχους</em></strong></span> <span class='ocrx_word' id='word_1_212' title='bbox 363 2652 456 2736; x_wconf 87' lang='grc' dir='ltr'><strong><em>τάξιν</em></strong></span> <span class='ocrx_word' id='word_1_213' title='bbox 478 2654 587 2738; x_wconf 78' lang='grc' dir='ltr'><strong><em>ἐπέχει</em></strong></span> <span class='ocrx_word' id='word_1_214' title='bbox 610 2653 658 2735; x_wconf 86' lang='grc' dir='ltr'><strong><em>είς</em></strong></span> <span class='ocrx_word' id='word_1_215' title='bbox 679 2652 891 2744; x_wconf 79' lang='grc' dir='ltr'><strong><em>διακράτησιν</em></strong></span> <span class='ocrx_word' id='word_1_216' title='bbox 911 2657 976 2721; x_wconf 75' lang='grc' dir='ltr'><strong><em>τῶν</em></strong></span> <span class='ocrx_word' id='word_1_217' title='bbox 992 2648 1148 2722; x_wconf 90' lang='grc' dir='ltr'><strong><em>ὀδόντων·</em></strong></span> <span class='ocrx_word' id='word_1_218' title='bbox 1171 2651 1192 2742; x_wconf 74' lang='grc' dir='ltr'>ἢ</span> <span class='ocrx_word' id='word_1_219' title='bbox 1214 2651 1265 2723; x_wconf 82' lang='grc' dir='ltr'><strong><em>ὅτι</em></strong></span> 
     </span>
     <span class='ocr_line' id='line_1_24' title="bbox 130 2752 1268 2849; baseline 0.001 -24"><span class='ocrx_word' id='word_1_220' title='bbox 130 2753 226 2849; x_wconf 70' lang='grc' dir='ltr'><strong><em>οὐλὴν</em></strong></span> <span class='ocrx_word' id='word_1_221' title='bbox 252 2756 316 2842; x_wconf 67' lang='grc' dir='ltr'><strong><em>ἔχει</em></strong></span> <span class='ocrx_word' id='word_1_222' title='bbox 346 2755 403 2847; x_wconf 77' lang='grc' dir='ltr'><strong><em>τὴν</em></strong></span> <span class='ocrx_word' id='word_1_223' title='bbox 432 2759 657 2847; x_wconf 75' lang='grc' dir='ltr'><strong><em>ε’πιγινομένην</em></strong></span> <span class='ocrx_word' id='word_1_224' title='bbox 683 2762 723 2848; x_wconf 77' lang='grc' dir='ltr'><strong><em>τῇ</em></strong></span> <span class='ocrx_word' id='word_1_225' title='bbox 749 2762 813 2826; x_wconf 80' lang='grc' dir='ltr'><strong><em>τῶν</em></strong></span> <span class='ocrx_word' id='word_1_226' title='bbox 835 2758 1004 2848; x_wconf 77' lang='grc' dir='ltr'><strong><em>φυομένων</em></strong></span> <span class='ocrx_word' id='word_1_227' title='bbox 1027 2752 1168 2825; x_wconf 89' lang='grc' dir='ltr'><strong><em>ὀδόντων</em></strong></span> <span class='ocrx_word' id='word_1_228' title='bbox 1193 2761 1268 2826; x_wconf 90' lang='grc' dir='ltr'><strong><em>δια-</em></strong></span> 
     </span>
     <span class='ocr_line' id='line_1_25' title="bbox 131 2857 1266 2953; baseline 0.002 -23"><span class='ocrx_word' id='word_1_229' title='bbox 131 2866 221 2953; x_wconf 83' lang='grc' dir='ltr'><strong><em>κοπῇ</em></strong></span> <span class='ocrx_word' id='word_1_230' title='bbox 248 2864 305 2930; x_wconf 80' lang='grc' dir='ltr'><strong><em>καί</em></strong></span> <span class='ocrx_word' id='word_1_231' title='bbox 338 2858 549 2953; x_wconf 72' lang='grc' dir='ltr'><strong><em>ὀχιαζομένῃν</em></strong></span> <span class='ocrx_word' id='word_1_232' title='bbox 559 2867 596 2953; x_wconf 82' lang='lat'><strong><em>⁸).</em></strong></span> <span class='ocrx_word' id='word_1_233' title='bbox 648 2859 739 2953; x_wconf 81' lang='grc' dir='ltr'><strong><em>οόλὴ</em></strong></span> <span class='ocrx_word' id='word_1_234' title='bbox 773 2860 833 2952; x_wconf 77' lang='grc' dir='ltr'><strong><em>γὰρ</em></strong></span> <span class='ocrx_word' id='word_1_235' title='bbox 864 2860 901 2931; x_wconf 90' lang='grc' dir='ltr'><strong><em>τό</em></strong></span> <span class='ocrx_word' id='word_1_236' title='bbox 936 2857 1094 2951; x_wconf 71' lang='grc' dir='ltr'><strong><em>ὀχιασδὲν</em></strong></span> <span class='ocrx_word' id='word_1_237' title='bbox 1125 2867 1266 2951; x_wconf 79' lang='grc' dir='ltr'><strong><em>τραῦμα,</em></strong></span> 
     </span>
     <span class='ocr_line' id='line_1_26' title="bbox 131 2960 635 3057; baseline 0.006 -23"><span class='ocrx_word' id='word_1_238' title='bbox 131 2965 225 3036; x_wconf 72' lang='grc' dir='ltr'><strong><em>ἐνθεν</em></strong></span> <span class='ocrx_word' id='word_1_239' title='bbox 247 2967 304 3035; x_wconf 81' lang='grc' dir='ltr'><strong><em>καί</em></strong></span> <span class='ocrx_word' id='word_1_240' title='bbox 326 2965 365 3035; x_wconf 86' lang='grc' dir='ltr'><strong><em>τὸ</em></strong></span> <span class='ocrx_word' id='word_1_241' title='bbox 389 2960 470 3051; x_wconf 80' lang='grc' dir='ltr'><strong><em>οόλε,</em></strong></span> <span class='ocrx_word' id='word_1_242' title='bbox 494 2965 635 3057; x_wconf 74' lang='grc' dir='ltr'><strong><em>ὑγίαινε·</em></strong></span> 
     </span>
    </p>

    <p class='ocr_par' dir='ltr' id='par_1_4' title="bbox 310 3071 1098 3168">
     <span class='ocr_line' id='line_1_27' title="bbox 310 3071 1098 3168; baseline -0.004 -21"><span class='ocrx_word' id='word_1_243' title='bbox 310 3071 407 3163; x_wconf 67' lang='grc' dir='ltr'><strong><em>,οὖλέ</em></strong></span> <span class='ocrx_word' id='word_1_244' title='bbox 427 3080 541 3147; x_wconf 85' lang='grc' dir='ltr'><strong><em>τεκαὶ</em></strong></span> <span class='ocrx_word' id='word_1_245' title='bbox 564 3079 701 3168; x_wconf 80' lang='grc' dir='ltr'><strong><em>μίχα**)</em></strong></span> <span class='ocrx_word' id='word_1_246' title='bbox 723 3084 837 3166; x_wconf 87' lang='grc' dir='ltr'><strong><em>χαῖρε“</em></strong></span> <span class='ocrx_word' id='word_1_247' title='bbox 861 3080 938 3166; x_wconf 83' lang='grc' dir='ltr'><strong><em>(Οδ.</em></strong></span> <span class='ocrx_word' id='word_1_248' title='bbox 962 3105 988 3145; x_wconf 96' lang='grc' dir='ltr'><strong><em>ω</em></strong></span> <span class='ocrx_word' id='word_1_249' title='bbox 1011 3081 1098 3166; x_wconf 79' lang='lat'><strong>402).</strong></span> 
     </span>
    </p>
   </div>
   <div class='ocr_carea' id='block_1_3' title="bbox 130 3183 1268 3799">
    <p class='ocr_par' dir='ltr' id='par_1_5' title="bbox 130 3183 1268 3696">
     <span class='ocr_line' id='line_1_28' title="bbox 130 3183 1266 3283; baseline -0.001 -23"><span class='ocrx_word' id='word_1_250' title='bbox 130 3195 277 3283; x_wconf 75' lang='grc' dir='ltr'><strong><em>λέγονται</em></strong></span> <span class='ocrx_word' id='word_1_251' title='bbox 317 3193 353 3259; x_wconf 79' lang='grc' dir='ltr'><strong><em>δὲ</em></strong></span> <span class='ocrx_word' id='word_1_252' title='bbox 389 3192 445 3259; x_wconf 90' lang='grc' dir='ltr'><strong><em>καί</em></strong></span> <span class='ocrx_word' id='word_1_253' title='bbox 479 3190 585 3279; x_wconf 88' lang='grc' dir='ltr'><strong><em>τρίχες</em></strong></span> <span class='ocrx_word' id='word_1_254' title='bbox 619 3183 747 3274; x_wconf 79' lang='grc' dir='ltr'><strong><em>οὖλαι,</em></strong></span> <span class='ocrx_word' id='word_1_255' title='bbox 793 3189 828 3259; x_wconf 80' lang='grc' dir='ltr'><strong><em>αί</em></strong></span> <span class='ocrx_word' id='word_1_256' title='bbox 864 3188 1063 3277; x_wconf 86' lang='grc' dir='ltr'><strong><em>είλοόμεναι,</em></strong></span> <span class='ocrx_word' id='word_1_257' title='bbox 1099 3188 1191 3280; x_wconf 87' lang='grc' dir='ltr'><strong><em>παρὰ</em></strong></span> <span class='ocrx_word' id='word_1_258' title='bbox 1228 3189 1266 3259; x_wconf 89' lang='grc' dir='ltr'><strong><em>τό</em></strong></span> 
     </span>
     <span class='ocr_line' id='line_1_29' title="bbox 133 3292 1266 3384; baseline -0.003 -19"><span class='ocrx_word' id='word_1_259' title='bbox 133 3296 346 3384; x_wconf 55' lang='lat' dir='ltr'><strong><em>dolorm),</em></strong></span> <span class='ocrx_word' id='word_1_260' title='bbox 376 3293 420 3377; x_wconf 82' lang='grc' dir='ltr'><strong><em>ὡς</em></strong></span> <span class='ocrx_word' id='word_1_261' title='bbox 442 3296 498 3362; x_wconf 80' lang='grc' dir='ltr'><strong><em>καί</em></strong></span> <span class='ocrx_word' id='word_1_262' title='bbox 522 3294 556 3363; x_wconf 73' lang='grc' dir='ltr'><strong><em>αἱ</em></strong></span> <span class='ocrx_word' id='word_1_263' title='bbox 580 3294 724 3363; x_wconf 78' lang='grc' dir='ltr'><strong><em>ἐναντίαι</em></strong></span> <span class='ocrx_word' id='word_1_264' title='bbox 746 3295 908 3362; x_wconf 88' lang='grc' dir='ltr'><strong><em>τεταναὶ</em></strong></span> <span class='ocrx_word' id='word_1_265' title='bbox 932 3294 1088 3383; x_wconf 76' lang='grc' dir='ltr'><strong><em>λέγονται,</em></strong></span> <span class='ocrx_word' id='word_1_266' title='bbox 1113 3292 1205 3383; x_wconf 85' lang='grc' dir='ltr'><strong><em>παρὰ</em></strong></span> <span class='ocrx_word' id='word_1_267' title='bbox 1228 3293 1266 3362; x_wconf 83' lang='grc' dir='ltr'><strong><em>τό</em></strong></span> 
     </span>
     <span class='ocr_line' id='line_1_30' title="bbox 130 3390 1267 3488; baseline -0.002 -19"><span class='ocrx_word' id='word_1_268' title='bbox 130 3398 356 3485; x_wconf 55' lang='lat' dir='ltr'><strong><em>retortam).</em></strong></span> <span class='ocrx_word' id='word_1_269' title='bbox 383 3399 439 3466; x_wconf 85' lang='grc' dir='ltr'><strong><em>καὶ</em></strong></span> <span class='ocrx_word' id='word_1_270' title='bbox 462 3390 572 3466; x_wconf 77' lang='grc' dir='ltr'><strong><em>οὖλαι</em></strong></span> <span class='ocrx_word' id='word_1_271' title='bbox 597 3398 631 3466; x_wconf 79' lang='lat' dir='ltr'><strong><em>oi</em></strong></span> <span class='ocrx_word' id='word_1_272' title='bbox 658 3397 785 3488; x_wconf 76' lang='grc' dir='ltr'><strong><em>κριθαί,</em></strong></span> <span class='ocrx_word' id='word_1_273' title='bbox 813 3398 869 3466; x_wconf 89' lang='grc' dir='ltr'><strong><em>καί</em></strong></span> <span class='ocrx_word' id='word_1_274' title='bbox 895 3394 1105 3482; x_wconf 85' lang='grc' dir='ltr'><strong><em>οόλοχόται</em></strong></span> <span class='ocrx_word' id='word_1_275' title='bbox 1131 3397 1164 3467; x_wconf 80' lang='lat' dir='ltr'><strong><em>ai</em></strong></span> <span class='ocrx_word' id='word_1_276' title='bbox 1191 3394 1267 3467; x_wconf 84' lang='grc' dir='ltr'><strong><em>ὀλό-</em></strong></span> 
     </span>
     <span class='ocr_line' id='line_1_31' title="bbox 130 3498 1268 3593; baseline -0.003 -21"><span class='ocrx_word' id='word_1_277' title='bbox 130 3507 240 3593; x_wconf 82' lang='grc' dir='ltr'><strong><em>κληροι</em></strong></span> <span class='ocrx_word' id='word_1_278' title='bbox 260 3507 325 3571; x_wconf 83' lang='grc' dir='ltr'><strong><em>τῶν</em></strong></span> <span class='ocrx_word' id='word_1_279' title='bbox 342 3505 517 3591; x_wconf 62' lang='grc' dir='ltr'><strong><em>κριδῶνῑῑ)</em></strong></span> <span class='ocrx_word' id='word_1_280' title='bbox 535 3501 627 3590; x_wconf 86' lang='grc' dir='ltr'><strong><em>παρὰ</em></strong></span> <span class='ocrx_word' id='word_1_281' title='bbox 650 3501 688 3572; x_wconf 85' lang='grc' dir='ltr'><strong><em>τὸ</em></strong></span> <span class='ocrx_word' id='word_1_282' title='bbox 712 3501 787 3572; x_wconf 84' lang='grc' dir='ltr'><strong><em>ὅλον</em></strong></span> <span class='ocrx_word' id='word_1_283' title='bbox 809 3499 854 3584; x_wconf 84' lang='grc' dir='ltr'><strong><em>ὡς</em></strong></span> <span class='ocrx_word' id='word_1_284' title='bbox 876 3501 961 3590; x_wconf 87' lang='grc' dir='ltr'><strong><em>πρὸς</em></strong></span> <span class='ocrx_word' id='word_1_285' title='bbox 975 3501 1035 3583; x_wconf 84' lang='grc' dir='ltr'><strong><em>τὰς</em></strong></span> <span class='ocrx_word' id='word_1_286' title='bbox 1050 3498 1268 3591; x_wconf 81' lang='grc' dir='ltr'><strong><em>ἀληλεσμένος</em></strong></span> 
     </span>
     <span class='ocr_line' id='line_1_32' title="bbox 130 3598 1068 3696; baseline -0.003 -20"><span class='ocrx_word' id='word_1_287' title='bbox 130 3606 260 3696; x_wconf 68' lang='grc' dir='ltr'><strong><em>κριθάς.</em></strong></span> <span class='ocrx_word' id='word_1_288' title='bbox 296 3607 351 3675; x_wconf 81' lang='grc' dir='ltr'><strong><em>καί</em></strong></span> <span class='ocrx_word' id='word_1_289' title='bbox 376 3598 489 3687; x_wconf 76' lang='grc' dir='ltr'><strong><em>οὖλος</em></strong></span> <span class='ocrx_word' id='word_1_290' title='bbox 511 3601 528 3676; x_wconf 85' lang='grc' dir='ltr'><strong><em>δ</em></strong></span> <span class='ocrx_word' id='word_1_291' title='bbox 553 3601 712 3695; x_wconf 70' lang='grc' dir='ltr'><strong><em>ὀλέθριος,</em></strong></span> <span class='ocrx_word' id='word_1_292' title='bbox 736 3606 829 3696; x_wconf 87' lang='grc' dir='ltr'><strong><em>παρὰ</em></strong></span> <span class='ocrx_word' id='word_1_293' title='bbox 851 3605 889 3676; x_wconf 88' lang='grc' dir='ltr'><strong><em>τδ</em></strong></span> <span class='ocrx_word' id='word_1_294' title='bbox 913 3602 1068 3691; x_wconf 52' lang='lat' dir='ltr'><strong><em>orator)</em></strong></span> 
     </span>
    </p>

    <p class='ocr_par' dir='ltr' id='par_1_6' title="bbox 411 3705 984 3799">
     <span class='ocr_line' id='line_1_33' title="bbox 411 3705 984 3799; baseline -0.002 -20"><span class='ocrx_word' id='word_1_295' title='bbox 411 3706 542 3793; x_wconf 73' lang='grc' dir='ltr'><strong><em>,ὀλοιτο</em></strong></span> <span class='ocrx_word' id='word_1_296' title='bbox 565 3717 670 3791; x_wconf 87' lang='grc' dir='ltr'><strong><em>κεῖνος</em></strong></span> <span class='ocrx_word' id='word_1_297' title='bbox 692 3711 727 3794; x_wconf 76' lang='grc' dir='ltr'><strong><em>ἐξ</em></strong></span> <span class='ocrx_word' id='word_1_298' title='bbox 750 3705 984 3799; x_wconf 79' lang='grc' dir='ltr'><strong><em>άνδρων“***).</em></strong></span> 
     </span>
    </p>
   </div>
   <div class='ocr_carea' id='block_1_4' title="bbox 128 3884 1266 4130">
    <p class='ocr_par' dir='ltr' id='par_1_7' title="bbox 128 3884 1266 4130">
     <span class='ocr_line' id='line_1_34' title="bbox 215 3884 1264 3958; baseline 0.001 -19"><span class='ocrx_word' id='word_1_299' title='bbox 215 3889 240 3952; x_wconf 74' lang='grc'><strong><em>*)</em></strong></span> <span class='ocrx_word' id='word_1_300' title='bbox 258 3885 333 3956; x_wconf 81' lang='lat' dir='ltr'>apud</span> <span class='ocrx_word' id='word_1_301' title='bbox 357 3885 535 3939; x_wconf 76' lang='lat' dir='ltr'>Aristotelem</span> <span class='ocrx_word' id='word_1_302' title='bbox 558 3884 623 3941; x_wconf 79' lang='lat' dir='ltr'>hist.</span> <span class='ocrx_word' id='word_1_303' title='bbox 641 3885 725 3939; x_wconf 78' lang='lat' dir='ltr'><strong>anim.</strong></span> <span class='ocrx_word' id='word_1_304' title='bbox 745 3885 807 3939; x_wconf 84' lang='lat'><strong><em>114</em></strong></span> <span class='ocrx_word' id='word_1_305' title='bbox 830 3886 978 3958; x_wconf 80' lang='grc' dir='ltr'><strong><em>κραντῆρες</em></strong></span> <span class='ocrx_word' id='word_1_306' title='bbox 1000 3885 1192 3954; x_wconf 70' lang='grc' dir='ltr'><strong><em>αρρεὶλαολιιη</em></strong></span> <span class='ocrx_word' id='word_1_307' title='bbox 1218 3887 1264 3940; x_wconf 84' lang='lat' dir='ltr'><strong><em>cfr.</em></strong></span> 
     </span>
     <span class='ocr_line' id='line_1_35' title="bbox 128 3971 772 4044; baseline -0.006 -16"><span class='ocrx_word' id='word_1_308' title='bbox 128 3973 301 4028; x_wconf 86' lang='lat' dir='ltr'>Dindorfium</span> <span class='ocrx_word' id='word_1_309' title='bbox 320 3973 350 4026; x_wconf 90' lang='lat' dir='ltr'><strong><em>in</em></strong></span> <span class='ocrx_word' id='word_1_310' title='bbox 369 3972 464 4042; x_wconf 76' lang='lat' dir='ltr'>Steph.</span> <span class='ocrx_word' id='word_1_311' title='bbox 485 3972 565 4026; x_wconf 81' lang='lat' dir='ltr'><strong>Thes.</strong></span> <span class='ocrx_word' id='word_1_312' title='bbox 587 3990 607 4026; x_wconf 85' lang='lat' dir='ltr'><strong><em>s.</em></strong></span> <span class='ocrx_word' id='word_1_313' title='bbox 626 3990 651 4025; x_wconf 86' lang='lat' dir='ltr'><strong><em>v.</em></strong></span> <span class='ocrx_word' id='word_1_314' title='bbox 669 3971 772 4044; x_wconf 81' lang='grc' dir='ltr'><strong><em>κριτήρ.</em></strong></span> 
     </span>
     <span class='ocr_line' id='line_1_36' title="bbox 203 4059 1266 4130; baseline -0.001 -15"><span class='ocrx_word' id='word_1_315' title='bbox 203 4063 242 4130; x_wconf 66' lang='grc'><strong><em>1**)</em></strong></span> <span class='ocrx_word' id='word_1_316' title='bbox 261 4061 296 4115; x_wconf 85' lang='lat' dir='ltr'><strong><em>de</em></strong></span> <span class='ocrx_word' id='word_1_317' title='bbox 322 4061 400 4115; x_wconf 82' lang='lat' dir='ltr'>varia</span> <span class='ocrx_word' id='word_1_318' title='bbox 427 4061 547 4114; x_wconf 82' lang='lat' dir='ltr'>lectione</span> <span class='ocrx_word' id='word_1_319' title='bbox 573 4061 648 4130; x_wconf 82' lang='grc' dir='ltr'><strong><em>μέγα</em></strong></span> <span class='ocrx_word' id='word_1_320' title='bbox 675 4064 704 4114; x_wconf 85' lang='lat' dir='ltr'><strong><em>et</em></strong></span> <span class='ocrx_word' id='word_1_321' title='bbox 729 4059 805 4130; x_wconf 79' lang='grc' dir='ltr'><strong><em>μάλα</em></strong></span> <span class='ocrx_word' id='word_1_322' title='bbox 832 4061 879 4114; x_wconf 81' lang='lat' dir='ltr'><strong><em>cfr.</em></strong></span> <span class='ocrx_word' id='word_1_323' title='bbox 906 4059 1058 4113; x_wconf 81' lang='lat' dir='ltr'>editionem</span> <span class='ocrx_word' id='word_1_324' title='bbox 1087 4059 1226 4127; x_wconf 76' lang='lat' dir='ltr'>Odysseae</span> <span class='ocrx_word' id='word_1_325' title='bbox 1249 4079 1266 4114; x_wconf 83' lang='lat' dir='ltr'>a</span> 
     </span>
    </p>
   </div>
   <div class='ocr_carea' id='block_1_5' title="bbox 132 4148 941 4304">
    <p class='ocr_par' dir='ltr' id='par_1_8' title="bbox 132 4148 941 4304">
     <span class='ocr_line' id='line_1_37' title="bbox 132 4148 634 4217; baseline -0.004 -15"><span class='ocrx_word' id='word_1_326' title='bbox 132 4149 172 4202; x_wconf 82' lang='lat' dir='ltr'><strong><em>Lo</em></strong></span> <span class='ocrx_word' id='word_1_327' title='bbox 190 4148 284 4202; x_wconf 78' lang='lat' dir='ltr'>Bothe</span> <span class='ocrx_word' id='word_1_328' title='bbox 303 4151 427 4202; x_wconf 82' lang='lat' dir='ltr'>eurotam</span> <span class='ocrx_word' id='word_1_329' title='bbox 447 4148 474 4201; x_wconf 89' lang='lat' dir='ltr'><strong><em>II</em></strong></span> <span class='ocrx_word' id='word_1_330' title='bbox 492 4164 557 4217; x_wconf 78' lang='lat' dir='ltr'><strong>pag.</strong></span> <span class='ocrx_word' id='word_1_331' title='bbox 575 4148 634 4201; x_wconf 85' lang='lat'><strong>342.</strong></span> 
     </span>
     <span class='ocr_line' id='line_1_38' title="bbox 187 4232 941 4304; baseline -0.004 -16"><span class='ocrx_word' id='word_1_332' title='bbox 187 4237 240 4301; x_wconf 72' lang='lat' dir='ltr'><strong><em>m)</em></strong></span> <span class='ocrx_word' id='word_1_333' title='bbox 260 4251 293 4288; x_wconf 84' lang='lat' dir='ltr'><strong><em>ex</em></strong></span> <span class='ocrx_word' id='word_1_334' title='bbox 312 4252 367 4302; x_wconf 90' lang='lat' dir='ltr'><strong><em>quo</em></strong></span> <span class='ocrx_word' id='word_1_335' title='bbox 385 4234 520 4303; x_wconf 80' lang='lat' dir='ltr'>scriptore</span> <span class='ocrx_word' id='word_1_336' title='bbox 538 4235 607 4287; x_wconf 79' lang='lat' dir='ltr'>haec</span> <span class='ocrx_word' id='word_1_337' title='bbox 626 4237 738 4304; x_wconf 83' lang='lat' dir='ltr'>sumpto</span> <span class='ocrx_word' id='word_1_338' title='bbox 757 4232 822 4297; x_wconf 81' lang='lat' dir='ltr'>sint,</span> <span class='ocrx_word' id='word_1_339' title='bbox 840 4232 941 4286; x_wconf 82' lang='lat' dir='ltr'><strong><em>nescio.</em></strong></span> 
     </span>
    </p>
   </div>
   <div class='ocr_carea' id='block_1_6' title="bbox 0 0 1491 4814">
    <p class='ocr_par' dir='ltr' id='par_1_9' title="bbox 0 0 1491 4814">
     <span class='ocr_line' id='line_1_39' title="bbox 0 0 1491 4814; baseline 0 0"><span class='ocrx_word' id='word_1_340' title='bbox 0 0 1491 4814; x_wconf 95' lang='lat' dir='ltr'><strong><em> </em></strong></span> 
     </span>
    </p>
   </div>
  </div>
 </body>
</html>
