2956 4822
678 284 771 370 [167]
1255 293 1293 354 'll

160 478 255 553 Quod
278 500 351 544 cum
385 478 453 542 fieri
475 498 539 541 non
563 477 706 563 potuerit
728 478 786 542 nisi
811 480 964 564 temporis
992 480 1096 566 spatio
1113 481 1220 568 aliquo
1250 482 1296 546 in-

157 584 300 665 tcriecto,
325 583 414 646 nulla
436 581 498 645 alia
521 583 575 646 uia
597 582 708 646 relicta
732 605 802 647 esse
822 583 950 648 uidetur
972 605 1035 670 qua
1059 595 1092 648 et
1114 587 1295 650 testimonia

155 688 209 751 illa
224 688 307 773 inter
329 706 364 772 se
387 686 535 749 concilies
559 692 590 749 et
613 706 717 748 rerum
742 687 883 770 ipsarum
902 708 999 752 uerae
1022 688 1136 752 rationi
1152 689 1293 755 sufficias

156 791 214 855 nisi
237 796 273 853 ut
295 796 428 869 statuas,
458 789 637 854 Eumenem
666 790 756 854 initio
789 790 859 855 fere
889 792 961 855 anni
994 815 1023 856 a.
1049 791 1123 858 Chr.
1148 795 1211 857 240
1241 793 1295 859 de·

156 894 299 975 cessisse,
332 894 418 958 haud
449 893 494 957 ita
517 894 618 956 multo
649 901 724 978 post
747 892 802 976 (cf.
826 894 939 978 Polyb.
965 896 986 960 l.
1011 917 1036 958 c.
1059 893 1177 980 ταύτην
1198 895 1296 986 ἀρχὴν

156 996 333 1081 ἐποιήσατο)
368 997 516 1061 Attalum
550 996 745 1060 Antiochum
779 997 954 1083 Gallosque
986 997 1071 1083 apud
1101 1000 1294 1084 Pergamum

156 1122 337 1186 superasse,
367 1109 399 1164 et
428 1101 517 1165 initio
542 1100 610 1165 fere
633 1122 661 1165 a.
686 1103 749 1164 239
772 1104 895 1186 regium
926 1125 1043 1168 nomen
1074 1104 1293 1188 assumpsisse.

155 1204 269 1291 Itaque
292 1229 311 1271 a
334 1227 443 1291 pugna
465 1205 668 1287 Pergamena
690 1227 792 1291 usquc
815 1205 855 1269 ad
879 1209 982 1271 Attali
1005 1217 1142 1274 mortem
1165 1210 1237 1294 plus
1254 1211 1295 1274 43

154 1330 255 1373 annos
279 1309 441 1385 inuenies,
472 1329 664 1393 quamquam
696 1309 797 1372 Attali
822 1312 914 1394 regui
936 1332 1038 1375 annus
1070 1312 1190 1395 primus
1222 1334 1296 1378 cou-

154 1414 243 1478 tinuo
267 1414 408 1499 sequitur
431 1412 656 1477 dominationis
679 1412 831 1478 Eumenis
854 1435 973 1478 annum
997 1415 1173 1480 ultimum·

257 1543 338 1608 Turn
362 1565 473 1630 parum
498 1564 617 1628 operae
641 1543 767 1610 dedisse
789 1545 941 1610 uidentur
972 1547 1002 1611 ei
1034 1546 1092 1611 uiri
1124 1546 1209 1610 docti
1240 1549 1295 1633 qui

154 1647 194 1711 de
224 1648 273 1714 his
297 1648 392 1713 rebus
422 1649 636 1735 scripserunt,
660 1654 695 1711 ut
726 1650 915 1733 scriptorum
948 1650 1130 1714 testimonia
1154 1658 1231 1714 cum'
1249 1652 1294 1716 eis

154 1773 236 1837 quac
260 1774 301 1816 ex
324 1753 393 1837 ipso
417 1753 510 1816 titulo
535 1753 722 1835 efficiuntur,
748 1755 962 1818 conciliarent.

256 1882 340 1947 Nam
364 1904 426 1947 uon
450 1883 554 1948 solum
577 1883 609 1946 id
634 1906 675 1947 ex
698 1883 758 1947 hoc
778 1885 872 1949 titulo
890 1884 1078 1969 colligimus,
1095 1885 1295 1971 Magnesiam

156 1985 339 2072 Sipylcnam
363 1989 395 2050 in
412 1987 587 2051 ciuitatium
605 2008 714 2051 earum
731 2009 864 2052 numero
887 1988 986 2052 fnisse
1008 2010 1091 2074 quae
1113 2012 1195 2069 cum,
1211 1997 1294 2056 teste

155 2089 294 2174 Iustino,
327 2090 417 2156 initio
448 2091 539 2175 regni
568 2089 692 2155 Seleuci
728 2091 769 2154 ab
804 2112 841 2155 eo
880 2091 1089 2175 defecissent,
1120 2101 1232 2179 postea
1262 2095 1294 2158 in

154 2197 222 2259 eius
245 2195 341 2259 fidem
363 2193 541 2258 redierunt:
577 2193 633 2258 sed
657 2216 727 2258 cum
752 2216 790 2258 eo
817 2203 961 2279 tempore
992 2217 1053 2281 quo
1076 2219 1136 2262 rex
1158 2198 1294 2284 primurn

154 2300 185 2362 in
202 2298 399 2364 Seleucidem
417 2297 578 2383 proiectus
601 2304 658 2379 est,
675 2298 838 2382 Smyrnaei
856 2298 938 2362 illius
954 2299 1031 2363 socii
1048 2299 1157 2364 fideles
1175 2322 1293 2386 magno

158 2426 254 2489 opere
277 2404 318 2467 ab
341 2403 487 2466 hostibus
510 2423 545 2467 se
567 2403 728 2466 laborasse
752 2403 981 2486 profiteantur,
1011 2404 1140 2488 quando
1164 2416 1294 2490 pactum

156 2509 218 2572 hoc
233 2509 394 2588 conuenit,
410 2528 526 2591 magna
545 2508 607 2570 iam
622 2528 728 2572 rerum
746 2506 953 2570 commutatio
969 2506 1056 2570 fecta
1070 2528 1140 2572 esse
1156 2508 1294 2572 uidetur.

156 2613 328 2677 Praeterea
352 2609 522 2676 tenendum
547 2617 604 2691 est,
630 2631 667 2674 eo
694 2617 838 2693 tempore
861 2609 948 2694 quod
963 2610 1046 2674 inter
1069 2610 1148 2675 duas
1164 2611 1296 2695 expedi-

158 2718 260 2782 tiones
284 2717 472 2797 intercessit,
496 2714 666 2779 Seleucum
690 2716 806 2779 bonam
828 2713 925 2778 fidem
948 2715 1106 2779 sociorum
1129 2715 1233 2798 gratia
1259 2735 1297 2779 ao

157 2821 305 2906 praemiis
329 2842 476 2902 ornasse,
510 2826 541 2883 et
569 2821 695 2903 legatos
726 2818 766 2881 ed
797 2839 891 2902 reges
923 2819 1133 2904 ciuitatesque
1163 2818 1296 2885 misisse.

156 2923 305 3010 Denique
328 2924 458 2988 alterius
482 2922 696 3008 expeditionis
721 2930 866 3009 tempore
884 2928 916 2988 et
932 2922 1131 3005 Magnesiam
1152 2922 1194 2987 ad
1209 2923 1297 2989 Mae·

158 3027 291 3093 andrum
316 3029 409 3092 sitam
433 3034 464 3092 et
486 3028 653 3113 Gryneum
677 3028 822 3091 ciuitates
846 3026 877 3090 in
892 3026 956 3091 fide
973 3027 1057 3111 regis
1075 3025 1175 3092 fuisse
1199 3048 1296 3112 appa-

157 3139 216 3210 ret,
239 3153 310 3196 curn
333 3132 378 3195 ibi
401 3132 511 3217 cippos
535 3131 649 3215 quibus
673 3139 802 3216 pactum
821 3129 1022 3212 inscribatur,
1038 3130 1208 3215 erigendos
1226 3152 1296 3196 esse

158 3235 323 3321 Smyrnaei
347 3244 379 3301 et
402 3235 571 3320 Magnetes
594 3237 790 3300 constituant
814 3235 859 3314 (v.
883 3236 924 3298 84
948 3232 1019 3319 sq.).

262 3367 387 3440 Quibus
410 3366 516 3443 rebus,
540 3366 580 3430 ad
604 3366 710 3430 locum
733 3365 827 3430 huius
849 3366 936 3448 pacti
957 3367 990 3428 iu
1012 3371 1296 3449 rerumgestarum

158 3470 268 3536 ordine
298 3469 543 3555 significandum
573 3470 650 3533 satis
682 3469 775 3553 aptis,
807 3468 949 3532 nonnulli
980 3468 1039 3532 uiri
1071 3467 1152 3533 docti
1183 3489 1296 3553 parum

157 3581 244 3639 recte
265 3576 316 3640 usi
338 3596 408 3639 esse
431 3573 590 3639 uidentur.

260 3704 342 3769 Nam
365 3706 503 3790 primum
519 3703 645 3787 quidem
669 3703 860 3788 Droysenus
883 3708 915 3768 et
934 3701 1103 3787 Koeppius
1128 3723 1237 3786 regem
1257 3723 1294 3767 eo

157 3817 302 3893 tempore
325 3810 357 3873 in
377 3809 579 3874 Seleucidem
596 3807 774 3893 profectum
792 3829 863 3871 esse
879 3814 1055 3883 autumant,
1072 3829 1142 3872 curn
1160 3808 1294 3891 primum

158 3913 363 3979 Ptolemaeus
387 3914 512 4001 Syriam
536 3914 697 3994 ingressus
720 3918 815 3990 esset,
838 3912 958 3977 seilicet
980 3919 1016 3974 ut
1038 3911 1081 3974 illi
1104 3919 1295 3977 occurreret.

159 4016 219 4082 cui
242 4021 445 4084 coniecturae
468 4021 649 4101 repugnant
671 4016 826 4107 Polyaeni
849 4015 949 4080 uerba
962 4014 1060 4096 (VIII
1077 4012 1135 4098 50)
1158 4012 1220 4078 cino
1240 4021 1298 4080 τοῦ

164 4119 290 4203 Ταύρου
312 4120 402 4207 μέχρι
425 4124 481 4205 τῆς
500 4120 626 4202 Ἰνδικῆς
650 4120 745 4203 χωρὶς
767 4118 904 4200 πολέμου
927 4120 976 4184 καὶ
998 4116 1102 4202 μάχης
1119 4115 1296 4202 ἐκράτησεν.

163 4224 253 4302 Quae
278 4226 374 4291 etiam
397 4227 422 4293 si
446 4245 557 4315 parum
574 4229 721 4292 accurate
738 4223 822 4292 dicta
840 4244 908 4290 esse
925 4244 1063 4307 censens,
1086 4230 1193 4289 tamen
1209 4223 1298 4291 nulle
