2956 4822
601 302 695 390 [141]
1177 309 1219 373 cs

78 523 118 566 ne
141 497 173 562 id
198 498 325 584 quidem
348 496 480 561 dubium
502 503 562 581 lest,
587 498 663 582 quin
688 495 729 562 de
753 498 1031 583 exportandis
1053 499 1220 564 frumentis

79 611 202 689 agatur.
238 601 384 677 Quorum
401 601 465 664 duo
482 600 704 665 discernuntur
719 623 855 685 genera:
880 610 911 667 et
936 624 972 668 ea
989 624 1070 688 qnae
1086 624 1219 690 peregre

80 713 301 793 importantur,
324 712 357 768 et
373 727 410 770 ea
434 707 561 788 quaein
579 705 694 770 finibus
710 705 861 770 Teiorum
879 715 1061 771 exarantur.
1094 708 1220 774 Utrius-

79 836 140 899 que
163 812 288 895 generis
310 809 471 873 frumenta
494 830 576 894 qnae
608 811 672 873 sint
702 811 919 894 exportanda,
951 811 991 876 ad
1015 814 1220 896 magistratus

79 915 187 982 referri
211 915 348 979 iubetur.
394 912 486 976 Haec
509 912 628 977 diserte
662 914 761 979 habes
789 915 818 978 in
851 915 957 979 uerbis
986 913 1221 999 dnodagdrjuap

78 1045 109 1086 v.
133 1024 184 1086 95.
212 1027 244 1085 et
267 1015 500 1099 ἕπαγγείλανῂα
523 1038 551 1080 v.
579 1021 648 1081 100.
684 1017 797 1103 Neque
820 1018 921 1103 magis
945 1018 1084 1083 dubitari
1108 1027 1221 1108 potest,

80 1127 155 1211 quin
172 1144 244 1186 cum
260 1121 472 1206 uectigalibus
489 1121 679 1206 quibusdam
703 1123 865 1188 soluendis
882 1125 960 1188 haec
977 1124 1221 1208 coniungantur.

78 1230 199 1294 Tamen
216 1228 277 1290 hoc
300 1227 434 1308 cogitari
456 1247 522 1289 non
545 1233 662 1310 potest,
686 1228 849 1312 exportari
866 1228 948 1293 nlias
973 1251 1022 1292 res
1046 1226 1219 1313 dequibus

79 1332 223 1420 portoria
258 1329 412 1396 soluenda
445 1330 524 1406 sint,
562 1350 645 1415 quae
679 1338 786 1394 tamen
821 1353 839 1394 a
873 1331 1019 1396 custodia
1057 1332 1221 1416 portitoris

79 1436 288 1522 excipiantur.
345 1432 435 1507 Quod
471 1434 497 1495 si
532 1434 615 1496 enim
647 1432 779 1496 dicitur:
814 1431 867 1497 ἐάν
899 1458 956 1498 τισι
989 1433 1035 1518 μή
1067 1441 1219 1516 terrestria

77 1539 256 1622 κατάγουσιν
272 1540 314 1614 εἰς
329 1531 384 1620 τήν
400 1535 740 1619 οἶ[γοράν-ποιεῖσ]θ·αι
757 1535 814 1620 τήν
828 1537 993 1623 ἐξαγωγήν,
1011 1539 1085 1604 inde
1102 1538 1221 1606 diserte

77 1649 230 1732 apparet,
260 1662 325 1706 non
355 1640 394 1705 de
426 1643 568 1726 portorio
600 1641 775 1724 soluendo,
809 1650 844 1706 ut
875 1641 1027 1708 Hicksins
1059 1644 1218 1728 („custom

79 1746 217 1830 house“)
256 1753 288 1811 et
317 1744 578 1829 Waddingtonus
610 1744 679 1830 (qui
712 1766 741 1809 v.
775 1748 836 1810 100
870 1748 1033 1832 suppleuit
1067 1745 1221 1832 τελώνῃ),

81 1853 242 1918 indicasse
272 1849 441 1930 uidentur,
473 1849 529 1913 sed
561 1848 600 1912 do
634 1849 844 1932 uectigalibus
867 1872 973 1915 rerum
998 1853 1029 1915 in
1052 1852 1120 1917 foro
1144 1850 1222 1916 Teio

81 1957 283 2023 uenditarum
299 1952 399 2017 uerba
422 1952 498 2016 fieri.
544 1952 657 2037 Neque
680 1974 762 2038 quae
785 1954 849 2018 sint
871 1953 925 2019 illa
948 1955 1107 2020 frumenta
1139 1976 1222 2041 quae

80 2063 111 2127 in
135 2061 238 2124 iorum
270 2057 387 2121 adferri
411 2055 613 2120 commodum
645 2079 710 2122 non
744 2056 907 2134 uideatur,
939 2057 1078 2123 dubitari
1101 2066 1222 2145 potest:

82 2187 120 2230 ea
152 2163 299 2226 nimirum
329 2160 487 2225 frumenta
520 2181 654 2245 peregre
686 2162 858 2245 importata
882 2181 965 2247 quae
994 2164 1026 2225 in
1049 2161 1119 2226 soro
1143 2161 1220 2227 Teio

81 2277 239 2346 emuntur,
262 2286 323 2331 non
347 2271 383 2328 ut
405 2265 436 2328 in
460 2265 539 2328 urbe
562 2271 802 2346 consumantur,
833 2265 887 2329 sod
914 2275 949 2329 ut
972 2288 1081 2332 rursus
1108 2287 1222 2351 expor-

81 2380 198 2438 tentur.
232 2368 325 2434 Haeo
347 2369 443 2453 igitur
465 2369 600 2434 nauibus
624 2370 807 2455 exponendi
831 2379 864 2434 et
886 2370 918 2433 in
933 2370 1038 2436 forum
1055 2369 1220 2435 adserendi

80 2473 241 2561 impendia
264 2473 375 2536 euitari
398 2479 555 2557 poterant.
603 2473 728 2537 Harum
750 2475 905 2538 mercium
930 2474 1078 2559 exempla
1102 2496 1140 2539 eo
1165 2473 1222 2538 ad-

82 2580 166 2645 ferre
188 2580 291 2643 solent
314 2584 508 2642 mercatores
532 2578 584 2641 ubi
609 2579 714 2641 omnia
737 2580 865 2663 negotia
888 2579 978 2644 fiunt.
1018 2578 1223 2663 Quapropter

82 2682 168 2749 haud
198 2683 282 2745 male
315 2681 490 2747 restituisse
514 2682 589 2745 mihi
612 2682 741 2746 uidetur
764 2682 1025 2768 Waddingtonus
1050 2704 1080 2748 v.
1104 2686 1162 2747 95:
1187 2682 1223 2748 ἐν

82 2794 132 2870 τῆι
155 2792 242 2850 orode
260 2789 313 2869 τῆς
328 2783 449 2866 ἀγορᾶς.
485 2786 535 2850 Ibi
552 2787 634 2850 enim
657 2788 715 2851 sub
733 2787 879 2851 custodia
894 2788 1045 2852 sedilium
1063 2787 1221 2851 frnrrrenta

81 2899 233 2957 ueneunt.
269 2889 374 2962 Quam
396 2888 435 2952 ad
461 2912 528 2953 rem
552 2898 587 2954 ut
610 2892 696 2975 ipsae
720 2912 838 2955 merces
862 2891 978 2971 adsint,
1002 2913 1132 2956 necesse
1157 2913 1221 2955 non

81 3004 139 3075 est,
162 3001 301 3059 attamen
325 3000 479 3077 quantum
495 3003 621 3075 ueneat,
646 2994 773 3080 publica
787 3017 862 3059 cura
878 2994 1138 3080 proscribendum
1162 3005 1222 3078 est,

82 3108 118 3164 ut
149 3097 318 3181 uectigalia
348 3096 490 3174 forensia
522 3097 595 3161 inda
631 3102 761 3183 exigere
797 3100 908 3165 aedilis
945 3101 1054 3184 possit.
1105 3099 1222 3184 Itaque

81 3202 275 3267 reiciendum
299 3208 348 3265 est
371 3200 455 3284 qnod
471 3198 743 3285 'Waddingtonus
772 3202 846 3266 dicit
872 3212 1045 3289 „exporter
1073 3202 1114 3267 de
1146 3202 1222 3268 chae

82 3304 177 3373 enx“.
231 3304 332 3368 Immo
366 3304 425 3368 snb
458 3305 605 3370 custodia
632 3307 760 3392 publica
792 3309 936 3372 nimirum
968 3308 997 3370 in
1028 3314 1121 3392 portu
1149 3315 1223 3370 sunt

81 3412 240 3476 frumenta
269 3408 323 3470 illa
357 3428 439 3492 quae
471 3419 664 3475 mercatores
708 3432 871 3494 exponere
906 3413 1029 3476 nolunt.
1076 3411 1166 3485 Quae
1197 3411 1223 3474 si

83 3514 212 3579 domum
236 3510 388 3575 adtulisse
412 3521 603 3577 mercatores
628 3536 698 3577 cum
716 3514 960 3599 Waddingtono
985 3514 1098 3598 fingas,
1123 3523 1222 3578 totam

82 3638 150 3682 rem
176 3615 321 3680 funditus
355 3625 530 3700 peruertas.
556 3655 596 3662 —
621 3618 703 3682 Item
735 3618 795 3682 sub
827 3617 971 3682 custodia
1000 3616 1149 3682 aedilium
1185 3637 1223 3680 ea

82 3719 336 3806 exportabantnr
361 3739 442 3802 qnae
457 3720 489 3781 in
502 3722 586 3803 agris
600 3720 751 3784 Teiorum
764 3731 896 3785 exarata
908 3742 1043 3806 peregre
1058 3719 1220 3785 uenibant.

82 3824 144 3890 Sed
170 3844 210 3888 ne
232 3825 263 3886 in
286 3822 391 3887 forum
421 3844 460 3887 ea
491 3823 618 3888 adferre
654 3833 811 3907 cogantur
841 3827 967 3904 rustici,
999 3824 1100 3888 altera
1127 3825 1222 3889 huius

81 3927 275 4013 paragraphi
297 3936 390 4012 parte
412 3933 555 3992 cauetur.
602 3927 752 3992 Ceterum
776 3930 807 3991 in
833 3950 925 3993 uersu
951 3931 991 3991 98
1015 3926 1099 3993 male
1122 3927 1222 3991 Wad-

83 4031 255 4116 dingtonus
270 4031 423 4096 restituit:
447 4028 505 4106 ἔξω
528 4037 588 4095 τῶν
604 4038 659 4115 τῆς
674 4031 789 4109 πόλεως
812 4031 912 4115 ὅμως
935 4053 1007 4096 nam
1024 4054 1107 4117 quae
1130 4039 1223 4097 extra

83 4137 161 4202 fines
183 4135 336 4199 Teiorum
358 4141 444 4216 sunt,
468 4155 507 4197 ea
530 4134 664 4200 hicnon
687 4144 849 4200 curantur.

185 4239 302 4324 Itaque
329 4238 408 4303 haec
437 4239 517 4304 ratio
547 4238 744 4306 intercedere
776 4241 853 4305 mihi
884 4241 1012 4306 uidetur
1034 4240 1117 4305 inter
1141 4240 1222 4305 hanc

83 4349 179 4430 atque
210 4342 408 4430 superiorem
443 4344 697 4432 paragraphum:
728 4345 782 4409 illa
804 4345 964 4430 praesenti
990 4346 1138 4431 tempori,
1163 4345 1222 4410 hae
