2954 4808
677 281 766 365 [res]
1245 285 1286 347 sv

151 480 208 538 aut
231 472 578 559 plusquamperfectum
601 472 790 545 coniunctivi
813 474 901 538 vices
923 478 1023 558 agunt
1044 473 1141 537 futuri
1158 473 1194 537 II
1214 492 1287 536 con·

150 576 289 643 iunctivi.
341 576 393 643 De
431 578 493 644 hoo
530 598 590 644 usu
622 597 718 664 supra
751 578 827 645 satis
860 576 1022 665 disputavi
1055 597 1129 664 pag.
1163 578 1204 643 22
1240 597 1286 662 sq.

151 682 204 749 29.
228 682 280 747 35.

538 978 609 1061 ss.
653 976 898 1044 Anesnmx.

348 1172 371 1223 1.
407 1169 455 1222 DE
481 1168 760 1224 commemores
786 1168 1091 1223 PERIPHRASTIOA.

255 1291 493 1377 Coniugadonis
515 1291 763 1377 periphrasticae
787 1313 817 1378 q.
840 1291 872 1358 d.
894 1290 1016 1357 formas
1040 1290 1125 1376 apud
1149 1290 1288 1356 Ammia-

150 1420 229 1465 num
250 1418 313 1462 non
336 1395 509 1460 admodum
531 1396 716 1481 frequentes
739 1401 823 1460 eunt.

254 1517 458 1584 Aotivum.
529 1520 559 1583 l.
596 1516 882 1602 Participium
926 1519 1172 1601 praesentis
1215 1537 1287 1583 sum

151 1624 267 1709 copula
288 1642 352 1687 esse
374 1621 562 1686 Ammianus
584 1642 648 1687 non
671 1620 846 1713 coniunxit.

254 1728 284 1793 2.
328 1725 603 1810 Participium
624 1726 773 1803 futuri,
797 1723 883 1810 quod
905 1724 1092 1808 saepissime
1107 1724 1192 1810 apud
1214 1746 1287 1790 sum

152 1831 303 1912 occurrit,
335 1851 408 1896 raro
443 1850 513 1894 cum
548 1829 655 1895 lormis
692 1828 782 1895 verbi
815 1849 879 1893 esse
912 1830 1127 1913 coniungitur.
1180 1828 1286 1904 Quam

150 1942 345 2003 structuram
367 1934 448 2001 adeo
463 1935 584 1999 evitare
602 1932 727 1999 videtur
741 1931 939 2015 Ammianus,
963 1940 1011 2012 ut,
1027 1932 1082 1998 ubi
1097 1934 1285 2019 scriptorem

150 2041 287 2127 aliquem
312 2038 462 2106 exscribit
484 2038 536 2101 vel
557 2036 706 2120 imitatur,
729 2058 787 2123 pro
812 2037 1035 2120 coniugatione
1058 2036 1288 2124 periphrastioa

148 2144 248 2211 futuri
271 2143 322 2209 vel
344 2142 447 2209 solum
478 2141 678 2230 participium
708 2141 806 2207 loturi
838 2142 890 2206 vel
921 2142 1015 2207 aliam
1045 2141 1186 2228 aliquam
1213 2163 1288 2209 con·

149 2248 359 2315 structionem
381 2252 530 2332 usurpet:

151 2351 207 2418 cfr.
231 2350 294 2417 (lic.
316 2350 408 2416 Brut.
432 2353 483 2432 84,
507 2352 569 2415 289
597 2370 667 2415 eum
771 2350 877 2415 Amm.
902 2351 953 2417 30.
977 2353 1044 2429 4,5
1066 2349 1288 2417 Demosthenes

235 2454 453 2520 Barnosthenes
466 2455 611 2520 dicturus
621 2473 666 2518 es·
856 2471 914 2535 quo
937 2453 1059 2520 dicimo
1068 2474 1081 2536 ;

235 2565 299 2640 set;

237 2661 301 2727 Oic.
320 2659 363 2725 ad
376 2660 445 2726 Ac.
461 2660 497 2725 II
519 2663 556 2725 21
575 2678 667 2744 quor·
770 2662 876 2725 Amm.
890 2662 941 2727 17.
954 2662 1013 2745 2,2
1029 2677 1175 2742 quorsum
1186 2682 1287 2728 euru

236 2786 291 2832 sus
312 2772 470 2850 eruptura
491 2767 541 2829 sit.
852 2771 951 2849 peret.

254 2870 346 2946 Quae
373 2868 437 2935 duo
467 2868 614 2954 exempla
643 2867 802 2934 sufficient
831 2869 872 2933 ad
904 2869 1098 2954 singularem
1126 2867 1288 2935 Ammiani

152 2975 308 3041 rationem
331 2973 456 3040 dicendi
478 2973 742 3058 patefaciendam.

254 3079 446 3163 Ooniugatio
480 3077 709 3164 periphrastica
743 3098 900 3161 nusquam
932 3076 999 3144 fore
1032 3077 1092 3143 nisi
1125 3079 1158 3142 in
1192 3098 1289 3144 sen·

149 3184 296 3250 tentiis
328 3182 653 3267 interrogativis
685 3181 869 3268 obliquis
902 3187 1029 3247 exstare
1060 3181 1201 3247 videtur:
1240 3184 1289 3248 15.

148 3292 179 3368 8,
206 3292 244 3354 16
266 3291 319 3372 qui
337 3289 473 3373 futurus
496 3289 537 3353 sit
568 3286 773 3371 colligebant3
807 3289 857 3354 18.
882 3289 950 3369 5,1
984 3289 1039 3370 qut
1068 3289 1133 3354 sint
1164 3290 1290 3353 venturi

151 3393 334 3460 assatas.

252 3497 488 3563 Passivuna
524 3500 552 3562 1.
576 3495 720 3571 Formas,
739 3516 818 3581 quse
833 3495 943 3560 dicunt
959 3495 1110 3580 imprimis
1128 3495 1289 3576 Livianae,

148 3600 253 3666 idest
279 3600 522 3686 participium
551 3599 717 3685 perlecti
753 3600 870 3685 passivi
904 3599 955 3663 vel
989 3598 1177 3683 deponentis
1216 3621 1290 3666 cum

140 3705 224 3791 fuit,
238 3705 363 3789 fuerat,
379 3704 498 3790 suerit,
517 3704 645 3789 fuisset,
657 3704 760 3787 fuisse
775 3704 988 3782 coniunctum,
1004 3704 1194 3809 Ammianus
1211 3725 1289 3770 non·

148 3831 313 3896 nunquam
327 3811 504 3895 usurpavit,
527 3810 572 3874 ita
588 3816 694 3874 tamen
711 3815 747 3873 ut
759 3810 954 3895 peculiarem
969 3808 1227 3894 singularemque
1249 3828 1290 3872 ex

148 3936 238 3981 more
259 3935 319 3980 suo
342 3920 529 4000 sequoretur
551 3914 718 3979 rationem.
762 3914 812 3979 Ac
827 3914 964 3999 primum
980 3913 1109 3999 quidem
1130 3932 1287 3997 nusquam

148 4019 403 4086 indicativus
425 4019 554 4102 legitur,
577 4017 632 4082 scd
656 4018 953 4082 coniunctivae
972 4025 1004 4082 et
1025 4016 1291 4098 infinitivus,

151 4124 317 4210 quinquies
336 4123 450 4207 fuisse,
473 4123 590 4208 septies
609 4121 736 4205 fuisset,
759 4123 909 4188 undecies
923 4123 1041 4207 fuerit.
1079 4119 1206 4185 Deinde
1228 4121 1291 4186 hae

149 4226 272 4292 formae
294 4248 357 4292 non
379 4228 410 4291 in
435 4226 590 4311 primariis
613 4226 776 4291 sententiis
798 4235 970 4310 ponuntur,
1000 4224 1056 4290 sed
1087 4231 1249 4311 tamquam
1272 4247 1291 4291 e

151 4332 245 4396 certis
268 4330 458 4417 quibusdam
483 4330 753 4397 coniunctionibus
783 4329 942 4415 pendent3
973 4335 1047 4394 sunt
1078 4337 1189 4396 autem
1220 4330 1290 4416 hae,
