3030 4816
707 292 797 378 [311]
1281 299 1319 362 19

185 488 280 571 nid:
303 485 372 551 ‘Sed
395 493 431 550 ut
454 509 613 551 assumere
637 487 677 551 de
700 486 816 552 Colace
839 489 931 572 plura
954 495 1049 572 atque
1072 489 1153 553 adeo
1169 498 1204 554 ut
1220 492 1319 557 milite

184 597 216 654 et
246 591 384 674 parasito
415 597 520 675 posset
550 591 583 654 in
605 589 761 654 Eunucho
785 611 842 654 sua
865 591 923 673 uti,
957 611 1084 655 necesse
1108 599 1155 656 est
1177 595 1321 658 similitu·

184 693 291 758 dinem
313 695 524 758 intercessisse
546 694 628 758 inter
652 695 799 759 Colacem
821 700 853 758 ct
868 693 1057 758 Eunuchum
1073 694 1240 761 Menandri
1254 720 1320 762 non

183 793 393 863 mediocrem’
441 797 554 882 Itaque
588 807 620 862 et
651 799 784 863 militem
815 798 987 881 gloriosum
1020 805 1052 862 et
1084 801 1256 882 parasitum
1287 803 1319 865 in

183 902 299 968 Colace
322 911 428 988 partes
452 905 554 988 egisse
577 927 638 968 non
662 905 866 988 negabimus:
891 904 974 988 quod
997 903 1037 968 de
1060 905 1160 969 altera
1184 927 1320 990 persona

183 1026 223 1070 ex
245 1008 314 1091 ipso
338 1007 430 1070 titulo
454 1005 592 1091 (Κόλαξ)
609 1014 740 1072 constat.
780 1008 885 1082 Quare
901 1029 966 1071 non
982 1015 1102 1071 temere
1119 1009 1196 1072 mihi
1212 1009 1320 1073 videor

183 1111 973 1176 contendereeandemfereintercessisse
996 1111 1321 1176 similitudinem

182 1215 295 1278 inter
339 1213 553 1278 Menandri
590 1213 789 1279 Colacem
826 1220 864 1278 et
901 1212 1160 1293 Eunuchum,
1204 1236 1320 1300 quam

183 1319 294 1382 inter
317 1317 497 1382 eiusdem
521 1317 891 1403 poetaeAndriam
913 1326 952 1382 et
969 1318 1230 1382 Perinthiam
1253 1321 1319 1403 ipse

184 1422 350 1487 Terentius
373 1430 516 1490 testatur.

170 1568 173 1597 ,
285 1525 323 1589 In
356 1528 484 1611 reliquis
519 1527 690 1591 comoediis
725 1549 800 1591 num
830 1528 946 1591 similia
975 1528 1109 1591 artificia
1139 1526 1320 1591 adhibuerit

182 1628 360 1705 Terentius,
377 1632 461 1716 quod
478 1632 518 1697 da
533 1633 662 1717 Hecyra
677 1632 815 1695 affirmat
831 1630 990 1696 Deiotelm
1006 1629 1099 1713 (mus.
1115 1630 1218 1695 Rhen.
1235 1629 1320 1694 XXI

182 1756 213 1819 p.
232 1737 271 1799 79
287 1757 352 1820 sq.;
374 1736 423 1801 ed.
440 1736 579 1821 Adelph.
597 1758 627 1821 p.
646 1737 685 1799 12
700 1736 789 1816 not),
806 1757 889 1799 nunc
904 1757 966 1800 non
983 1756 1112 1819 quaero.
1146 1734 1196 1799 De
1211 1734 1320 1798 Heau-

183 1839 447 1903 tontimorumeno
470 1840 500 1903 id
525 1847 609 1904 certe
627 1840 758 1923 negavit
773 1838 949 1903 Deiatelm:
971 1860 1163 1923 quamquam
1179 1838 1320 1902 Terentii

184 1942 216 2004 in
239 1943 372 2026 prologo
395 1943 502 2023 verba,
527 1943 641 2027 quibus
664 1950 825 2026 tamquam
849 1949 1037 2025 argumento
1060 1943 1160 2005 utitur
1182 1962 1211 2006 v,
1236 1947 1275 2005 4:

313 2054 366 2118 Ea
388 2056 515 2137 integra
538 2055 660 2118 Graeco
683 2057 841 2137 mtegram
866 2055 1054 2118 comoediam

312 2158 419 2223 Hodie
440 2179 510 2223 arem
534 2166 665 2223 deterres
688 2159 840 2223 Heauton
863 2161 1100 2240 timorumeeon,

184 2295 245 2337 non
276 2280 420 2357 spectant
450 2272 489 2335 ad
520 2272 660 2335 fabulam
691 2293 753 2335 non
784 2272 1033 2335 contaminatam
1063 2271 1118 2334 scd
1142 2270 1181 2333 ad
1204 2291 1319 2333 novam

183 2397 285 2460 neque
308 2398 327 2439 a
350 2397 508 2460 qucquam
532 2383 625 2439 antea
649 2384 783 2439 tactam:
806 2376 890 2459 quod
907 2376 1059 2459 probatur
1074 2381 1106 2438 et
1122 2396 1151 2439 v.
1167 2377 1183 2437 7
1201 2395 1319 2436 nouam

183 2501 246 2543 ease
269 2481 389 2545 ostendi
409 2488 440 2544 et
464 2481 601 2566 Adelph.
626 2482 704 2566 prol.
728 2502 757 2545 v.
777 2484 795 2544 9
819 2502 887 2544 eura
911 2480 1048 2545 Plautus
1071 2481 1172 2544 locum
1195 2478 1320 2562 reliquit

182 2586 350 2668 integrum.

287 2688 397 2771 Ipsum
429 2695 536 2751 autem
567 2710 687 2752 morem
718 2709 759 2752 ex
782 2688 905 2751 duabus
929 2687 1097 2751 comoediis
1120 2686 1250 2750 Graecis
1273 2685 1320 2749 fa·

184 2794 292 2858 hulam
321 2791 471 2855 Latinam
505 2792 715 2877 componendi
744 2813 805 2855 non
838 2813 857 2854 a
887 2790 1034 2855 Terentio
1062 2811 1129 2854 esse
1157 2790 1321 2854 inuentum

183 2897 250 2981 ipse
284 2894 458 2958 identidem
492 2901 599 2958 monet
637 2901 746 2958 contra
782 2894 995 2972 adversarios,
1030 2893 1067 2958 cf.
1101 2892 1202 2959 Andr.
1237 2894 1319 2978 prol.

182 3020 210 3063 v.
240 3001 276 3062 18
299 3020 364 3083 sq.:

311 3121 374 3200 Qui
396 3140 487 3205 quom
509 3120 592 3183 hreno
615 3125 777 3200 (accrescet,
800 3119 959 3183 Naeuium
982 3117 1136 3183 Plautum
1158 3118 1297 3182 Ennium

311 3225 483 3307 Accessum,
506 3246 582 3309 qreos
604 3226 653 3288 hic
675 3231 779 3287 moster
802 3231 947 3287 auctores
968 3222 1068 3305 habet,

311 3331 451 3411 Quorum
476 3331 634 3394 aemulari
654 3335 780 3412 exoptat
803 3329 1025 3412 neclegentiam

312 3434 423 3498 Potius
445 3455 538 3519 quom
561 3436 694 3498 istorum
718 3433 882 3496 obscuram
905 3433 1114 3516 diligentium.

182 3555 326 3620 Eunuch.
351 3557 429 3639 prol.
453 3577 483 3619 v.
508 3557 567 3619 42:

311 3677 417 3756 Quaere
441 3681 598 3760 aequomst
621 3696 678 3738 eros
702 3695 884 3759 cognoscere
908 3682 999 3759 atqcue
1021 3675 1190 3756 ignoscere,

312 3780 398 3860 Quae
420 3787 539 3844 ueteres
559 3779 758 3860 factitarent
779 3781 809 3842 si
827 3780 956 3861 facirmt
982 3779 1068 3842 nom.

183 3892 301 3956 Heaut.
325 3893 408 3977 prol.
432 3914 462 3956 v.
487 3895 546 3956 20:

312 4013 418 4077 Habet
442 4013 592 4076 domorum
616 4013 798 4095 exemplum,
821 4033 879 4098 qao
902 4011 1040 4095 eeemplo
1064 4009 1123 4074 sibi

312 4117 422 4182 Dicere
444 4118 479 4180 id
498 4117 607 4199 fecere
629 4116 713 4201 quod
735 4118 783 4180 illi
801 4116 948 4197 fecemmd
968 4120 1073 4197 putot.

183 4231 297 4316 Itaque
319 4232 389 4313 ipso
409 4230 558 4294 Terentio
574 4237 701 4292 auctore
717 4230 781 4291 iam
796 4226 937 4295 Naeuius
953 4234 985 4292 et
1000 4226 1134 4295 Plautus
1152 4233 1184 4290 et
1199 4224 1321 4296 Ennius

184 4334 419 4400 contaminandi
442 4334 563 4398 ratione
580 4331 761 4400 utebantur.
