2948 4808
681 303 771 388 [ror]
1252 310 1290 373 nr

155 499 225 580 175,
250 497 283 576 5)
308 497 502 582 syllabarum
533 496 662 562 schema
693 516 752 561 suo
784 497 856 560 loco
885 497 1027 562 inserere
1059 499 1186 582 oblitus,
1217 512 1293 584 post

150 596 277 682 “ἴαμβος’
297 600 375 664 item
398 607 495 683 atque
521 598 899 685 Pseudo-Hephaestion
930 607 963 664 et
992 599 1059 665 sina
1089 600 1186 667 dubio
1217 603 1293 668 item

152 711 251 790 atque
273 711 394 784 auctor,
417 724 510 790 quem
536 702 714 788 exscripsit,
738 701 817 767 haec
840 701 947 767 addit:
975 701 1037 767 nine*
1056 700 1184 788 Ἰάμβης
1213 703 1295 783 τινὸς

153 804 301 890 γυναικός,
323 808 430 891 στίχον
452 808 484 882 ἐξ
506 804 626 889 ἰάμβων
648 826 676 872 e.
701 827 730 892 q.
753 829 778 872 s.
801 805 842 871 ad
866 805 999 872 verbum
1027 828 1098 872 cum
1121 808 1138 891 ἕ
1163 808 1195 873 1“’
1220 830 1294 875 con-

152 912 314 996 gruentia3
349 918 418 975 tum
453 910 580 975 demum
615 911 761 975 meminit
798 909 968 976 schematis
1006 911 1114 976 omissi
1151 922 1183 978 et
1221 921 1295 997 post

153 1011 285 1100 ’σκάφηιῖ
311 1013 417 1080 addit:
440 1015 590 1097 odysseam
614 1014 646 1078 δὲ
667 1012 701 1078 ἐκ
722 1018 869 1101 βραχείας
891 1017 941 1079 καὶ
962 1021 1092 1097 μακρᾶς.

256 1118 371 1205 Neque
394 1118 496 1202 magis
518 1117 669 1185 credibile
693 1126 740 1184 est
767 1120 798 1183 in
828 1119 916 1183 libris
948 1119 1166 1204 antiquiorum
1197 1122 1295 1205 scrip·

153 1230 258 1288 torum
282 1223 367 1287 hunc
389 1230 561 1288 tractatum
584 1223 754 1305 exstitisse,
779 1245 849 1291 cum
872 1245 978 1310 neque
993 1223 1025 1287 in
1042 1222 1294 1310 Hephaestionis

152 1325 337 1393 Ilnchiridio
359 1349 468 1415 neque
492 1329 524 1391 in
546 1328 677 1393 scholiis
699 1327 739 1391 ud
763 1327 843 1392 illud
864 1327 1048 1412 conscriptis
1079 1347 1185 1412 neque
1208 1327 1294 1412 apud

152 1431 323 1515 scriptores
347 1431 387 1496 de
406 1453 439 1496 re
455 1433 586 1497 metrica
600 1432 733 1496 Latinos
756 1432 821 1495 ulla
845 1432 913 1496 eius
937 1431 1072 1516 vestigia
1087 1430 1294 1515 reperiamus.

153 1533 290 1599 Videtur
322 1534 421 1619 igitur
451 1535 629 1619 posteriore
662 1534 788 1621 quidem
820 1544 966 1620 tempore
997 1533 1054 1600 sed
1086 1539 1160 1599 anta
1192 1534 1295 1599 Ieaaci

153 1644 292 1703 aetatem
316 1638 355 1702 ab
383 1637 511 1703 homine
535 1637 671 1723 quodam
695 1638 790 1703 docto
814 1646 846 1704 et
869 1637 1093 1724 philosophiae
1115 1645 1148 1701 et
1173 1638 1296 1703 matha·

154 1742 284 1806 matices
308 1741 394 1806 haud
417 1743 565 1828 imperito
590 1743 787 1828 conscriptus
811 1764 891 1808 essa.
937 1741 1002 1808 Sed
1024 1743 1172 1827 quisnam
1199 1741 1296 1807 fuerit

152 1845 207 1909 illa
231 1844 324 1910 homo
348 1854 384 1910 ut
406 1847 635 1932 perspicerem,
665 1847 784 1911 frustra
815 1847 929 1911 enixus
951 1868 1032 1912 eum.
1080 1845 1227 1932 Cogitavi
1257 1844 1297 1909 do

154 1948 336 2013 Pediasimo
359 1948 414 2012 illo
437 1948 591 2012 librorum
613 1949 805 2013 musicorum
823 1955 854 2013 et
869 1947 1138 2033 geometricorum
1153 1954 1295 2028 auctore,

154 2052 350 2118 Iustinianae
372 2052 495 2137 primae
518 2060 551 2117 et
573 2052 748 2137 Bulgariae
770 2052 941 2136 tabulario,
965 2053 1019 2137 qui
1034 2052 1093 2117 sub
1110 2050 1295 2115 Andronico

155 2156 217 2222 III.
241 2155 439 2241 Palaeologo
457 2156 704 2240 (1328-1341)
728 2178 766 2223 eo
790 2178 920 2223 munere
943 2156 1072 2222 functus
1095 2176 1165 2221 essa
1182 2153 1296 2220 dicitur

154 2258 251 2340 (coni.
281 2258 443 2325 Friedlain
475 2261 532 2325 ‘die
564 2260 748 2326 Geornetrio
781 2262 837 2326 des
866 2259 1066 2326 Pediasimus
1095 2259 1296 2343 [Programm

155 2364 210 2429 der
234 2363 486 2429 Studienanstalt
510 2364 660 2430 Ansbach
678 2361 785 2448 1866]‘
808 2386 881 2450 pag.
896 2363 944 2448 4),
957 2363 1119 2448 'quoniam
1136 2361 1294 2427 iu'codice

154 2469 185 2532 Β
210 2468 289 2532 haec
312 2466 693 2552 Pseudo-Hephaestioni
715 2466 927 2552 praecedunt:

363 2621 570 2704 Διαργάνωσις
592 2620 720 2707 ἀκριβής
742 2627 847 2687 ποδῶν
871 2620 1005 2686 Πόθαυε
1029 2658 1071 2667 -

366 2725 571 2808 Λιοργάνωσις
593 2728 658 2790 ταῖν
679 2725 896 2811 μετρουμένων
918 2728 1036 2790 noricis:
1056 2761 1097 2772 -

157 2881 300 2957 Quorum
323 2882 540 2947 trimetrorum
564 2881 772 2947 iambicorum
794 2882 901 2966 priore
931 2861 1103 2966 significari
1133 2880 1299 2946 celeberri-

156 3006 241 3050 mum
265 2986 396 3051 Ioannis
420 2985 593 3050 Pediasimi
617 3007 755 3066 carmen,
779 2984 867 3070 quod
890 2986 987 3070 vulgo
1011 2984 1194 3050 inscribitur
1224 2984 1299 3069 ίπερὶ

155 3088 294 3172 γυναικός
316 3092 411 3173 κακῆς
433 3091 483 3153 καὶ
505 3087 633 3171 ἀγαθῆς
648 3089 716 3153 sive
732 3085 852 3166 Hei-‘loq'
866 3088 1025 3155 intellexit
1040 3089 1102 3153 iam
1122 3089 1169 3152 vir
1186 3088 1299 3154 doctus

157 3194 263 3259 nescio
288 3194 368 3279 quis,
391 3193 444 3278 qui
467 3194 597 3259 saeculo
621 3193 688 3257 fere
710 3191 812 3257 XVII
834 3193 865 3256 in
889 3191 1006 3258 codicis
1029 3191 1061 3256 R
1087 3191 1165 3257 folio
1196 3193 1298 3276 primo

158 3296 199 3362 ad
221 3297 355 3362 indicem
378 3318 499 3378 eorum,
524 3318 607 3383 quae
624 3295 733 3361 codice
749 3295 781 3360 R
796 3296 1008 3376 continentur,
1025 3294 1104 3360 heac
1119 3295 1299 3380 adscripsit:

157 3399 271 3465 ‘adhoc
294 3402 424 3467 Ioannis
446 3397 653 3466 Pediasimi?
697 3399 740 3464 Et
766 3400 910 3484 profecto
941 3399 1133 3484 paragraphi
1157 3397 1300 3464 Pseudo·

158 3504 442 3590 Hephaestioneaa
457 3508 471 3568 1
490 3505 625 3569 materia
640 3505 864 3570 mathematica
882 3504 1001 3588 optime
1015 3503 1167 3569 convenit
1180 3502 1299 3568 homini

158 3606 391 3674 mathematicis
414 3607 528 3673 studiis
551 3607 670 3689 dedito,
696 3609 748 3694 qui
771 3607 867 3673 libros
884 3614 915 3672 et
931 3608 1067 3672 musicos
1082 3613 1114 3672 et
1130 3607 1301 3691 geometri·

160 3735 211 3780 cos
234 3712 406 3796 scripserit.
452 3713 604 3778 Attamen
628 3714 654 3777 si
677 3712 845 3777 recesseris
861 3733 880 3775 a
897 3710 1087 3796 quibusdam
1105 3712 1182 3775 artis
1204 3730 1301 3776 voca·

159 3817 242 3882 bulis
258 3815 475 3896 sollemnibus,
491 3837 654 3901 perpauca
668 3823 744 3881 sunt
759 3816 790 3880 in
805 3817 953 3899 genuinis
970 3814 1140 3880 Pediasimi
1166 3814 1301 3898 scriptis,

159 3941 241 4006 quae
263 3918 660 4007 Pseudo-Hephaestionis
684 3919 810 3986 dicendi
832 3920 943 4005 generi
959 3917 1194 4005 respondeant,
1217 3916 1300 3982 coni.

159 4024 330 4090 Pediasim.
355 4023 396 4090 de
418 4026 595 4111 geometria
618 4027 704 4110 (pag.
730 4026 778 4104 13,
806 4027 840 4088 ll
867 4023 916 4089 ed.
941 4022 1102 4106 Hanow):
1131 4022 1181 4086 καὶ
1204 4018 1302 4104 ἐχρῆν

158 4126 214 4208 μὲν
244 4125 395 4212 πρότερον
426 4125 487 4191 sind
519 4133 575 4191 τοῦ
604 4124 756 4210 τριγώνου
787 4125 980 4206 ποιήσασθαι
1012 4125 1069 4205 τήν
1099 4119 1202 4209 ἀρχήν
1229 4143 1301 4187 cum

159 4230 402 4316 Pseud.-Heph.
422 4233 504 4314 §1¹2
536 4228 598 4296 ἔδει
621 4231 652 4295 δὲ
674 4237 734 4295 πᾶν
755 4227 792 4296 τὸ
815 4237 876 4295 τῶν
898 4233 1001 4295 ποδῶν
1023 4227 1186 4315 ἄθροισμα
1197 4274 1301 4293 ......

160 4332 426 4417 ἐγκοληώσασθαι.
472 4336 610 4421 Reliqua
633 4343 740 4400 autem
757 4335 903 4421 plurimo,
926 4335 1026 4399 veluti
1047 4355 1096 4417 ea,
1124 4331 1238 4418 quibus
1260 4330 1303 4396 ad
