3030 4816
236 300 277 360 ιι
757 250 848 381 [τωο]

338 486 389 551 Do
413 488 508 554 Hom.
536 495 568 553 A
594 492 655 554 277
680 496 711 552 et
735 488 872 574 antiquis
896 489 1073 552 dubitatum
1100 496 1149 553 cst
1173 491 1392 573 temporibus

80 588 84 600 '
145 589 148 595 ’
237 596 269 655 et
291 589 386 655 hodie
408 593 587 658 dubitatur:

423 695 504 779 μήτε
527 695 576 773 ου’,
600 697 749 781 Πηλείδη,
773 697 856 762 ἔθελ’
881 695 1049 779 ι’ριζέμεναι
1071 700 1204 781 βασιλῆὶὶ

237 799 439 868 Aristarchus
462 801 597 865 testibus
621 800 759 878 scholiis,
783 803 857 885 quia
880 799 1040 865 Homerus
1063 820 1189 884 semper
1214 802 1385 867 uocabulo

239 904 340 969 ἐθέλω
362 925 524 989 nunquam
548 904 632 966 θέλω
662 912 779 988 utatur,
806 925 864 988 per
886 905 1072 990 aphaeresin
1090 904 1200 969 scribit
1226 907 1388 990 Πηλείδη,

240 1005 328 1074 ’θεέ
355 1048 393 1057 -
418 1008 622 1073 Herodianus
646 1008 758 1073 eadem
783 1008 823 1073 de
846 1030 943 1074 causa
965 1009 1066 1072 crasin
1088 1009 1305 1091 Πηλιιιλ“ἦ6ελ’
1328 1010 1387 1074 ad·

240 1113 336 1176 mittit
352 1111 385 1195 (I
401 1114 474 1192 448,
493 1113 563 1191 17);
588 1109 622 1175 td
637 1112 672 1175 δέ
690 1110 775 1176 θέλω
798 1115 879 1177 δοκεῖ
899 1112 932 1176 ἐκ
956 1119 1011 1177 τοῦ
1025 1109 1127 1177 ἐθέλω
1153 1109 1239 1176 εἶναι·
1265 1116 1304 1176 τὸ
1326 1112 1386 1196 γάρ

242 1241 256 1279 ε
281 1213 315 1279 td
339 1214 418 1296 Ιιιετοί
441 1215 609 1300 συμφώνου
632 1215 769 1298 ὑπάρχον
789 1214 902 1301 πέφυκε
918 1214 1058 1293 πολλάκις
1072 1213 1322 1297 ἀποβάλλεσθαι,
1343 1216 1389 1294 ὡς

242 1319 276 1382 τὸ
298 1322 358 1403 ἔφη
382 1356 421 1366 -
445 1326 502 1404 φῆ,
525 1318 580 1403 ἔβη
603 1355 643 1366 ·-
666 1326 718 1402 βῆ.
741 1323 789 1382 καὶ
812 1324 863 1384 δεῖ
882 1319 1046 1401 γινώσκειν,
1069 1317 1116 1384 ὅτι
1140 1318 1187 1384 ἀεὶ
1207 1318 1244 1385 sd
1260 1319 1387 1402 τρισύλ-

241 1429 333 1504 ludos
354 1422 520 1505 εὑρίσκεται
543 1422 623 1504 παρὰ
646 1429 691 1512 τῷ
713 1430 823 1512 ποιητῇ
845 1422 955 1488 έθέλιο.
1001 1421 1102 1503 οἷμέλιι
1125 1421 1160 1488 ἐν
1181 1429 1228 1508 τῷ

446 1526 526 1611 μήτε
549 1525 598 1603 ου’,
625 1525 830 1610 Πηλιιιλήθελ’
852 1525 1019 1608 ἐριζέμεναι

236 1629 382 1714 δηλονότι
405 1629 507 1711 κράσει
530 1629 647 1712 ἐγένετο
671 1637 728 1694 τοῦ
750 1633 776 1712 ἢ
799 1633 849 1693 καὶ
874 1641 901 1695 'a'
924 1632 967 1708 εἰς
994 1641 1026 1717 ἢ.

345 1751 405 1815 Ηίο
419 1751 496 1816 locis
512 1751 705 1817 Kuehnerus
720 1752 877 1836 synizesiu
894 1754 1021 1836 statuit3
1038 1752 1237 1838 probabilius
1254 1753 1387 1818 Abren-

236 1857 302 1919 sius
327 1855 380 1936 (de
403 1857 482 1920 crasi
505 1877 558 1941 pg.
582 1856 639 1936 22)
666 1844 856 1941 aphaeresin
888 1857 1015 1941 quidem
1047 1877 1109 1921 non
1140 1857 1293 1938 admittit,
1323 1858 1382 1922 sed

240 1959 315 2024 θέλε
326 1960 492 2023 Aeolicam
504 1959 637 2023 formam
655 1959 739 2023 inter
751 1960 944 2040 Aeolismcs,
961 1960 1075 2045 quibus
1088 1959 1223 2026 Homeri
1236 1962 1383 2026 carmina

238 2064 412 2143 abundant,
435 2062 542 2144 refert,
566 2084 636 2126 cum
661 2070 776 2147 poetae
791 2063 937 2127 Lesbiaci
961 2064 1119 2127 uocabulo
1137 2061 1222 2128 θέλω
1241 2065 1293 2128 usi
1314 2066 1382 2130 sint

242 2167 328 2243 (Alc.
352 2170 403 2232 54.
428 2167 548 2252 Sapph.
573 2169 612 2230 26
636 2165 690 2249 Β).

346 2288 376 2352 b.
421 2288 516 2372 Apud
552 2287 776 2352 Dorienses
815 2288 968 2373 lyricos
1011 2287 1193 2372 aphaeresis
1232 2309 1274 2352 ne
1315 2311 1382 2355 uno

243 2391 370 2475 quidem
385 2391 455 2454 loco
473 2391 597 2475 legitur.
625 2390 705 2455 Nam
723 2392 806 2477 quod
824 2392 907 2477 apud
925 2390 1097 2456 Pindarum
1115 2392 1222 2458 isthm.
1240 2390 1291 2455 lv
1307 2394 1327 2454 6
1349 2403 1384 2459 ct

241 2494 279 2558 ir.
301 2497 363 2558 220
380 2494 557 2558 Ahrensius
582 2493 636 2570 (ci.
654 2494 675 2558 l.
689 2516 715 2558 ο.
731 2515 784 2578 pg.
799 2493 857 2577 22)
880 2496 987 2559 scribit
1010 2488 1036 2556 cl
1060 2494 1177 2572 ἰοσσα,
1201 2495 1307 2562 isthm.
1326 2496 1342 2560 1
1361 2501 1382 2562 6

246 2592 271 2659 οἶ
295 2598 487 2674 ’πολλωνωίςε
512 2621 570 2682 ego
594 2599 694 2662 crasin
718 2597 863 2684 praefero
887 2597 978 2679 (uide
1002 2620 1097 2682 supra
1121 2619 1174 2683 pg.
1200 2597 1267 2683 36).

344 2742 368 2783 ο.
411 2718 517 2805 Lyrici
533 2718 699 2783 Aeolioi
722 2729 847 2804 atque
872 2718 1004 2783 Ionici
1027 2719 1187 2783 rarissime
1203 2718 1380 2786 admittunt

240 2824 445 2908 aphaeresin:
470 2825 616 2908 exempla
640 2821 793 2887 habemus
815 2824 867 2886 έπί
882 2822 1126 2907 praepositionis
1142 2823 1258 2887 elisae:
1283 2822 1381 2908 dli-sm

239 2927 373 3010 ’πολεύης
390 2927 507 3011 Sapph.
525 2930 554 3007 2,
574 2930 622 2992 15.
655 2925 692 3008 δή
716 2929 862 3009 ’σι’κσυρσς
877 2927 997 2992 Archil.
1010 2931 1061 2992 24.
1099 2934 1240 3008 ποταμοῦ
1259 2925 1381 3012 ’πανέρ-

236 3058 332 3115 χομαι
355 3032 471 3095 Anacr.
496 3033 547 3094 23.
574 3065 609 3074 -
634 3039 729 3107 κεῖνος
753 3039 785 3095 et
808 3029 891 3094 θέλω
922 3053 1018 3096 uoces
1048 3052 1112 3096 non
1143 3033 1305 3116 pertinent
1336 3037 1379 3100 ad

240 3134 437 3220 aphaeresin,
460 3124 515 3198 sed
539 3134 660 3199 formae
684 3135 846 3201 breuiores
871 3136 954 3220 apud
985 3136 1043 3199 hos
1072 3142 1184 3219 poetas
1214 3136 1381 3219 legitimae

240 3245 323 3302 suut.

342 3358 372 3424 d.
397 3359 434 3422 ln
447 3358 667 3443 tragoedia
683 3358 774 3423 Atti
786 3380 828 3423 ca
840 3359 1052 3444 aphaeresecs
1066 3382 1142 3425 usus
1156 3360 1307 3445 frequens
1318 3369 1383 3429 est:

406 3502 434 3543 σ.
468 3487 731 3565 augmentum
755 3482 1030 3566 syllabicum:

468 3599 494 3668 1.
533 3609 628 3686 post
658 3624 694 3667 a:
732 3602 810 3684 κέρα
848 3601 982 3679 'adata
1014 3603 1112 3690 Soph.
1145 3602 1196 3666 Ai.
1229 3605 1304 3668 308.
1346 3644 1384 3655 -

534 3713 678 3771 πισσῦσαι
702 3706 802 3771 ’κλασν
825 3707 863 3772 Ο.
889 3705 923 3772 Ο.
951 3709 1042 3773 1608.

468 3805 499 3876 2.
532 3823 628 3897 post
650 3833 692 3875 es:
714 3813 778 3875 έπιὶ
802 3809 948 3892 ’δάκρυσα
972 3809 1069 3894 Soph.
1095 3809 1173 3874 Phil.
1198 3810 1272 3874 360.

470 3909 501 3982 3.
535 3924 628 4000 post
650 3937 685 4002 ηε
715 3912 797 3997 Ἰόλη
818 3912 946 3979 ’καλοῖτο
976 3914 1075 3998 Soph.
1100 3912 1214 3976 Trach.
1237 3914 1313 3978 381.
1345 3952 1386 3962 -

534 4017 572 4106 dp*
589 4018 691 4103 ’βόησε
717 4022 789 4083 772.
807 4056 847 4066 -
863 4015 941 4101 αὐτὴ
967 4017 1101 4101 ’λόχευσν
1123 4015 1199 4080 Eur.
1216 4015 1266 4079 El.
1286 4021 1389 4086 1129.

536 4159 574 4169 -
597 4123 642 4204 μή
664 4121 797 4186 ’πόθουν
819 4122 917 4207 Soph.
941 4123 994 4186 Αἰ.
1011 4122 1084 4186 962.
1123 4117 1144 4202 ἢ
1168 4116 1283 4203 ’φάνην
1310 4125 1389 4190 739.

538 4221 557 4308 ἦ
582 4224 765 4307 ’τολμῆσστε
788 4226 871 4292 Phil.
895 4227 968 4290 369.
991 4224 1036 4308 μή
1057 4221 1164 4300 ’κοίλοις
1187 4222 1226 4287 0.
1250 4223 1390 4296 17432.

538 4357 578 4380 ⁶-
601 4329 646 4415 μή
670 4329 765 4413 ’θιγες
787 4330 863 4396 Ant.
888 4333 961 4396 546.
