2956 4822
238 315 281 377 42
754 310 847 396 [raa]

233 507 284 592 qui
315 505 474 571 frumenta
513 504 728 592 importabant
758 503 1003 586 adiuuarentur,
1038 524 1139 590 eaque
1172 526 1206 570 re
1245 504 1375 590 frugum

232 611 334 696 pretia
359 612 553 676 leuat-entur.

335 714 403 778 Teii
428 715 536 798 legati,
560 735 630 778 cum
662 714 718 778 illa
749 734 872 777 summa
897 714 1014 797 exigua
1036 736 1105 778 esse
1131 715 1176 778 eis
1201 713 1375 794 uideretur,

232 824 268 882 ut
290 819 362 902 plus
378 818 609 882 concederetur
625 816 879 903 postulauerunt.
913 816 1006 890 Quod
1025 839 1094 881 curu
1114 816 1374 901 Waddingtonns

232 942 294 985 nou
319 921 547 1004 intellexisset,
582 922 760 1007 suppleuit:
794 917 897 1003 ἐπειδὴ
927 919 942 982 d
973 920 1164 1001 συιοικισμός
1187 929 1373 986 συντελεῖται

232 1027 280 1088 καὶ
310 1024 420 1102 πάντες
444 1027 571 1108 γίνεσθε
602 1032 664 1089 κτλ.
690 1026 748 1089 iao
775 1047 851 1089 usus
886 1027 1163 1110 interpretatione:
1205 1026 1277 1107 „De
1305 1027 1376 1091 leur

232 1128 304 1192 cdte
327 1129 374 1192 les
398 1129 534 1214 deputes
557 1131 597 1195 de
621 1130 705 1195 Teos
729 1139 800 1195 sont
823 1128 923 1194 d'avis
947 1130 1131 1215 d’ajourner
1154 1151 1207 1194 ecs
1230 1152 1373 1195 mosures

227 1232 356 1316 jusqu'a
385 1256 421 1299 ce
452 1255 513 1318 qne
536 1231 805 1319 l’amalgamation
836 1234 893 1299 des
931 1234 1018 1298 deux
1048 1233 1288 1299 communantes
1311 1236 1373 1299 soit

232 1337 420 1420 cornpldte.“
469 1338 558 1417 Mire,
582 1359 655 1402 nam
678 1338 881 1404 scribendum
907 1349 1003 1403 esset:
1029 1336 1150 1403 ἐπειδὰν
1168 1344 1370 1421 evenissent

232 1444 280 1503 nai
305 1441 447 1523 γένησθε.
494 1443 618 1524 γίνεσθε
648 1454 754 1507 antem
777 1443 808 1508 in
831 1443 937 1528 lupide
970 1449 1029 1508 est.
1081 1441 1151 1506 'Peli
1179 1443 1263 1506 enim
1296 1463 1372 1506 suae

232 1547 409 1610 sententiae
445 1567 572 1612 causam
606 1547 756 1611 adferunt
790 1547 887 1612 banc:
923 1547 1028 1611 subito
1062 1568 1160 1610 unum
1198 1547 1229 1610 in
1268 1547 1372 1610 locum

232 1651 405 1715 conuenire
421 1652 584 1715 insolitum
601 1673 769 1716 numerum
793 1653 968 1726 hominum,
993 1653 1046 1737 qui
1070 1650 1201 1716 sedibus
1223 1649 1372 1736 perendie

232 1754 390 1836 occupati,
423 1763 592 1840 quaestum
625 1755 732 1822 iacere
764 1778 828 1820 non
852 1762 996 1842 possent.
1042 1753 1116 1819 Non
1148 1755 1246 1838 igitur
1280 1775 1371 1834 ,cum

232 1857 419 1923 conficiatur
441 1857 660 1944 (συντελεῖται)
683 1861 903 1945 synoeoismus
934 1859 990 1924 sed
1026 1881 1116 1941 „eum
1149 1857 1369 1944 comparetur¹⁴

234 1970 303 2025 erat
326 1963 524 2028 dicendum¹.
1340 2019 1344 2025 .

335 2066 518 2151 Antigonus
549 2076 656 2132 autem
687 2070 736 2133 cui
770 2068 847 2132 baec
874 2069 978 2130 minus
1008 2068 1198 2152 placebant,
1227 2066 1372 2152 pluribus

233 2171 339 2234 uerbis
362 2173 511 2258 exponit,
545 2195 609 2259 qua
639 2195 673 2238 re
698 2194 800 2258 neque
824 2171 911 2257 qnod
935 2173 966 2235 in
989 2174 1174 2236 uniuersum
1198 2171 1284 2236 illam
1307 2190 1372 2235 rem

232 2273 365 2339 Lebedii
378 2277 581 2341 statuendam
597 2299 667 2342 esse
680 2275 902 2358 censuerantl,
919 2297 1023 2362 neque
1040 2275 1125 2361 quod
1137 2274 1209 2339 Teii
1221 2276 1372 2339 maiorem

233 2398 389 2442 summam
422 2387 654 2464 poposcerant,
693 2377 934 2445 concedendum
968 2379 1028 2444 sibi
1065 2378 1222 2443 uideatur.
1282 2377 1374 2444 Haec

232 2481 317 2546 tituli
349 2504 423 2568 pars
457 2505 529 2548 cnm
560 2506 579 2547 a
609 2483 857 2568 Dittenbergero
892 2493 928 2548 ut
964 2484 1149 2548 breuissime
1183 2484 1227 2546 ita
1259 2482 1374 2568 proba·

233 2585 386 2652 bilissime
417 2589 564 2653 restituta
595 2596 627 2652 et
651 2589 810 2673 explicata
832 2589 893 2669 sit,
915 2590 984 2653 eius
1006 2588 1074 2653 iere
1097 2587 1320 2672 supplementa
1343 2593 1374 2649 et

232 2690 516 2776 interpretamenta
538 2698 667 2757 secutus
689 2714 770 2757 sum.
806 2691 879 2756 Hoc
902 2694 985 2757 enim
1009 2713 1065 2756 rex
1089 2691 1179 2755 dicit:
1203 2691 1245 2756 Se
1268 2710 1373 2776 neque

232 2802 327 2861 antea
357 2796 539 2860 ciuitatibus
575 2796 705 2861 Graecis
740 2798 951 2877 concessisse,
988 2803 1022 2859 ut
1055 2795 1189 2881 publicis
1223 2795 1372 2880 impensis

232 2919 369 2984 peregre
400 2899 560 2965 frumenta
591 2901 818 2985 importarent,
849 2923 954 2986 neque
978 2909 1054 2964 tunc
1085 2901 1144 2964 boc
1168 2900 1228 2964 sibi
1251 2900 1372 2964 uolenti

233 3022 312 3068 esse.
359 3003 528 3087 Σιτηγήσια
552 3004 592 3068 do
618 3006 753 3070 nauibus
777 3005 991 3069 frumentariis
1015 3005 1173 3069 intellexit
1198 3002 1374 3087 Wadding·

233 3115 328 3170 tonus
351 3107 514 3188 (,navires
543 3130 627 3194 pour
657 3111 686 3174 le
711 3117 874 3194 transport
905 3108 945 3172 de
970 3107 1070 3189 olet).
1117 3107 1155 3172 In
1178 3106 1290 3172 lexicis
1316 3108 1373 3172 hoc

232 3211 427 3276 uocabulum
462 3212 560 3279 deest.
612 3213 683 3294 Ego
716 3215 826 3299 potius
860 3212 900 3278 de
933 3212 1003 3276 iure
1034 3212 1211 3276 ciuitatium
1246 3211 1372 3296 publice

233 3337 300 3380 rem
323 3315 564 3381 frumentariam
595 3318 726 3383 curandi
757 3316 836 3382 illud
863 3318 1064 3400 interpreter.
1110 3315 1258 3380 Priuatos
1289 3315 1370 3380 enim

233 3419 395 3484 frumenta
417 3421 589 3507 importare
614 3443 672 3486 rex
695 3429 806 3487 uetare
829 3422 884 3485 uix
907 3428 1044 3506 poterat.
1085 3419 1240 3483 Ciuitates
1264 3425 1372 3485 autem

233 3525 265 3588 in
281 3525 363 3589 hanc
379 3546 447 3589 rem
460 3527 625 3610 pecuniam
642 3527 828 3611 impendere
844 3526 984 3603 nolebat,
1009 3545 1049 3589 ne
1066 3526 1202 3587 iacturas
1218 3523 1370 3589 facerent.

234 3629 383 3694 Timebat
415 3632 498 3695 enim
522 3651 579 3714 ne,
610 3634 636 3697 si
659 3633 831 3717 pecuniam
862 3640 1004 3695 nmtuam
1029 3628 1193 3694 dedissent
1216 3627 1373 3704 ciuitates,

339 3772 346 3805 ¹
367 3769 559 3832 κατασκευάζειν
576 3770 647 3824 πόλιν
666 3769 820 3834 (instituere
841 3786 895 3820 rem
915 3766 1063 3834 publicem)
1083 3766 1184 3830 legitur
1203 3765 1230 3816 in
1250 3766 1374 3816 Platonis

234 3855 361 3920 Rep.Vll
375 3873 400 3922 ρ.
414 3857 465 3910 557
479 3857 504 3908 d.
528 3857 607 3909 Diod.
622 3856 685 3920 XII,
698 3856 771 3918 812:
791 3861 948 3926 προσέταξαν
959 3858 1184 3925 ovyxcrunxrva'uct
1197 3862 1249 3913 τοῖς
1260 3852 1375 3923 Ἀργείοις

233 3943 265 3996 rei
284 3945 347 3997 nord
368 3944 413 4010 reis
431 3951 563 3999 πολιτιιίιν.
598 3945 704 3997 Strabo.
723 3945 762 3996 IV
784 3962 808 4010 p.
830 3944 893 3996 186:
912 3943 956 4008 τήν
974 3940 1088 3996 Osir'rmr
1109 3969 1134 3977 -
1157 3944 1239 4006 κώμην
1257 3944 1377 4006 πρότερον

233 4031 321 4095 οὖσαν,
339 4038 492 4100 μητρόπολιν
509 4032 538 4083 δ’
556 4037 623 4098 ὅμως
641 4032 689 4084 τοῦ
705 4037 795 4091 ἔθνους
813 4029 954 4100 mopiam,
978 4031 1171 4081 narroxrvc'aeoeor
1196 4029 1269 4080 πόλιν
1296 4026 1375 4078 Pisto

234 4117 285 4185 ised
296 4127 384 4179 θυσίας
395 4142 421 4171 τι
431 4124 619 4181 κατασκιύιιζιιι
629 4118 732 4170 Critiae
744 4136 769 4183 p.
784 4117 832 4171 113
840 4121 880 4180 b.;
895 4133 942 4181 per
956 4118 1043 4168 iocum
1057 4116 1182 4183 συνέδριον
1191 4112 1378 4175 κατασκευάζειν

234 4203 399 4266 impretiata.
419 4222 444 4271 p.
463 4204 514 4258 titt
534 4204 559 4256 d.
579 4206 713 4257 ci.nostri
734 4205 806 4256 tituli
827 4220 850 4255 v.
872 4205 911 4257 13.

336 4289 463 4342 ¹Versus
481 4289 515 4345 'ld
534 4293 725 4359 supplemento
744 4291 899 4342 sententiae
918 4288 1057 4341 suffecisse
1076 4287 1141 4340 mihi
1161 4286 1268 4351 uideor,
1287 4299 1379 4354 qnam·

236 4393 317 4446 qnam
339 4377 425 4430 uerba
448 4376 483 4431 u's
500 4376 634 4440 ἆξιιύιτωι
651 4393 740 4446 neque
758 4377 873 4430 latonae
893 4376 983 4446 spatio
997 4390 1088 4444 neque
1101 4373 1218 4427 dictioni
1231 4382 1297 4442 apta
1310 4377 1383 4445 sunt,
