2956 4822
700 307 792 399 [νιν]
1254 314 1314 386 115
1367 401 1376 416 ,

92 596 96 604 .
177 517 248 577 acte
272 530 341 576 ease
370 510 535 591 uideatur,
567 509 608 573 ed
636 530 705 574 eam
738 518 824 575 recte
855 511 1107 596 cognoscendam
1140 513 1313 579 uidendum

179 616 248 694 erit,
273 616 379 681 alione
402 615 496 678 modo
520 635 587 677 rem
611 612 785 679 diiudicare
810 616 980 700 possimus,
1012 615 1181 684 dummodo
1214 618 1313 684 uerba

177 729 264 784 recte
287 721 541 802 interpretemur.

282 822 397 907 Neque
420 842 536 904 magna
559 822 589 884 in
615 821 664 885 his
687 822 771 886 inest
793 820 965 887 difficultas
988 832 1115 907 praeter
1137 825 1216 891 illud
1247 827 1313 891 κατ’

177 927 312 992 ι’ἱνπαλον
335 947 363 992 ν.
389 930 439 1007 15,
468 926 553 1011 quod
582 926 753 1010 Ussingius
783 927 1009 1012 interpretetus
1043 936 1092 993 est
1125 930 1184 1012 „ad
1215 931 1313 994 licita·

178 1034 329 1096 tionem“.
376 1030 475 1094 Addit
513 1031 768 1111 „substantiuum
798 1052 867 1096 esse
898 1039 976 1116 puto
1008 1029 1060 1096 triv
1089 1032 1244 1097 α’νοίπαλον
1272 1036 1314 1099 ab

177 1135 341 1199 ἀνοιποίλλιο
371 1135 560 1215 demnatum,
591 1136 836 1220 auctionemque
865 1136 1054 1220 siguificare,
1086 1159 1149 1223 qua
1175 1140 1313 1224 pretium

177 1264 303 1327 semper
326 1242 417 1326 quasi
439 1263 566 1304 συνεῖναι
577 1241 749 1304 iactetur“.
789 1239 909 1306 Contra
924 1240 1081 1306 ιλνοίιιαλον
1095 1242 1136 1306 ab
1152 1242 1314 1308 ἀναπάλλιο
1388 1277 1391 1282 -

179 1348 264 1413 nullo
297 1347 391 1411 modo
422 1344 557 1408 deriuari
588 1364 693 1425 posse,
724 1365 827 1428 neque
860 1345 987 1409 omnino
1011 1345 1109 1411 fuisse
1132 1348 1210 1412 illud
1240 1349 1313 1414 sub·

177 1452 360 1531 stantiuum,
384 1447 549 1512 contendit
572 1446 757 1512 Booekhius
786 1447 826 1511 ad
851 1447 944 1513 Pind.
969 1448 1019 1513 Ol.
1045 1453 1073 1530 λ,
1107 1454 1182 1516 11οε
1213 1473 1312 1536 quare

176 1557 230 1620 illo
253 1555 334 1632 locu,
359 1554 412 1616 ubi
436 1551 585 1615 traditum
604 1559 668 1614 est:
694 1549 860 1629 μνασθέντι
885 1552 917 1615 δὲ
939 1555 1018 1629 Ζεῦς
1041 1549 1183 1634 ἄμπαλον
1203 1554 1314 1636 μέλλεν

178 1659 293 1740 despue,
322 1657 447 1741 scripsit
476 1652 520 1736 ἂμ
553 1653 648 1718 πάλον
677 1652 786 1734 μέλλεν
816 1653 914 1735 θέμεν
935 1656 954 1720 i.
979 1679 1007 1722 e.
1041 1656 1093 1722 τόν
1123 1656 1219 1723 πάλον
1241 1657 1313 1723 ἀνα·

178 1770 286 1827 θεῖναι.

280 1864 342 1930 Sed
367 1884 561 1949 quamquem
591 1862 632 1925 ab
663 1860 828 1926 ιλναπάλλιο
860 1863 1041 1928 deriuatum
1071 1886 1132 1930 nou
1166 1873 1225 1948 est,
1258 1888 1313 1931 eur

176 1971 275 2037 uerbo
308 1967 413 2032 πάλλον
444 1966 638 2052 respondere
670 1988 733 2031 non
769 1968 867 2053 possit
896 1969 1131 2034 substantiuum
1161 1970 1313 2048 α’νάπαλος

178 2074 290 2140 eedem
315 2072 409 2135 niodo
434 2092 495 2154 quo
520 2069 673 2151 σύλλογος,
697 2069 853 2152 πρόλογος,
885 2074 1021 2153 ἐπίλογος
1052 2074 1093 2138 ul.
1117 2074 1313 2158 respondent

178 2178 277 2242 nerim
298 2177 402 2257 λέγειν,
419 2197 481 2238 uon
499 2174 663 2257 intellego,
691 2174 933 2238 Substantiuum
950 2184 1058 2240 autom
1071 2199 1142 2241 esse
1157 2176 1313 2243 ἀνάπαλον

178 2284 229 2346 uol
245 2279 387 2361 ἄμπαλον
402 2285 511 2342 nostro
527 2278 597 2342 ioco
612 2278 838 2362 comprobatur
850 2280 959 2344 addita
972 2282 1208 2365 praepositione
1224 2280 1312 2348 aeni.

176 2385 392 2468 Rangabacus
422 2391 453 2447 et
484 2384 550 2466 ipse
586 2381 670 2463 ,μοι’
700 2379 853 2447 denoted
880 2374 989 2469 inquit
1021 2386 1143 2470 „paruit
1172 2386 1314 2469 siguifier

175 2490 231 2553 ici:
255 2510 312 2572 par
335 2487 405 2551 voie
429 2485 656 2550 d’eneher·es“:
687 2487 822 2550 coniecit
845 2494 949 2551 tamen
974 2488 1141 2573 lapicidam
1172 2510 1268 2553 uuam
1296 2515 1313 2552 τ

177 2593 318 2656 omisisse
342 2598 374 2654 et
396 2588 460 2652 κατ’
485 2589 538 2652 cdv
561 2586 654 2652 πάλον
670 2590 874 2654 scribendum
891 2589 1000 2673 fuisse,
1025 2593 1113 2676 quasi
1128 2592 1312 2657 femininum

177 2704 262 2762 esset
286 2693 394 2771 πάλοςλ
433 2693 511 2757 Mihi
532 2693 660 2778 quidem
676 2693 807 2757 dubium
824 2715 887 2758 non
905 2701 963 2776 est,
986 2696 1060 2780 quin
1077 2695 1312 2761 substantiuum

176 2803 217 2865 sit
240 2798 389 2880 ἄμιιοιλος,
420 2797 476 2861 sod
508 2795 657 2860 uidentur
689 2796 773 2860 iraud
805 2796 890 2862 recte
923 2799 984 2863 hoo
1014 2800 1213 2884 interpretati
1244 2822 1313 2866 esse

176 2904 345 2987 Ussingius
370 2909 402 2965 et
426 2899 653 2985 Rangabaeus‚
677 2921 782 2984 neque
805 2901 983 2966 licitationis
1007 2901 1056 2966 hie
1079 2904 1198 2968 mentio
1226 2904 1311 2969 fieri:

177 3028 368 3093 quamquam
392 3007 527 3069 muitum
552 3006 653 3081 abest,
676 3012 712 3067 ut
735 3025 849 3088 negem
867 3005 928 3070 lroc
943 3005 1037 3070 modo
1056 3030 1090 3072 re
1106 3029 1183 3072 uera
1200 3029 1313 3092 agrurn

177 3116 316 3177 locutum
341 3132 421 3176 esse.
460 3108 734 3174 Proficiscendunr
758 3116 865 3173 autem
884 3119 931 3173 ost
947 3134 966 3175 a
983 3110 1112 3175 Pindari
1128 3111 1198 3175 loco
1215 3134 1312 3199 supra

178 3220 284 3292 citato,
309 3216 362 3280 ubi
386 3214 427 3279 de
451 3216 612 3278 sententia
636 3213 781 3277 dubitare
798 3234 861 3277 non
882 3215 964 3279 licet.
1009 3214 1113 3280 Recte
1136 3219 1217 3281 enim
1242 3239 1312 3281 eum

177 3320 374 3406 interpretati
406 3327 480 3382 sunt
511 3317 701 3381 scholiastae
713 3318 732 3381 ¹.
778 3318 893 3402 Itaque
926 3318 1076 3396 α’νοίπαλος
1103 3321 1233 3405 proprie
1264 3330 1312 3385 est

95 3503 98 3510 Ι
177 3446 262 3489 noua
284 3424 420 3489 sortitio.
457 3422 565 3505 Atque
587 3426 779 3500 μισθοῦσθαι
803 3419 868 3484 κατ’
890 3418 1026 3484 ἄνπαλον
1041 3423 1119 3486 nihil
1135 3423 1221 3488 aliud
1240 3446 1311 3489 csse

177 3535 283 3614 potest
299 3547 393 3612 qnam
411 3525 450 3588 de
466 3546 551 3589 nouo
568 3523 682 3603 locere,
701 3546 772 3587 oum
788 3525 829 3589 de
843 3524 1004 3588 sortiendo
1022 3525 1168 3591 hocloco
1185 3529 1312 3612 proprie

177 3634 294 3697 dietum
319 3652 390 3696 esse
412 3649 476 3692 nou
493 3629 603 3713 possit.
648 3627 721 3692 Hoc
737 3630 833 3711 igitur
849 3631 1007 3709 statuitur,
1032 3651 1072 3694 ne
1089 3629 1312 3696 Molitaeenses

177 3736 263 3799 iilum
287 3754 398 3818 agrum
415 3732 557 3796 uendant
581 3729 676 3812 (diora
699 3729 843 3819 πατρῴαν
866 3729 945 3816 ἔχειν
969 3731 1020 3797 τόν
1041 3733 1231 3817 πριάμενον),
1255 3735 1311 3800 sed

178 3843 269 3905 certis
293 3838 444 3922 temporis
467 3836 644 3900 interuallis
661 3858 730 3899 eum
748 3836 863 3919 locent,
888 3838 969 3900 sicut
985 3843 1080 3901 antea
1096 3837 1214 3902 factum
1233 3847 1312 3906 erut.

282 3944 466 4018 Quaeram
491 3941 534 4003 ite
558 3941 630 4022 siut,
654 3939 826 4003 uidendum
853 3948 910 4022 ost,
935 3941 1035 4004 utrius
1060 3941 1197 4005 ciuitatis
1216 3942 1313 4008 fuerit

177 4051 227 4113 iile
252 4069 336 4131 ager.
382 4047 489 4130 Atque
517 4044 616 4108 uideri
649 4044 758 4130 possit,
791 4066 861 4108 oum
886 4046 1038 4109 Meliteae
1068 4046 1153 4110 hunc
1183 4047 1312 4112 titulum

177 4155 250 4240 poni
276 4154 405 4216 iubeant
430 4150 549 4228 arbitri,
573 4171 635 4212 non
659 4149 773 4213 Periee
797 4149 842 4230 (v.
867 4148 935 4232 31),
965 4170 1022 4234 pro
1051 4149 1312 4218 Meliteeensibus

280 4385 287 4419 ¹
307 4378 348 4432 ef.
368 4380 444 4431 lones
464 4397 480 4431 a
500 4379 639 4432 Boeokhio
658 4380 756 4432 citatos
775 4377 810 4432 ad
829 4381 846 4433 1.
866 4397 887 4433 e
