2948 4808
201 295 241 357 76
727 284 816 368 [262]

199 483 327 548 stioucis
348 482 382 545 B'
414 503 486 565 pag.
514 481 648 556 18-21,
674 481 748 551 13¹3
780 479 810 541 in
839 477 1088 543 ‘huecdotorum
1115 480 1355 548 Chisianorum'

200 587 308 652 codice
332 586 454 670 optimo
478 583 636 647 Vaticano
664 587 703 647 14
731 583 832 663 (conf.
856 583 1057 649 Studemund
1080 585 1210 651 Anecd.
1236 587 1317 653 Var.
1338 590 1354 653 1

199 712 271 776 pag.
288 691 378 770 101);
403 690 432 752 in
457 688 552 752 Helia
570 686 728 752 Monacho
749 687 838 769 (ibid.
858 710 928 773 pag.
948 689 1155 772 170-177)3
1183 692 1217 754 in
1240 692 1350 757 codice

201 795 384 860 Monacensi
408 795 471 857 310
495 793 612 857 saeculi
636 793 669 856 X
700 791 786 875 apud
810 791 975 877 Vhligium
998 793 1128 878 Proleg.
1152 796 1187 857 in
1213 796 1348 883 Dionys.

202 899 316 963 Thrac.
340 919 412 983 pag.
436 897 519 961 XIV
545 896 713 960 19-er
739 900 772 974 13
796 897 827 961 in
851 897 967 971 libello,
991 919 1084 983 quem
1110 898 1215 964 edidit
1232 900 1349 967 Stude·

199 1003 297 1067 mund
330 1003 351 1067 l.
376 1022 402 1066 c.
426 1021 499 1086 pag.
526 1003 714 1083 153-1583
745 1000 822 1065 erce
864 1000 961 1065 Hunc
991 1008 1144 1087 quattuor
1168 1012 1347 1070 metrorum

199 1106 341 1171 ordinem
375 1105 416 1169 ab
449 1124 486 1168 eo
519 1110 690 1168 metrorum
726 1103 835 1168 ordine
861 1103 1070 1169 derivandum
1101 1106 1221 1189 videri,
1251 1131 1346 1194 quern

200 1210 423 1292 Hephaestion
448 1209 480 1271 in
506 1207 668 1272 enchiridii
696 1208 853 1292 capitibus
884 1207 958 1273 inde
989 1231 1007 1272 a
1039 1210 1144 1295 capita
1168 1211 1200 1274 V
1231 1215 1345 1296 tenuit,

199 1313 308 1378 docuit
330 1335 388 1379 noe
405 1312 603 1378 Studemund
626 1313 658 1375 in
683 1310 817 1377 scholis:
841 1312 937 1396 Apud
963 1313 1241 1398 Hephaestionem
1262 1319 1344 1381 euim

198 1419 259 1482 hoc
272 1439 342 1483 sese
355 1417 466 1482 ordine
477 1417 640 1501 excipiunt
657 1423 770 1480 metra:
788 1416 968 1500 iambicum,
983 1415 1222 1502 [trochaicum],
1235 1419 1344 1506 dacty-

199 1521 303 1602 licum,
327 1521 589 1604 [anapaesticum,
609 1519 867 1603 choriambicum,
887 1521 1138 1605 antispasticum,
1160 1524 1301 1587 ionicum
1324 1545 1343 1588 a

199 1624 333 1707 maiori]
346 1624 483 1688 ionicum
496 1644 515 1686 a
529 1623 653 1703 minori,
668 1621 898 1707 [paeonicum].
927 1623 1061 1689 Omissis
1076 1626 1173 1710 igitur
1187 1628 1242 1707 eis,
1261 1649 1341 1713 quae

198 1728 319 1793 uncinis
344 1728 459 1814 scepei,
484 1748 522 1792 ea
546 1748 628 1813 quae
651 1732 770 1792 restant
792 1733 904 1803 metra,
936 1729 1085 1813 quoniam
1115 1729 1280 1795 heroicum
1310 1739 1340 1796 et

199 1830 379 1916 elegiacum
401 1831 441 1896 ad
474 1825 680 1915 ‘dactylicum'
710 1851 775 1894 nou
807 1831 908 1895 multo
940 1852 1030 1895 secus
1054 1832 1219 1916 pertinent
1244 1841 1338 1919 atque

198 1942 448 2001 anacreonteum
470 1934 511 1998 ad
532 1932 678 2000 ‘ionicum
695 1956 714 1999 a
729 1931 850 1998 minuri’
865 1933 1074 2021 (quamquam
1090 1944 1338 2002 anacreonteum

199 2039 298 2104 ‘ionici
332 2061 351 2103 a
385 2038 506 2102 minori·
539 2038 679 2122 speciem
713 2059 785 2103 esse
819 2059 883 2103 non
917 2039 993 2104 satis
1028 2047 1199 2105 senserunt
1236 2063 1338 2126 gram·

198 2143 373 2208 maticastri
388 2141 570 2227 Byzantini)
594 2141 729 2206 efficitur
750 2142 786 2225 is,
810 2163 905 2228 quem
927 2163 1024 2229 supra
1039 2142 1125 2227 dedi,
1150 2143 1231 2210 ordo
1252 2152 1338 2231 qnat-

199 2257 273 2314 tuor
295 2254 468 2311 metrorum
492 2245 676 2330 Byzantinis
698 2245 909 2311 familiarium.

300 2350 427 2435 Itaque,
459 2370 531 2413 cum
564 2350 659 2414 etism
691 2349 723 2414 iu
755 2349 911 2414 Tractatu
942 2348 1137 2434 Harleiano,
1172 2373 1269 2436 quem
1299 2373 1337 2417 en

198 2454 324 2537 eodem,
347 2474 410 2538 quo
433 2452 830 2538 Pseudo-Hephaestionis
853 2454 1074 2539 paragraphus
1097 2458 1239 2539 40—43,
1256 2459 1336 2521 28-

199 2561 251 2640 33,
280 2557 369 2622 fonte
399 2558 531 2624 fluxisse
562 2565 705 2643 apparet,
735 2567 870 2624 metrum
902 2559 1070 2624 iambicum
1101 2558 1223 2640 (Traet
1247 2559 1336 2625 Harl.

197 2682 271 2747 pag.
295 2663 367 2740 323,
397 2665 408 2724 Ι
435 2661 517 2746 sqq.)
541 2662 715 2745 praecedat
737 2669 839 2727 metro
863 2662 1005 2744 heroico,
1037 2663 1098 2726 hoc
1127 2684 1199 2729 sese
1230 2664 1338 2729 ordine

198 2765 229 2829 in
252 2764 653 2850 Pseudo-Hephaestionis
675 2767 849 2852 archetypo
873 2766 1024 2832 materiae
1051 2767 1203 2832 metricae
1233 2776 1338 2852 partes

199 2853 366 2952 excepisse
389 2869 642 2935 concludendum
668 2878 726 2948 est,
748 2876 784 2934 ut
806 2871 929 2935 initium
950 2870 1070 2936 faceret
1098 2877 1238 2936 metrum
1263 2872 1339 2935 iam·

197 2973 300 3037 bicum
324 2973 355 3054 (ἕ
378 2973 444 3054 40),
468 2981 655 3059 sequeretur
678 2973 712 3058 (ἕ
736 2976 791 3056 41)
815 2975 912 3056 ratio,
932 2995 988 3039 cur
1011 2980 1138 3059 praeter
1166 2973 1231 3039 hoc
1260 2977 1337 3039 iam·

198 3077 303 3140 bicum
327 3083 462 3139 metrum
486 3075 526 3140 de
551 3078 628 3142 solis
652 3079 759 3143 metris
775 3078 913 3155 heroico,
937 3076 1077 3161 elegiaco
1098 3077 1185 3158 (cum
1207 3075 1338 3164 ‘epico')‚

195 3187 411 3245 anacreonteo
435 3180 604 3245 dicendum
628 3188 724 3263 esset,
746 3181 873 3247 adiecta
898 3180 929 3263 (ᾖ
950 3182 1008 3258 42)
1033 3180 1071 3245 de
1094 3180 1215 3265 pedum
1232 3183 1335 3249 metri·

196 3305 300 3349 corum
334 3285 365 3347 in
395 3285 490 3349 variis
522 3285 665 3350 versibus
697 3285 967 3350 vicissitudinibus
999 3285 1234 3364 admonitione,
1269 3295 1335 3350 tum

196 3388 543 3472 omnia(conf.§31¹’:
573 3386 627 3453 τὸν
649 3391 719 3472 arpi
741 3396 796 3454 τοῦ
825 3387 961 3472 ripariirori
989 3389 1079 3472 λόγον
1105 3386 1337 3474 ἆηηρτισμένον

194 3489 329 3572 ἅπαντα)
353 3512 392 3557 ea
415 3493 663 3576 explicarentur,
687 3515 769 3578 quae
785 3493 945 3576 pertinent
961 3492 999 3556 ad
1018 3501 1153 3558 metrum
1172 3494 1337 3559 heroicum

195 3593 229 3678 (ξ
243 3597 286 3660 43
309 3595 350 3659 de
372 3596 492 3660 heroici
517 3597 607 3661 metri
630 3596 774 3681 pedibus,
797 3598 871 3680 §28
895 3598 935 3663 de
953 3596 1093 3663 eiusdem
1116 3595 1239 3680 εἴδεσιν,
1262 3599 1337 3682 §29

194 3697 233 3761 de
264 3698 406 3764 eiusdem
435 3701 610 3783 διαφοραῖς,
643 3700 724 3782 §30
754 3700 793 3766 de
824 3699 967 3766 eiusdem
996 3702 1150 3779 caesuris,
1179 3700 1261 3785 §31
1298 3704 1338 3769 ds

193 3803 329 3886 syninesi
352 3823 434 3888 quae
455 3805 487 3868 in
504 3804 617 3870 eodem
634 3805 695 3890 fit),
718 3804 832 3870 deinde
848 3813 997 3890 ageretur
1012 3803 1052 3870 de
1070 3814 1173 3871 metro
1191 3805 1337 3893 elegiaco

193 3904 227 3987 (ἓ
250 3906 317 3987 32),
340 3906 477 3990 denique
500 3906 540 3971 de
563 3914 665 3973 metro
688 3916 881 3973 anacronteo
904 3906 938 3991 (ἕ
960 3907 1029 3992 33).

295 4080 374 4143 ¹Ea‚
392 4097 463 4148 quae
482 4081 509 4132 in
536 4079 656 4134 ‘scholiis
677 4083 907 4149 Hephaestionem
928 4083 957 4135 B'
974 4099 1047 4150 pag.
1066 4080 1109 4144 21,
1131 4082 1164 4135 14
1183 4110 1216 4120 -
1236 4084 1281 4148 ab,
1311 4084 1341 4137 18

191 4170 352 4234 sequuntur,
371 4168 513 4220 continent
535 4173 673 4236 tamquam
693 4171 911 4237 supplementum
938 4186 1040 4236 eorum,
1066 4185 1139 4236 quae
1165 4170 1201 4222 de
1227 4171 1341 4224 heroico

191 4260 277 4304 metro
296 4254 568 4308 circumferebantur.

296 4336 402 4391 2ῦοηΐ.
423 4355 494 4405 quaa
513 4339 683 4394 Studamuud
701 4341 718 4393 1.
738 4357 761 4394 c.
781 4357 844 4410 pag.
866 4340 915 4398 153
934 4340 1027 4395 adnot.
1045 4338 1062 4392 2
1080 4339 1162 4396 dixit.
