2962 4800
740 281 809 375 [⁷4]

218 538 225 548 .
309 483 398 559 Quod
416 503 607 570 quamquam
623 493 707 549 recte
723 484 975 549 animadversum
992 492 1050 568 ost,
1067 508 1110 550 ne
1127 485 1218 553 illud
1237 489 1377 576 quidem

206 590 449 673 neglegendum,
472 590 693 674 imperfectum
709 596 860 675 necarent
875 610 1050 672 congruere
1066 611 1147 655 cum
1167 594 1375 679 imperfecto

204 696 437 775 minitarentur,
460 694 562 779 plusq.
585 695 720 757 iecissem
743 693 933 778 respondero
955 694 1057 778 plusq.
1082 697 1309 764 aocidracet.¹

309 938 317 974 ¹
335 936 429 988 Simile
448 934 584 1003 quoddam
604 935 734 1003 loquendi
753 950 840 1002 genna
859 937 931 1003 apud
951 936 1078 988 Plautum
1103 938 1273 994 invenitur.
1309 943 1371 994 Ali-

205 1023 333 1091 quotiens
346 1022 417 1076 enim
437 1039 496 1074 oum
515 1019 630 1088 epodosi
649 1022 720 1073 duac
734 1027 859 1088 proteres
878 1024 917 1074 ita
935 1023 1101 1074 coniunctae
1116 1033 1200 1092 aunt,
1220 1032 1256 1079 ut
1276 1030 1372 1083 altera

205 1110 284 1162 altori
299 1109 416 1176 quodam
435 1108 515 1160 modo
530 1109 655 1161 subiecta
673 1109 716 1161 nit.
747 1107 826 1170 Quod
845 1110 869 1161 ai
887 1111 988 1175 evenit,
1006 1110 1034 1161 in
1047 1110 1173 1178 apodoai
1195 1113 1261 1167 ind.
1275 1114 1370 1168 futuri

204 1197 313 1264 legitur,
332 1196 360 1246 in
380 1196 485 1262 proteri
512 1194 603 1262 priore
622 1197 683 1248 loco
702 1195 757 1249 ind.
776 1197 872 1259 futuri,
898 1196 985 1248 altero
1008 1197 1070 1249 loco
1095 1196 1159 1250 ind.
1187 1203 1369 1266 praesentia.

205 1286 294 1351 Atque
314 1283 437 1334 hominos
450 1282 523 1334 docti
542 1298 601 1334 oum
616 1282 827 1335 concinnitatem
841 1283 986 1334 verborum
1004 1283 1195 1350 requirerent,
1216 1303 1366 1340 nonnum·

205 1386 285 1437 quarn
304 1369 437 1420 librorum
457 1368 618 1434 scripturam
638 1374 813 1420 mutarerunt
831 1369 873 1421 vol
893 1374 979 1421 metro
996 1376 1113 1435 cogente
1130 1374 1273 1439 tempora
1291 1390 1370 1426 oom-

204 1459 310 1507 mntata
328 1470 387 1507 oeae
405 1453 620 1510 adnotaverunt.
657 1455 698 1507 Ol.
717 1455 744 1506 hi
763 1456 833 1508 loci:

205 1568 282 1634 Capt.
300 1567 352 1621 683
464 1568 620 1632 Sieaolrie
638 1568 780 1634 peribo,
799 1568 897 1632 atille,
916 1576 945 1620 ut
963 1569 1046 1634 dixit,
1064 1584 1120 1620 aon
1139 1573 1265 1640 redit,

462 1653 498 1704 At
516 1658 586 1706 erit
603 1658 642 1706 mi
658 1655 705 1707 lroa
723 1655 826 1714 sactum
844 1663 950 1708 mortuo
967 1655 1152 1708 memorabile.

307 1745 333 1794 ci
350 1741 397 1794 ilie
415 1740 488 1806 Brix,
507 1747 550 1792 aot
568 1740 614 1792 iile
633 1740 712 1793 codd.

203 1856 260 1908 Mil.
279 1852 331 1908 480
461 1854 536 1906 Erue
554 1857 727 1918 aimerici,
751 1859 778 1909 ci
801 1872 841 1908 me
865 1860 1023 1923 qaaerit,
1045 1857 1090 1909 iiio
1116 1873 1192 1925 ero,
1220 1861 1293 1914 irinc
1319 1880 1363 1913 me

1096 1948 1246 1997 arcessito.

305 2029 412 2094 qaaerit
428 2025 485 2092 OD,
501 2030 591 2093 querit
608 2026 644 2092 133
662 2033 771 2094 quaeret
784 2027 912 2095 Pyladen,
927 2028 1000 2093 Brix,
1018 2027 1132 2081 Lorena.
1168 2092 1169 2095 Ἴ

203 2139 301 2190 Paeud.
322 2138 372 2190 143
461 2137 539 2190 Nunc
557 2141 623 2191 adeo
641 2140 710 2191 itane
728 2140 895 2205 edictionem,
913 2143 971 2192 aiei
993 2143 1116 2192 animum
1135 2143 1359 2199 advertetis

1133 2246 1242 2297 amaea,

462 2312 529 2365 Nat
545 2328 667 2365 commum
687 2315 888 2382 socordiamque
911 2322 1066 2381 captatore
1084 2315 1230 2384 oculisque
1256 2336 1356 2373 amo-

1124 2406 1240 2469 vatic,

460 2487 502 2537 Ita
517 2502 563 2552 ean
575 2494 665 2539 eontra
680 2487 768 2539 latero
782 2488 852 2540 loric
864 2488 1003 2553 faciam
1021 2495 1050 2539 ut
1063 2489 1151 2541 aalide
1164 2495 1252 2544 caria
1261 2495 1354 2559 fiant,

305 2579 334 2622 ut
347 2572 436 2625 aalide
449 2576 529 2625 caria
543 2575 617 2639 fiant
630 2575 819 2639 Harmannue3
838 2581 867 2625 ut
880 2575 968 2628 aalide
980 2577 1059 2627 naria
1071 2578 1128 2627 aiat
1142 2575 1243 2644 codd.;
1257 2582 1356 2633 aalide

201 2661 280 2711 varia
303 2662 344 2712 uti
368 2663 424 2711 ciat
448 2659 564 2711 Ritochl.
609 2659 761 2712 Adnotavit
787 2661 893 2713 Lorena
919 2662 998 2713 metri
1025 2663 1192 2715 necessitato
1217 2672 1351 2720 coactum

200 2749 309 2814 poetam
332 2749 460 2799 ornooetic
478 2745 592 2799 iormnm
611 2747 638 2797 in
658 2763 764 2799 veroum
785 2749 970 2800 arcessivisse.

201 2858 299 2912 Pacnd.
317 2858 369 2913 373
462 2859 526 2912 Niai
544 2861 611 2913 milri
636 2861 714 2913 hodie
738 2861 912 2914 attulerit
937 2861 1015 2914 milea
1033 2864 1151 2928 quinque
1177 2879 1250 2930 quas
1272 2867 1351 2918 dedet

1131 2953 1236 3018 minas,

458 3034 533 3085 Siout
550 3035 614 3086 liaeo
632 3041 671 3085 eet
687 3038 853 3101 praestituta
873 3050 978 3086 camma
997 3038 1022 3087 ci
1039 3042 1152 3099 armento
1171 3037 1250 3089 dieo:

460 3121 493 3172 Si
510 3120 540 3173 id
557 3136 611 3172 aaa
630 3119 771 3186 adfert,
788 3137 892 3188 pocae
913 3124 1044 3187 opinor
1062 3121 1190 3186 facere
1208 3140 1251 3175 me
1272 3127 1347 3191 offi-

509 3209 579 3258 cium
598 3223 691 3258 meum.

303 3292 380 3343 hodie
405 3292 511 3345 Ritachl
536 3298 563 3344 ot
590 3295 632 3345 Ν·
663 3293 702 3356 (id
726 3299 767 3346 ent
791 3295 814 3345 A
843 3297 915 3345 torte
940 3290 1155 3358 studemundoi,
1184 3299 1346 3355 omiserunt

200 3377 327 3429 Palatini.
364 3395 470 3431 salama
488 3384 513 3433 ei
532 3380 631 3434 Gruter
651 3387 678 3432 ct
698 3383 756 3444 Μ,
776 3396 880 3453 cuninae
898 3380 927 3446 B,
945 3397 1046 3435 camme
1065 3380 1134 3453 OD..
1156 3382 1186 3435 id
1205 3400 1262 3437 non
1292 3391 1345 3441 ad·

194 3461 256 3526 sert
268 3466 325 3528 A⁸‘,
345 3468 370 3516 is
389 3482 442 3518 non
461 3468 550 3518 aderit
569 3468 653 3530 Pall.;
672 3484 711 3518 me
724 3469 780 3531 Μ’,
800 3467 951 3520 omiserunt
970 3468 1098 3519 Palatini.

302 3567 381 3618 poace
399 3556 496 3619 opinor
514 3553 605 3614 facere
625 3570 673 3621 pro
694 3555 786 3605 futuro
800 3554 908 3619 sociam
927 3554 1030 3607 dictum
1050 3562 1099 3607 cot.

200 3663 257 3714 llil.
275 3662 326 3715 936
694 3668 729 3717 At
748 3681 828 3731 eaoae
846 3668 892 3719 mc
910 3670 936 3720 ci
953 3668 1233 3737 ecficiamvpiane,

461 3752 494 3802 Ut
511 3753 686 3804 corrcrrleiuam
704 3754 802 3805 militis
821 3771 894 3805 rneue
914 3755 1012 3821 hocpec
1031 3754 1125 3807 habeat
1143 3755 1226 3808 hodie

457 3841 543 3906 Atque
573 3840 636 3892 irinc
665 3840 787 3891 Attianos
817 3842 927 3906 aoeirat,
956 3839 1007 3908 (ei)
1036 3842 1113 3894 hodie
1142 3842 1214 3893 durae
1245 3846 1341 3900 dolum

1055 3927 1231 3996 dolamua,

454 4011 527 4074 Quid
545 4011 595 4063 lilii
614 4026 661 4077 eac
678 4015 815 4064 mittam
833 4013 977 4065 ramnerici

200 4095 281 4147 llere.
300 4095 351 4149 458
456 4097 527 4160 Quid
534 4097 547 4146 l
567 4097 611 4150 iili
628 4099 762 4164 quoidam,
780 4101 828 4164 qui
839 4100 978 4151 mandavit
990 4099 1048 4167 tibi,
1064 4103 1091 4151 ei
1109 4108 1261 4172 emetur,
1280 4114 1342 4160 rum

1145 4188 1231 4239 colet:

453 4269 486 4321 Si
503 4285 636 4334 racemo
656 4269 699 4322 illi
708 4307 714 4333 ,
740 4274 786 4338 qai
805 4273 960 4338 inarrdaait,
979 4272 1097 4325 tantille
1121 4273 1242 4327 nolet?
1266 4282 1343 4334 nibil

1159 4376 1231 4425 aare.
