2962 4800
220 287 262 350 ee
753 285 820 368 [er]

222 480 330 564 Atque
346 481 373 544 si
398 481 603 563 reputaveris,
622 487 741 564 quantu
755 479 846 563 plura
871 499 1003 542 numero
1024 478 1110 562 apud
1129 478 1304 544 Plautum
1322 481 1386 544 sint

221 586 288 649 eius
296 584 420 670 generis
431 585 597 648 enuntiata
606 604 688 669 quae
699 591 754 647 aut
764 583 939 666 praesentis
949 583 1126 667 perfective
1138 583 1384 649 coniunctiros

222 697 277 754 cut
288 689 463 775 imperfecti
481 689 696 753 coniunctivos
713 709 783 751 cunr
800 688 962 772 praeteriti
985 688 1015 751 vi
1030 689 1159 772 positos
1177 687 1379 770 exhibeant,

222 801 253 858 et
270 801 389 880 quanto
405 793 530 879 parcior
552 793 593 856 sit
610 812 686 855 usus
710 791 900 856 coniunctivi
920 791 1239 877 plusquamperfecti
1266 801 1303 856 et
1320 794 1380 856 inr-

220 897 351 983 perfecti
364 897 403 960 ad
420 898 597 982 praesentis
610 896 773 960 notionem
786 896 1068 981 appropinquantis
1087 930 1122 940 —
1139 902 1377 981 contraquam

221 1003 369 1087 frequens
392 1001 479 1085 apud
503 1000 691 1065 Ciceronem
713 1000 754 1063 sit
776 1000 888 1063 harum
916 1000 1091 1064 formarum
1113 1022 1208 1080 usus,
1239 1001 1374 1065 illarum

221 1126 316 1191 quam
338 1125 468 1188 parcus:
491 1104 523 1167 in
548 1125 617 1167 earn
641 1103 830 1167 sententiam
853 1102 1032 1186 adduceris,
1061 1110 1097 1167 ut
1119 1105 1373 1168 coniunctirum

220 1207 398 1293 imperfecti
420 1209 451 1273 in
483 1207 656 1292 praesentis
687 1207 879 1271 coniunctiri
906 1207 1020 1287 locum,
1052 1207 1372 1293 plusquamperfecti

220 1313 301 1378 coni.
335 1313 367 1376 in
404 1314 509 1376 locum
542 1311 721 1397 imperfecti
759 1310 988 1394 significatione
1026 1311 1192 1396 praeteriti
1228 1313 1368 1396 insignis

219 1416 383 1500 irrepsisse
405 1423 506 1502 putes.
551 1416 659 1500 Atque
681 1415 851 1499 singularis
872 1414 926 1479 ille
958 1424 1137 1499 temporum
1170 1418 1203 1480 in
1237 1424 1365 1482 enuutt.

221 1521 332 1588 eondd.
363 1521 448 1607 apud
480 1521 632 1585 Plautum
665 1542 740 1585 usus
773 1521 833 1585 etsi
870 1541 933 1583 non
966 1521 1062 1605 plane
1094 1519 1178 1604 fugit
1208 1520 1367 1600 editores,

219 1632 328 1689 tamen
350 1624 430 1690 falsa
460 1626 527 1689 eius
556 1624 743 1709 plerumque
773 1623 947 1688 utebantur
977 1624 1255 1707 interpretatione,
1289 1646 1363 1690 cum

220 1728 371 1793 Plautum
387 1729 479 1792 metri
500 1728 690 1794 necessitate
708 1737 852 1793 coactum
868 1729 912 1791 ita
928 1728 1088 1813 scripsisse
1105 1727 1263 1794 dicerent.
1297 1729 1363 1795 Sed

220 1854 259 1897 eo
283 1838 470 1916 argumento
494 1834 548 1916 qui
571 1833 679 1913 utitur,
703 1830 798 1913 idem,
822 1832 848 1896 si
872 1852 1021 1915 magnum
1045 1829 1226 1894 eiusmodi
1261 1855 1362 1898 enun-

220 1937 368 2001 tiatorum
391 1958 556 2002 numerum
581 1936 830 2022 perlustraverit,
854 1935 1009 2001 concedat
1032 1956 1162 2000 necesse
1186 1944 1237 2000 est
1261 1937 1363 2001 insul·

220 2041 378 2105 sissimum
412 2039 509 2106 fuisse
542 2043 729 2127 scriptorem
764 2047 796 2104 et
833 2041 936 2105 omnis
971 2039 1046 2103 artis
1083 2045 1253 2123 expertem
1287 2063 1362 2105 eum

220 2165 313 2230 quem
338 2151 369 2208 et
392 2144 560 2208 verborum
592 2153 623 2209 et
653 2164 858 2209 numerorum
889 2143 1040 2208 artificem
1073 2141 1172 2207 fuisse
1204 2145 1363 2229 aequales

221 2249 447 2313 consenserint.

322 2351 435 2438 Neque
459 2359 565 2417 tamen
587 2352 805 2434 Rothheimer,
830 2373 901 2415 cum
924 2358 1102 2436 quaereret,
1133 2351 1251 2435 quibus
1283 2375 1360 2419 con·

220 2456 366 2521 iunctivis
382 2459 567 2542 praesentis,
585 2456 660 2543 quid
673 2458 739 2521 fieri
752 2463 870 2542 posset,
887 2455 1127 2540 exprimeretur,
1140 2456 1270 2539 quibus,
1284 2459 1360 2543 quid

218 2560 286 2624 fieri
315 2582 380 2626 non
406 2567 532 2646 posset,
563 2562 608 2625 rei
637 2560 805 2642 satisfecit,
836 2581 940 2645 neque
971 2559 1103 2644 Langen
1132 2561 1359 2644 quaestionem

219 2664 364 2744 absolvit,
387 2665 439 2752 qui
463 2667 531 2731 eius
552 2666 598 2732 rei
616 2686 743 2731 eausam
758 2663 929 2749 indagasse
944 2664 1003 2729 sibi
1021 2664 1104 2728 visus
1121 2668 1169 2728 est
1185 2662 1233 2728 his
1250 2669 1359 2734 verbis

219 2768 239 2832 l.
265 2789 289 2832 e.
312 2790 342 2853 p.
366 2772 407 2833 52
431 2792 495 2856 sq.:

322 2872 418 2937 Neu
439 2895 543 2957 penae
566 2875 706 2958 dopepeo
732 2874 787 2938 hat
810 2874 946 2938 Plautus
979 2876 1027 2937 ars
1049 2873 1273 2958 Beceichnunp
1304 2876 1361 2940 ἄεν

220 2976 517 3042 Niehtwirttiehleeit
548 2976 647 3062 Iurpf.
678 2979 745 3043 νιννᾶ
778 2979 885 3061 Plusq.
913 2979 1004 3060 Oonj.
1030 2977 1253 3061 festqehalten,
1285 2981 1363 3045 oder

219 3081 373 3162 eietmefrr,
399 3103 452 3146 run
474 3082 554 3146 mich
585 3082 736 3165 riehtiper
767 3082 1019 3162 uerseudritcteu,
1051 3083 1100 3146 die
1131 3082 1188 3146 lot.
1214 3081 1362 3166 Spreche

219 3185 301 3248 hatte
323 3207 384 3249 zur
405 3184 473 3250 Zeit
496 3187 549 3250 dee
573 3185 710 3251 Ploutue
733 3188 783 3250 die
813 3186 992 3270 Setciduuq
1016 3187 1072 3250 ἄεν
1093 3186 1291 3269 Gepensdtee
1318 3210 1361 3253 zu

219 3289 276 3353 der
289 3289 454 3354 Annatme
468 3290 524 3353 der
541 3289 754 3355 Wtretutteu
769 3292 802 3355 in
816 3290 983 3355 Amrehme
998 3291 1054 3354 der
1069 3289 1277 3372 Meqltctteit
1293 3294 1362 3356 rard

220 3393 428 3478 crededioqten
458 3392 758 3459 Niehtreirlclichkeit
788 3394 867 3458 noch
897 3394 982 3458 nieht
1015 3393 1207 3478 eollstcindip
1241 3394 1361 3460 ἄνννᾶι-

220 3497 360 3580 pefr‘thrt,
393 3498 530 3561 condere
554 3519 623 3561 rear
654 3500 796 3563 tedes-eise
826 3499 891 3581 auf
916 3499 972 3562 ἄεν
1002 3504 1103 3562 ersten
1133 3497 1228 3576 Stufc
1255 3500 1364 3564 steten

220 3599 380 3684 petticeas,
405 3600 470 3683 ures
488 3602 615 3665 meister
637 3603 686 3665 die
709 3601 875 3665 Arrouture
897 3602 954 3665 ἄεν
982 3599 1195 3665 Wirlelichker’t
1218 3600 1279 3665 der
1300 3602 1362 3668 Be·

221 3705 365 3789 dinqunq
388 3705 489 3769 durch
511 3706 571 3769 ἄενν
592 3705 764 3785 Iadieutiu,
789 3706 845 3770 ἄεν
865 3703 1174 3785 Ntctmirtttcttait,
1198 3707 1363 3788 pleiehciel

221 3810 257 3873 ob
280 3810 329 3873 die
349 3807 619 3893 Vermirltliclauop
643 3810 692 3874 uls
714 3809 848 3893 crdqlieh
872 3809 947 3873 oder
969 3808 1055 3873 nieht
1070 3807 1203 3892 rudqfieh
1223 3811 1362 3892 qeduclrt

222 3935 307 3996 rear,
338 3914 438 3978 ἄνννᾶι
471 3914 530 3978 ἄεν
564 3913 751 3996 Conjunctie
784 3913 836 3978 des
875 3913 1080 3997 betreffenden
1111 3909 1248 3995 Tempus
1288 3937 1362 3980 uus·

220 4017 371 4100 9εᾶνᾶἄᾶ
394 4019 512 4083 νενννᾶε.

325 4122 386 4186 Sed
408 4123 469 4185 iam
493 4144 588 4208 supra
616 4123 813 4188 ostendimus
844 4143 966 4187 errasse
998 4143 1071 4196 eos,
1100 4120 1154 4205 qui
1183 4121 1361 4188 indicativo

224 4224 340 4309 aliquid
364 4247 398 4290 re
421 4246 497 4290 vcra
521 4226 599 4307 fieri,
623 4226 821 4290 coniunctivo
842 4224 909 4289 fieri
925 4232 1091 4308 autposse
1108 4228 1245 4288 autnon
1261 4247 1362 4309 posse

224 4328 391 4411 significari
409 4328 568 4394 docerent.
607 4327 749 4394 Eandem
772 4328 812 4395 de
829 4328 998 4392 indicativo
1015 4326 1205 4391 sententiam
1221 4332 1360 4414 protulit
