2948 4808
665 230 881 292 ..33-

204 401 237 465 II
262 403 348 465 7410
371 400 419 486 8):
453 398 489 466 ἐν.
512 395 773 488 Πα]ναθήναιίον
795 394 889 485 παρὰ
913 395 1113 486 λερο[ποιῶν.
1158 400 1341 486 Utrumque

205 505 423 570 testimonium
447 507 488 570 ad
510 508 636 572 minora
652 505 886 579 Panathenaea
902 511 1038 592 spectat.
1078 505 1152 569 Hoc
1176 512 1284 570 autem
1309 507 1341 595 ip

204 610 288 674 icsto
305 631 439 694 magnas
456 618 567 697 partes
589 610 788 675 sacrificulos
812 610 920 694 egisse
936 630 979 673 ex
994 609 1083 673 hisce
1100 609 1202 673 titulis
1218 610 1339 674 elucet:

292 719 320 779 1.
345 714 382 780 (l.
399 714 425 780 I.
443 716 483 783 A.
500 715 553 780 Ia
582 714 614 780 in
643 714 738 784 titulo
763 713 906 785 Cimonis
936 720 1045 788 aetate
1077 693 1213 785 expiato
1235 715 1342 786 officia

204 841 314 886 eorum
343 827 567 886 memorantur
597 817 795 906 perficienda
825 819 857 882 in
886 818 1065 883 maioribus
1089 818 1340 900 Panathenaeis,

204 925 231 989 si
262 923 391 1010 quidem
420 930 508 989 recte
539 925 627 987 vs.·2
660 942 702 985 ex
738 920 922 992 Kirchholfi
953 923 1188 1009 supplementis
1221 924 1342 1009 legitur

204 1021 446 1114 [ἘροθραιῚοος
468 1019 610 1113 ἀπάγειν
631 1064 648 1073 -
664 1064 680 1073 -
703 1023 737 1104 ἒς
759 1021 984 1114 Παναθήναια
1006 1026 1049 1099 σά
1071 1022 1198 1113 μεγάλα
1221 1066 1238 1075 -
1255 1067 1271 1076 -
1290 1067 1306 1076 -
1325 1067 1341 1076 -

203 1133 300 1218 τριῶν
327 1132 431 1215 μνῶν·
466 1129 523 1196 καὶ
554 1128 660 1214 νέμειν
695 1123 900 1216 Ἐρυθραίων
931 1129 1056 1219 [ε]ο[ῖῙς
1085 1133 1232 1218 παροῦσι
1266 1131 1343 1219 [τῶν

204 1237 304 1323 κρεῶν
325 1229 417 1322 alode
439 1229 658 1322 ἱεροπο[ι]οὺς
680 1227 827 1322 δραχμήν
850 1229 986 1322 ἑκάστῳ.

291 1343 321 1406 2.
346 1337 380 1404 O.
398 1340 426 1404 Ι.
442 1340 482 1405 Α.
506 1339 523 1402 Ι
545 1341 602 1404 188
626 1338 772 1426 (Olymp.
790 1341 856 1421 aaa
871 1372 911 1393 =
925 1361 955 1404 a.
971 1338 1048 1406 Chr.
1074 1361 1103 1403 n.
1122 1343 1162 1404 40
1176 1339 1242 1423 7Ιι);
1265 1332 1342 1404 Ἐπὶ

205 1445 264 1532 τῆς
299 1439 463 1530 Αἰγηΐδος
504 1440 656 1529 δευτέρας
695 1437 957 1530 πρυτανευούσης
991 1435 1198 1524 ἀθλοθέταις
1237 1466 1342 1528 παρε-

205 1543 322 1636 δ[ό]θή
351 1542 398 1626 εἷς
421 1541 645 1636 Παναθήναια
671 1545 714 1611 τά
736 1541 862 1632 μεγάλα
887 1541 1011 1612 Φίλωνι
1033 1546 1263 1634 Κυδαθήναιεῖ
1285 1543 1341 1611 καὶ

205 1649 432 1740 συνάρχουσιν,
453 1645 637 1740 Ἀθηναίας
659 1645 827 1729 Πολιάδος
851 1647 962 1734 (πέντε
980 1644 1125 1716 τάλαντα
1141 1646 1245 1731 χίλιαι
1268 1650 1341 1736 ὀρ),

207 1754 390 1844 λεροποιοῖς
404 1750 475 1823 κατ’
495 1750 679 1844 [dioscoria
704 1747 835 1841 Διάλλρι
855 1746 974 1841 Ἐρχιεῖ
995 1752 1052 1820 ’λαὶ
1068 1749 1280 1837 συνάρχουσιν
1296 1750 1343 1834 ελς

205 1856 264 1951 τήν
279 1855 462 1949 ἑκατόμβην
478 1854 757 1945 (πεντακισχίλιαι
770 1853 886 1924 ἑκατὸν
897 1854 1210 1944 encaeniatum).
1235 1858 1342 1933 Quam

205 1965 432 2031 hecatombam
460 1964 501 2029 ad
528 1963 760 2029 Panathenaea
787 1963 910 2027 maiora
940 1963 973 2026 in
1003 1963 1218 2027 antecedente
1245 1984 1343 2028 versu

206 2077 460 2135 commemorata
490 2090 564 2134 esse
595 2066 799 2132 referendam
823 2072 912 2132 recte
937 2067 1016 2132 vidit
1038 2066 1228 2133 Boeckhius
1261 2067 1342 2152 (oec.

206 2174 294 2260 publ.
318 2172 439 2238 Athen.
461 2171 495 2235 Il
519 2195 550 2258 p.
568 2173 611 2258 9).
647 2169 779 2236 Etenim
803 2172 830 2235 si
853 2172 894 2236 ad
917 2172 983 2236 alia
1006 2193 1100 2236 sacra
1123 2172 1344 2237 anniversaria

205 2280 320 2343 eodem
353 2296 465 2341 mense
494 2296 557 2361 quo
588 2275 645 2338 illa
673 2275 839 2339 celebrata
868 2280 1046 2361 spectaret,
1081 2297 1121 2340 ea
1150 2296 1243 2340 sacra
1272 2275 1345 2362 ipsa

206 2381 371 2468 expressis
401 2379 508 2444 verbis
548 2379 648 2442 allata
685 2399 756 2442 esse
796 2385 1054 2465 expectaremus.
1111 2378 1224 2445 Addes
1259 2382 1344 2469 quod

207 2485 408 2553 athlothetae
432 2506 562 2570 operam
591 2505 654 2548 non
679 2485 757 2550 dant
780 2486 842 2550 nisi
867 2488 1097 2552 certaminibus
1121 2490 1154 2552 in
1177 2485 1343 2553 Panathe-

206 2591 296 2654 naeis
320 2587 528 2653 instituendis
542 2587 576 2671 ι).

294 2696 323 2758 3.
347 2691 581 2757 Testimonium
599 2691 827 2776 gravissimum
843 2698 893 2755 est
910 2691 945 2757 O.
959 2692 987 2758 I.
1000 2693 1040 2760 Α.
1053 2693 1087 2757 11
1101 2695 1160 2757 163
1177 2692 1233 2779 (=
1250 2691 1340 2759 Ran-

207 2796 291 2883 gahe
307 2803 373 2862 ant.
387 2796 464 2861 hcll.
478 2795 512 2859 li
526 2797 598 2874 814.
610 2793 732 2859 LeBas
746 2794 879 2882 Attique
898 2818 928 2861 n.
946 2800 1019 2879 401,
1035 2796 1158 2882 Ussing
1171 2797 1268 2862 inscr.
1287 2796 1343 2862 Gr.

207 2902 290 2966 ined.
317 2923 346 2967 n.
365 2905 416 2982 54,
432 2892 558 2987 Ἕφήμ.
586 2902 678 2980 1064,
700 2899 871 2966 Michaelis
897 2901 938 2966 de
963 2901 1170 2966 Parthenone
1201 2925 1231 2989 p.
1256 2902 1346 2987 332),

209 3007 263 3092 qui
279 3006 391 3070 titulus
407 3004 560 3089 Lycurgo
578 3003 699 3069 reditus
713 3004 861 3091 publicos
877 3005 1124 3070 administrante
1142 3007 1344 3093 conscriptus

209 3117 259 3176 est
283 3110 336 3194 (cf.
360 3108 517 3173 Kochleri
540 3109 641 3193 adn).
688 3107 891 3193 Qumnquam
915 3116 1023 3172 utrum
1047 3109 1089 3174 ad
1111 3109 1347 3175 Panathenaea

210 3215 333 3279 maiora
354 3236 395 3277 an
413 3213 453 3277 ad
476 3214 602 3277 minora
625 3211 817 3277 referendus
841 3213 893 3291 sit,
917 3212 1000 3275 inter·
1023 3232 1057 3276 se
1073 3212 1269 3278 dissentiunt
1284 3214 1344 3277 viri

209 3319 305 3383 docti.
343 3318 452 3402 Atque
477 3317 605 3403 plurimi
631 3337 741 3381 corum
765 3322 801 3379 ut
817 3314 1014 3398 llocckhius.
1039 3315 1234 3399 Kochlerus,
1258 3318 1345 3382 Her-

209 3444 347 3487 mannus
360 3421 521 3506 (antiquit.
534 3422 625 3505 rclig.
643 3426 663 3502 ς’
678 3425 728 3485 54.
744 3419 807 3505 11),
826 3420 993 3505 Rangahis
1009 3421 1065 3486 alii
1078 3422 1203 3485 minora
1217 3422 1345 3487 intelle-

209 3533 290 3610 gunt
311 3526 386 3590 inde
412 3525 497 3611 quod
521 3546 568 3590 vs.
585 3527 618 3588 31
649 3525 805 3611 scriptum
830 3531 880 3590 est
902 3520 980 3603 τοὺς
1003 3523 1039 3590 δὲ
1062 3521 1250 3611 ἱεροποιοὺς
1271 3522 1348 3607 τοὺς

210 3625 430 3714 διοι[κοῦνσας
445 3621 498 3711 ald
507 3621 731 3714 Παναθήναια
743 3622 784 3692 τά
796 3620 865 3691 κατ’
879 3623 1038 3693 asnonio:
1053 3635 1165 3693 contra
1175 3629 1346 3695 Michaelis

210 3732 315 3817 ipsum
347 3730 603 3797 additamentum
634 3726 710 3809 τοὺς
738 3730 957 3818 δίοήκοῦνιας
979 3731 1035 3817 old
1059 3728 1283 3821 Παναθήναια
1306 3735 1347 3800 σά

211 3826 279 3900 κου’
305 3828 452 3899 ἐνιαυιόν
474 3835 613 3899 otiosum
637 3856 711 3900 esse
729 3837 755 3900 si
778 3835 902 3902 minora
923 3837 1149 3922 intellegamus
1172 3837 1346 3908 contendit.

283 4009 303 4073 ¹)
325 4005 420 4058 Pollux
437 4006 473 4058 Vl
492 4007 526 4058 93
544 4001 951 4077 άθλοθείαι-δοκιμασθέντες
969 4010 998 4060 dd·
1019 4006 1150 4080 ἄρχουσιν
1168 4009 1215 4078 ἔνη
1234 4012 1348 4081 ιείιαρα

212 4091 255 4144 ἐπὶ
274 4094 311 4163 τῷ
330 4092 468 4144 διαθεῖναι
487 4092 520 4145 τά
537 4094 731 4162 Παναθήναια,
756 4092 804 4146 τόν
823 4112 852 4147 τε
869 4095 1002 4164 μουσικόν
1020 4093 1064 4148 καὶ
1085 4095 1133 4148 τάν
1150 4096 1286 4165 γυμνικόν
1303 4096 1345 4149 καὶ

212 4177 262 4246 τήν
281 4176 473 4249 ἱπποδρομίαν.
