2954 4816
706 297 774 382 [77]

1261 300 1300 362 27

265 517 358 574 μενον
392 489 502 571 αὐτόν)
519 490 531 573 {l
554 495 590 570 9,
626 493 645 552 4
680 488 831 553 bonorum
866 490 1074 573 possessiones
1112 488 1300 554 admisimus

266 604 403 681 utpote
433 596 626 660 necessarias
656 595 908 658 constitutas
932 583 1091 678 (Theoph.
1115 587 1175 654 οἶα
1205 588 1298 669 οὔσας

268 699 460 783 α’ναγκαίας),

166 806 292 871 semel
314 805 479 890 participio
505 823 576 866 cum
598 801 737 866 ablativo
762 800 910 866 absoluto
934 802 1077 865 iunctum

268 908 320 972 III
343 911 379 987 2,
404 911 420 971 7
453 927 491 971 ea
522 912 729 990 copnatorurn
757 904 867 968 ordine
897 923 947 968 eos
978 903 1129 969 uocabant
1157 910 1299 987 utpote

269 1011 476 1096 adpnationis
498 1013 511 1074 i
521 1032 589 1075 are
612 1013 656 1075 eis
677 1009 839 1074 recluso
856 1008 1015 1092 (Theoph.
1032 1006 1091 1072 <laci
1115 1008 1149 1071 τό
1166 1008 1302 1091 doneri-

267 1142 316 1181 σαι
339 1112 377 1179 τοὶ
400 1113 545 1178 alvariza
568 1113 681 1195 clinum)

166 1223 199 1286 in
216 1221 282 1286 sola
297 1220 476 1305 posteriore
492 1219 730 1282 Institutionum
746 1225 838 1300 perte
853 1216 980 1301 legitur.
1006 1215 1045 1279 In
1059 1216 1164 1302 priore
1179 1224 1297 1295 nutem,

167 1325 280 1410 quibus
303 1323 381 1388 locis
404 1323 505 1386 simile
529 1321 605 1407 quid
627 1320 900 1406 pronuntiandum
925 1327 983 1398 est,
1005 1341 1062 1406 pro
1083 1328 1228 1385 coartata
1244 1321 1297 1384 illu

165 1427 316 1513 loquendi
340 1428 463 1491 ratione
487 1427 688 1492 enuntiatum
716 1423 936 1489 secundarium
960 1426 1086 1488 causale
1109 1445 1180 1488 cum
1203 1426 1300 1488 verbo

168 1533 256 1597 finito
282 1552 322 1595 ex
347 1529 623 1595 coniunctionibus
646 1531 721 1615 quoia
744 1529 795 1593 vel
820 1548 890 1592 curn
914 1528 1045 1610 (scilicet
1068 1527 1224 1612 particula
1245 1528 1301 1593 cd·

167 1634 248 1717 dita)
273 1655 426 1719 suspenso
450 1635 596 1719 ponitur:

231 1765 248 1828 Ι
267 1767 346 1844 10,3
363 1765 429 1829 eius
444 1785 514 1829 cero
530 1765 681 1846 mulieris,

166 1890 261 1954 quarn
282 1875 376 1951 poter
405 1875 478 1932 tuns
509 1867 681 1952 adoptauit,

157 1973 265 2056 filiurn
294 1992 357 2035 non
385 1972 504 2035 rideris
534 1971 683 2054 impediri

166 2096 297 2140 naorern
321 2076 448 2156 ducere,
471 2075 565 2159 quia
587 2096 682 2159 neque

166 2179 311 2243 naturali
331 2200 427 2263 neque
442 2180 526 2242 ciuili
541 2179 609 2242 iure
627 2179 683 2242 tili

168 2284 447 2366 coniunpitnr.

231 2609 265 2674 II
292 2611 373 2692 8,2
406 2610 461 2674 sed
494 2631 531 2674 ea
561 2610 682 2673 diuerso

164 2715 282 2798 pupilli
318 2715 363 2777 cel
394 2715 537 2797 pupillae
566 2717 681 2778 soluere

167 2821 233 2882 sine
256 2825 357 2881 tutore
380 2824 507 2881 auctore
529 2838 591 2880 non
610 2838 683 2900 pas-

168 2929 252 3003 snnt,
284 2924 358 3005 quia
381 2922 415 2984 ia
438 2921 521 3006 quael
551 2923 683 3003 solvunt,

167 3025 279 3108 nonsit
294 3026 488 3109 accipientis,
507 3048 589 3089 cane
603 3027 683 3090 sci·

168 3128 287 3192 li'cetl
317 3129 437 3193 nullius
462 3132 510 3192 rei
533 3131 683 3195 alienatio

851 1760 903 1825 III
929 1764 956 1837 1,
982 1765 1020 1825 14
1050 1783 1113 1825 non
1136 1764 1303 1826 necessitas

785 1868 874 1949 patri
896 1866 1041 1949 adoptivo
1065 1868 1238 1950 imponitur
1259 1868 1304 1930 oet

787 1969 925 2033 heredem
960 1991 1028 2034 eum
1062 1973 1225 2035 instituere
1257 1971 1303 2034 uel

786 2073 1004 2138 exheredatum
1018 2075 1133 2159 facere
1155 2081 1300 2157 utpote

785 2179 873 2241 nullo
885 2177 1033 2241 naturali
1043 2179 1165 2242 utriculo
1183 2198 1303 2261 copu-

787 2282 913 2345 latura
953 2281 986 2361 (i.
1024 2302 1052 2347 e.
1098 2283 1172 2367 quis
1217 2280 1303 2345 nullo

786 2386 923 2450 ustumli
969 2386 1095 2449 viuculo
1141 2384 1170 2447 ei
1207 2405 1301 2469 copu-

786 2488 896 2570 latur.)

852 2609 957 2691 1112,
983 2613 1000 2674 7
1031 2630 1068 2674 ec
1097 2615 1301 2693 copnatorum

787 2713 897 2776 ordine
920 2734 969 2776 eos
991 2712 1142 2775 uocabant
1162 2720 1303 2797 utpote

787 2816 991 2900 adpnctionis
1010 2818 1079 2880 iure
1096 2818 1139 2880 eis
1154 2819 1302 2881 recluso

789 2921 824 2996 (i.
838 2940 865 2985 e.
883 2941 953 2983 eum
965 2920 1086 2982 scilicet
1099 2919 1299 3002 adgnationis

788 3024 836 3086 ius
861 3023 905 3086 eis
929 3023 1087 3087 reclusum
1113 3024 1184 3097 est.)

168 3234 210 3295 eis
245 3231 310 3294 sine
344 3230 459 3293 tutoris
495 3233 684 3294 arietaritate

170 3339 453 3398 concessaest.
735 3306 738 3412 l
781 3370 786 3380 ·

273 3466 322 3529 13.
368 3463 394 3527 S
403 3484 479 3526 ane
501 3463 534 3544 (i.
552 3485 578 3528 e.
604 3460 759 3548 'proiecto'
781 3463 834 3528 sel
850 3461 1005 3549 ‘quidem')
1022 3466 1062 3528 ab
1078 3464 1165 3529 libris
1182 3464 1198 3528 Ι
1214 3472 1246 3529 et
1269 3466 1303 3530 ΙΙ

167 3588 297 3653 prorsus
319 3567 478 3632 alienum²
501 3568 668 3654 posteriori
684 3567 835 3631 librorum
855 3569 1059 3652 compositori
1076 3568 1154 3633 adeo
1173 3568 1302 3653 placuit,

168 3678 203 3734 ut
235 3677 347 3754 quater
379 3670 484 3735 decies
507 3671 540 3734 in
563 3671 649 3735 libris
672 3670 725 3734 ΙΙΙ
748 3679 780 3736 et
803 3671 853 3736 IV
876 3672 1156 3770 deprehendatur,
1186 3671 1301 3736 veluti:

273 3831 283 3863 ¹
309 3827 470 3880 coniunctio
504 3844 562 3878 cuni
590 3827 727 3894 particule
754 3828 852 3881 seilicet
886 3836 980 3893 eructo,
1011 3834 1040 3880 ut
1067 3829 1136 3880 idern
1164 3828 1302 3895 significet

167 3918 239 3982 quod
270 3915 343 3980 upud
374 3915 441 3966 ulios
472 3913 619 3978 scriptores
646 3921 735 3980 utpote
766 3931 823 3966 eum
855 3915 1302 3981 tcir·Dig.11,434,1‚pr.),

166 4008 276 4068 praeter
295 4001 370 4052 illum
389 4017 470 4052 unum
491 4002 580 4051 locum
600 4001 626 4051 in
648 4005 780 4068 quattuor
793 4002 1000 4054 Institutionum
1020 4002 1099 4054 libris
1117 4018 1170 4054 non
1190 4003 1302 4067 legitur.

269 4086 369 4139 ²Illud
389 4103 470 4139 unum
496 4102 578 4144 sarie,
603 4086 676 4154 quod
701 4089 802 4153 legitur
822 4089 834 4140 I
856 4087 893 4153 10,
914 4088 940 4154 2,
968 4104 1028 4140 eum
1049 4095 1107 4140 totu
1126 4089 1302 4155 paragrapho

166 4190 198 4226 ex
223 4174 274 4226 noi
300 4176 363 4226 inst.
383 4174 428 4225 lib.
448 4172 511 4226 161
532 4174 666 4240 originem
693 4175 778 4227 duxit.
818 4176 974 4227 Particuloe
1002 4192 1068 4227 sane
1098 4174 1206 4242 quidem
1237 4191 1301 4226 usus

166 4260 237 4314 Gaio
255 4259 384 4328 frequens
402 4263 458 4312 est:
478 4260 491 4313 Ι
508 4259 550 4325 61,
571 4259 628 4323 170,
649 4259 805 4325 1911160,
826 4260 881 4322 103,
903 4260 961 4327 104,
982 4261 1040 4326 103,
1060 4261 1119 4326 146,
1134 4261 1180 4314 177
1201 4261 1302 4326 11108,

167 4346 226 4412 163,
246 4347 303 4410 104,
325 4346 382 4409 107,
401 4346 453 4400 010
470 4347 508 4398 1v
528 4345 571 4412 31,
589 4348 657 4413 74¹,
678 4347 734 4413 131,
755 4347 812 4400 134.
