2956 4822
657 285 747 377 [aaa]
1227 295 1262 363 τι

138 486 184 559 (v.
208 485 264 562 14)
288 482 386 548 habea
409 483 440 546 in
464 503 493 547 v.
517 485 560 548 20
583 489 714 564 Λοκροῖν
735 481 840 565 ματέρ’
863 483 1090 572 ἀγλαόδενδρον,
1120 489 1151 552 in
1176 509 1201 551 v,
1228 493 1266 554 21

137 586 229 671 φίλαν
251 585 343 660 πόλιν,
367 588 398 650 in
421 610 452 652 v.
476 589 604 651 41-42
627 591 860 670 Πρωτογενείας
881 587 977 682 dictet,
1003 593 1033 655 in
1058 611 1087 657 v.
1111 594 1152 656 66
1175 591 1268 656 πόλιν.

103 749 108 758 .
137 691 259 765 Quibus
289 692 394 754 verbis
424 691 570 755 omnibus
602 690 735 755 eandem
766 692 927 777 Opuntem
960 697 1070 759 urbem
1100 697 1269 780 significari

137 794 277 859 carmine
300 794 442 878 inspecto
465 794 560 858 facile
583 795 789 879 intellegitur,
815 818 910 861 unum
935 800 960 863 si
976 798 1130 877 addimus,
1153 801 1268 865 Proto·

137 898 265 982 geniam
288 899 349 963 hoc
380 899 452 963 loco
475 897 681 964 Deucalionis
712 909 744 964 et
766 901 912 986 Pyrrhae
942 903 1037 966 tiliam
1067 924 1153 984 esse,
1186 926 1269 989 quae

135 1022 207 1069 curn
236 1003 421 1087 parentibus
445 1002 574 1088 Opunte
605 1003 769 1067 habitabat
799 1012 831 1069 et
862 1007 989 1089 generis
1019 1025 1129 1090 regum
1160 1006 1269 1092 Opun-

134 1106 253 1170 tiorum
276 1115 384 1171 auctor
407 1105 492 1170 facta
515 1112 572 1172 est.

238 1209 307 1273 Nec
339 1211 442 1273 minus
479 1210 675 1274 sollemniter
708 1210 739 1274 in
774 1212 913 1276 carmine
946 1210 1109 1278 Nemeaeo
1145 1212 1267 1278 decimo

135 1312 329 1397 Argivorum
351 1312 438 1376 urbis
460 1315 582 1378 mentio
605 1316 651 1378 lit.
690 1315 772 1379 Nam
798 1314 909 1379 urbem
931 1316 962 1378 in
984 1335 1013 1380 v.
1030 1318 1059 1395 2,
1081 1326 1117 1380 ut
1133 1318 1163 1381 in
1179 1318 1267 1380 initio

27 1415 32 1424 ’
133 1417 199 1481 fere
227 1417 322 1497 solet,
355 1417 481 1479 nomine
512 1418 641 1502 proprio
673 1417 888 1483 introductam
921 1427 1082 1506 nuncupat
1110 1420 1269 1485 Pindarus

133 1522 165 1584 in
198 1543 229 1586 v.
267 1522 305 1584 19
348 1520 489 1600 Ἀργεῖον
522 1518 647 1600 τέμενος
686 1523 848 1605 eleganter
889 1522 1071 1607 significans
1110 1523 1268 1603 AROOS,
1315 1519 1317 1523 ¹

134 1645 195 1708 qua
227 1624 257 1687 in
290 1624 368 1688 urbe
393 1622 482 1686 Hera
504 1645 627 1688 summa
650 1625 802 1709 religione
832 1627 1013 1707 colebatur,
1045 1628 1127 1692 lovis
1157 1631 1267 1693 uxoris

135 1736 298 1812 tamquam
329 1726 459 1791 domum
491 1748 571 1792 esse.
624 1728 722 1793 Cuius
752 1729 834 1794 deae
862 1749 902 1793 ex
932 1732 1166 1796 necessitudine
1195 1753 1267 1796 curn

134 1832 260 1916 Argivis
285 1832 499 1895 intercedente
523 1852 561 1896 ea
583 1853 709 1917 quoque
732 1833 828 1897 ducta
852 1840 901 1897 cst
931 1836 1120 1918 appellatio,
1151 1856 1213 1920 qua
1234 1838 1266 1901 in

133 1958 163 2000 v.
190 1938 232 1999 36
255 1943 351 2021 poeta
375 1935 482 2018 Argos
505 1936 652 2019 insignit,
684 1958 754 2000 cum
768 1936 867 2018 Ἥρας
890 1935 941 2000 cdv
964 1935 1094 2019 εὐάνορα
1115 1939 1188 2002 λαόν
1211 1938 1267 2023 (ad

133 2039 262 2103 Iunonis
285 2038 399 2103 fortem
423 2038 593 2123 populum)
617 2041 707 2103 oleae
724 2040 873 2122 fructum,
895 2062 987 2126 quem
1004 2042 1104 2105 victor
1120 2041 1267 2108 Thracus

132 2143 267 2207 Athenis
290 2142 465 2227 praemium
489 2141 613 2206 virtutis
641 2142 773 2227 adeptus
806 2151 889 2224 erat,
921 2145 951 2208 in
984 2154 1069 2209 terra
1102 2146 1165 2229 igni
1195 2154 1267 2210 usta

132 2254 338 2331 apportatum
356 2267 425 2309 esse
441 2244 615 2331 praedicat.
646 2247 771 2311 Deinde
784 2252 951 2331 postquam
965 2250 997 2312 in
1009 2271 1039 2312 v.
1052 2253 1093 2312 40
1104 2248 1265 2333 Argorum

133 2372 248 2414 nomen
263 2350 422 2434 repetivit,
447 2351 476 2413 in
494 2369 522 2413 v.
539 2354 576 2413 41
596 2349 703 2414 denuo
720 2353 850 2415 victoris
865 2373 967 2435 genus
983 2352 1078 2415 laude
1092 2353 1267 2419 allecturus

132 2455 305 2518 exclamat:
337 2453 474 2518 victoriis
507 2454 591 2517 enirn
617 2461 695 2539 quot
720 2458 860 2537 Προίτοιο
890 2453 957 2518 τόδ’
979 2455 1167 2541 ἱπποτρόφον
1189 2454 1267 2521 ἄστυ

132 2558 257 2622 floruit!
301 2558 440 2622 Proetus
472 2558 556 2621 eninr
579 2579 649 2621 eum
674 2559 741 2622 aliis
766 2559 894 2643 quidem
919 2558 1033 2623 fabulis
1057 2558 1213 2644 Tirynthe
1235 2563 1266 2623 in

131 2662 222 2741 urbe,
244 2663 313 2727 aliis
329 2660 424 2745 Argis
447 2683 600 2745 regnasse
622 2663 779 2742 tradatur,
803 2684 939 2747 cumque
963 2670 1047 2728 certa
1064 2664 1184 2748 posteri
1200 2665 1267 2727 eius

132 2764 186 2828 diu
212 2766 305 2830 huius
330 2766 416 2829 urbis
440 2767 606 2850 imperium
631 2774 792 2848 tenerent,
816 2788 878 2831 non
902 2769 1007 2853 potuit
1028 2767 1134 2850 Argos
1164 2770 1267 2854 aptius

131 2871 235 2934 ornari
260 2890 353 2954 quam
379 2880 555 2934 memorata
577 2871 682 2955 prisca
704 2870 757 2933 illa
781 2870 880 2955 stirpe
903 2870 998 2954 regia.

232 2973 318 3038 Item
339 2973 370 3036 in
396 2975 530 3037 carmine
549 2974 716 3059 Olympico
741 2975 843 3038 altero
864 2975 896 3038 in
912 2974 1091 3038 Theronem
1109 2975 1267 3059 Agrigen-

129 3079 265 3141 tinorum
296 3097 403 3159 regem
435 3076 564 3142 condito
595 3082 731 3162 patriam
762 3078 888 3141 victoris
922 3079 1032 3142 urbem
1066 3078 1161 3141 modo
1193 3101 1223 3141 v.
1249 3081 1268 3141 6

129 3178 350 3262 Ἀκράγαντος,
382 3181 477 3244 modo
510 3205 538 3246 v.
567 3184 584 3243 9
617 3181 698 3262 ἱερόν
728 3180 840 3265 οἴκημα
867 3183 1025 3262 ποταμοῦ,
1055 3182 1151 3247 modo
1175 3203 1204 3248 v.
1230 3187 1268 3246 14

129 3281 262 3366 ἄρουραν
285 3284 423 3366 πατρίαν,
453 3285 548 3350 modo
572 3306 600 3349 v.
625 3287 663 3348 91
698 3285 897 3367 Ἀκράγαντι,
929 3286 1022 3351 modo
1052 3306 1082 3351 v.
1114 3291 1153 3349 93
1185 3285 1269 3349 πόλιν

130 3387 210 3451 dixit
247 3387 415 3452 Pindarus.
479 3389 608 3453 Sacrum
647 3402 755 3454 autern
793 3392 880 3453 fluvii
921 3391 1114 3455 domicilium
1155 3391 1270 3455 dicitur

128 3491 334 3556 AORAGAS
359 3494 387 3555 iu
407 3514 435 3558 v.
455 3497 483 3574 9,
507 3497 582 3578 quia
605 3495 679 3557 urbs
703 3503 785 3559 teste
802 3495 871 3578 ipso
889 3503 987 3580 poeta
1002 3495 1035 3559 in
1053 3495 1149 3579 Pyth.
1165 3493 1234 3558 XII
1250 3497 1265 3556 l

131 3603 161 3660 et
184 3617 289 3680 seqq.,
320 3596 374 3659 uhi
399 3617 468 3660 earn
491 3599 681 3682 alloquitur:
713 3599 856 3661 καλλίστα
879 3605 1009 3678 βροτεᾶν
1031 3600 1143 3661 πολίων
1167 3631 1173 3661 ι
1198 3647 1204 3661 .
1228 3648 1269 3675 .,

125 3698 146 3779 ἅ
178 3699 204 3763 τ’
235 3697 347 3782 ὄχθαις
382 3698 429 3762 ἔπι
461 3701 636 3784 μηλοβότου
671 3703 760 3778 ναιέις
797 3700 1027 3783 Ἀκράγαντος,
1061 3702 1100 3765 ad
1137 3701 1270 3767 fluvium

130 3804 242 3870 eodem
266 3804 392 3869 nomine
415 3804 569 3888 insignem
593 3806 654 3869 sita
676 3811 753 3870 erat.

233 3908 408 3973 Praeterea
432 3911 463 3973 in
486 3910 624 3974 carmine
647 3909 815 3995 Olympico
840 3910 968 3995 quinto,
993 3912 1025 3974 in
1050 3931 1113 3996 quo
1139 3912 1269 3975 victoris

128 4009 364 4077 OAMARINA
389 4036 429 4078 ex
453 4014 531 4078 urbe
555 4013 680 4078 oriundi
702 4013 814 4078 laudes
838 4015 961 4096 insunt,
991 4015 1110 4097 legitur
1139 4016 1171 4077 in
1196 4036 1224 4078 v.
1250 4017 1269 4077 2

128 4115 271 4179 Ὠκεανοῦ
294 4116 444 4199 θύγατερ,
468 4138 495 4179 v.
512 4121 531 4180 4
547 4115 604 4180 τοῖν
623 4116 680 4180 σοῖν
696 4116 795 4195 πόλιν,
813 4115 989 4199 Καμάρινα,
1006 4141 1035 4180 v.
1051 4119 1072 4183 8
1088 4117 1144 4182 vole
1160 4116 1271 4182 vicenos

127 4218 224 4300 ἕδραν,
242 4242 270 4285 v.
284 4224 325 4284 20
341 4219 427 4285 πόλιν
449 4221 549 4286 τάνδε.
586 4220 721 4286 Duabus
738 4222 867 4306 quidem
883 4223 991 4306 primis
1004 4223 1271 4307 appellationibus

128 4331 224 4409 poeta
251 4324 425 4409 nympham
450 4323 655 4389 Camarinam
681 4324 807 4405 affatur,
831 4325 887 4388 sed
912 4346 969 4409 pro
986 4323 1088 4388 lubitu
1106 4323 1196 4387 deam
1212 4346 1269 4410 pro

1118 4425 1168 4480 17*
