2956 4822
204 301 245 361 ee
723 295 813 381 [ise]

203 490 299 567 colas,
324 487 358 570 2)
383 496 449 551 tum
473 487 559 574 quod
584 487 699 553 dicitur
725 485 870 571 ὑπάρχειν
893 487 995 564 αὐτοῖς
1018 484 1089 564 τούς
1111 493 1191 569 τρεῖς
1213 486 1343 570 κλήρους

203 591 330 672 d'urpsn'r,
347 590 401 655 ἐάν
416 599 617 673 npeeepretlrie
635 599 682 675 τῆι
700 591 784 655 πόλει
801 599 853 675 τῆι
873 590 1016 672 ipisus-'pur
1033 590 1052 674 ἡ
1065 591 1153 674 χώρα
1169 589 1207 674 ἣν
1223 591 1344 674 ἔχουσιν

203 696 229 758 ni
243 694 393 776 nestsear
406 694 490 773 ὄντες
502 699 539 775 ἐμ
553 697 731 778 nlaymntm
744 693 881 774 κάτοικοι,
892 695 1077 760 ineruerba
1088 696 1340 778 assignationem

201 821 319 862 nouum
337 801 464 863 minime
489 822 612 885 sapere.
659 799 741 862 Nam
766 801 901 883 primum
921 799 1048 882 quidem
1072 799 1262 880 προσορίζειν
1277 820 1341 862 nen

203 912 252 968 est
266 904 441 989 publicare,
465 903 521 968 sed
539 905 697 968 territerio
714 904 850 967 ciuitatis
871 904 1066 983 adtribuere,
1093 924 1156 989 qua
1171 925 1205 967 re
1221 902 1343 966 demini

203 1031 351 1090 agrorum
379 1009 577 1092 patrimoniis
608 1030 671 1071 nen
702 1009 879 1093 priuantur.
926 1008 1054 1072 Deinde
1084 1028 1195 1071 uocem
1226 1004 1343 1086 δωρεάν

203 1112 386 1176 Beeckhius
400 1113 466 1197 ipse
483 1132 553 1174 eum
572 1110 709 1174 Seldcno
728 1112 901 1176 rectissime
918 1112 1145 1196 interpretatus
1163 1116 1210 1173 est
1226 1145 1258 1153 -
1275 1128 1342 1171 non

205 1216 298 1297 ,doni
317 1215 472 1292 nemine“‚
489 1252 528 1260 -
546 1215 600 1279 sed
621 1217 683 1296 ,ita
700 1221 734 1278 ut
750 1216 905 1278 immunes
921 1214 1002 1279 sint“
1022 1214 1103 1297 (scil.
1121 1213 1188 1297 agri
1203 1214 1238 1293 ¹).
1274 1211 1342 1276 De·

202 1321 298 1403 nique
318 1321 342 1383 si
363 1321 474 1384 tertius
494 1340 571 1402 ager
587 1319 887 1402 Palaemaguetibus
905 1320 953 1383 his
972 1320 1078 1383 uerbis
1096 1317 1342 1395 condonaretur,

205 1429 271 1486 tum
304 1424 348 1486 eis
376 1424 429 1508 qui
459 1421 679 1505 ἀκληρούχητοι
707 1432 812 1498 erant,
843 1433 1011 1507 exspectes
1042 1422 1179 1505 primum
1211 1421 1251 1483 de
1281 1419 1342 1482 hae

203 1533 288 1590 terra
317 1528 518 1591 consulturos
549 1527 648 1590 fuisse
679 1527 888 1612 Smyrnaeus:
924 1526 955 1591 id
991 1527 1075 1612 qued
1110 1525 1236 1589 minime
1271 1523 1341 1586 fieri

203 1639 345 1714 apparet,
370 1631 541 1693 dummodo
568 1631 668 1694 uerba
692 1640 777 1694 reete
800 1633 1027 1716 interpretatus
1052 1627 1209 1693 concedas
1241 1625 1341 1690 uerba
1417 1669 1421 1671 >

203 1738 251 1796 καὶ
275 1733 333 1816 τήν
355 1734 489 1797 ciri-'ister
512 1734 616 1810 rrdreig
638 1733 738 1814 μένειν
755 1733 810 1817 τήν
833 1741 888 1797 νῦν
903 1733 1097 1817 ὑπάρχουσαν
1121 1753 1183 1796 non
1200 1730 1341 1816 pendere

203 1861 220 1901 a
234 1839 419 1903 condicione
435 1860 473 1902 ea
489 1859 571 1923 quae
587 1840 781 1922 significatur
796 1839 901 1903 uerbis
918 1837 970 1902 ἐᾶν
986 1843 1201 1919 noncopantis.
1237 1835 1340 1898 Immo

203 1942 386 2007 immunitus
411 1943 520 2007 tributi
543 1946 630 2007 omni
654 1943 748 2008 mede
774 1945 893 2007 colonis
918 1944 1130 2008 confirmatur.

307 2047 398 2120 Quae
414 2068 485 2110 eum
501 2048 544 2110 ita
560 2048 633 2128 sint,
657 2048 696 2110 ad
716 2048 941 2132 explicandum
959 2048 1043 2111 huuc
1059 2047 1165 2110 lecum
1186 2044 1340 2109 coniciam

206 2149 392 2214 colonorum
425 2173 535 2215 eorum
568 2154 620 2235 qui
646 2151 830 2234 Magnesiae
855 2153 999 2215 collocuti
1025 2163 1125 2233 erant,
1149 2151 1340 2231 nescioquo

206 2263 349 2337 ternpore
373 2256 524 2336 [fortasse
556 2255 628 2318 belli
662 2254 775 2338 causa)
803 2255 958 2340 quosdam
981 2255 1274 2338 Palaemagncsiam
1305 2274 1340 2316 se

204 2360 395 2440 contulisse,
429 2360 537 2443 itaque
561 2360 592 2422 in
623 2359 907 2443 Palaemegnetum
939 2382 1069 2424 numero
1102 2359 1229 2422 habites
1258 2379 1339 2422 esse.

205 2462 350 2534 Quorum
374 2465 442 2544 agri
465 2485 538 2527 cum
562 2465 629 2527 iure
652 2465 798 2526 nimirum
815 2465 993 2549 pertineant
1016 2463 1056 2528 ad
1077 2464 1234 2527 coloniam
1251 2461 1340 2545 Mag·

203 2568 313 2629 nesius
343 2569 563 2649 constitutam,
595 2568 655 2630 hac
690 2561 915 2632 sublatarum
944 2569 1060 2631 horum
1090 2564 1275 2631 colonorum
1308 2566 1339 2627 in

201 2689 295 2751 agros
319 2668 479 2735 deficiunt.
525 2671 691 2755 Smyrnaei
712 2681 821 2735 autem
845 2680 975 2757 sperant
1006 2671 1090 2749 lore,
1120 2677 1156 2734 ut
1179 2692 1237 2734 rex
1269 2673 1338 2734 iure

202 2794 260 2835 suo
278 2773 423 2838 coloniae
438 2795 532 2859 agros
549 2775 741 2840 confiscandi
758 2797 820 2839 non
838 2784 957 2858 utatur,
974 2776 1030 2840 sed
1047 2776 1106 2840 hes
1122 2796 1218 2859 egres
1234 2782 1338 2838 terrae

202 2877 396 2961 Smyrnaeae
441 2880 651 2943 adtribuendo
697 2880 900 2961 Magnetibus
945 2881 1129 2944 retinendos
1174 2879 1338 2943 concedat.

204 2981 408 3067 Quapropter
431 3005 580 3066 agrorum
598 2987 756 3069 possessio
782 2986 825 3049 eis
849 2987 902 3068 qui
919 2993 1013 3048 antea
1029 2984 1216 3069 Magnesiae
1232 2986 1339 3048 coloni

205 3085 333 3149 fueraut
364 3089 422 3151 sub
456 3090 510 3150 illa
542 3089 747 3171 condicione,
780 3091 890 3154 ceteris
923 3089 1225 3173 Palaemagnetibus
1256 3091 1340 3153 ernui

204 3189 297 3253 mede
323 3194 538 3256 confirmatur.
574 3192 656 3256 Nam
681 3194 742 3258 hoc
765 3195 877 3279 opinor
893 3194 1098 3259 manifestum
1123 3201 1181 3272 est,
1204 3193 1339 3257 multum

202 3294 356 3359 iuteresse
379 3297 460 3359 inter·
483 3298 613 3361 colones
642 3299 695 3383 qui
718 3308 812 3382 paeto
837 3298 962 3382 publice
985 3299 1016 3361 in
1040 3299 1204 3362 ciuitatem
1230 3297 1337 3382 Smyr·

201 3421 354 3464 uaeerum
390 3402 586 3484 concedunt,
624 3399 735 3466 militia
766 3423 801 3467 se
832 3402 1035 3485 abdicantes,
1065 3410 1096 3465 et
1128 3403 1195 3466 illes
1228 3401 1341 3485 quibus

204 3505 311 3587 pepuli
335 3506 412 3569 scito
430 3505 543 3568 ciuitas
559 3505 750 3570 adtribuitur
774 3527 810 3569 ea
827 3506 1023 3587 condieiene,
1046 3513 1082 3569 ut
1099 3505 1214 3568 ciuium
1232 3505 1338 3589 Smyr·

202 3628 355 3670 nueorum
378 3608 446 3670 iure
469 3609 630 3688 fruantur,
662 3609 754 3672 simul
779 3618 885 3673 autem
915 3610 946 3672 in
970 3610 1081 3673 militia
1111 3614 1337 3692 personarent:

200 3720 392 3795 quapropter
416 3717 450 3773 ut
473 3711 603 3774 heredia
626 3714 794 3791 retineant,
819 3713 971 3776 constitui
996 3721 1109 3796 petest.

304 3953 331 4018 Ι.
356 3954 605 4038 Smyrnaeorum
629 3956 738 4040 pepuli
762 3956 887 4038 scitum,
912 3954 998 4041 quod
1022 3956 1123 4040 prima
1139 3953 1223 4017 tituli
1247 3959 1338 4039 pelte

203 4059 394 4142 continetur,
418 4060 507 4140 duas,
531 4070 566 4124 ut
586 4061 690 4125 solent
716 4063 905 4146 ψηφίσματα
920 4061 1131 4143 Graecorum,
1153 4065 1260 4144 partes
1276 4079 1341 4121 am·

307 4253 315 4286 ¹
338 4253 413 4302 llaec
440 4252 525 4316 igitur
553 4253 707 4304 immunitus
736 4251 844 4304 diuersa
873 4260 913 4302 est
938 4252 971 4303 ab
998 4266 1030 4301 su
1058 4266 1128 4317 quac
1156 4265 1218 4302 mox
1241 4249 1340 4302 dicitur

209 4334 315 4397 dulae,
334 4353 415 4408 quum
435 4339 469 4390 de
488 4340 616 4393 libertate
636 4340 731 4391 tributi
750 4340 885 4411 (εἰσφορᾶς)
904 4339 1059 4401 intellegas.
