2954 4808
514 331 517 334 ⁴
640 282 727 367 [121]
1084 328 1105 355 ,
1233 289 1252 350 1

118 479 168 562 sit,
190 479 366 562 intelleges,
396 478 421 541 si
445 498 610 541 numerum
638 477 851 561 praesentium
884 479 1060 542 activorum
1091 488 1122 542 ct
1154 480 1254 562 passi·

119 604 232 648 vorum
255 604 311 668 per
334 581 476 667 singulos
498 580 597 646 libros
621 601 805 665 sparsorum
838 581 1097 648 consideraveris.
1143 583 1252 648 Veluti

117 691 150 754 in
172 688 253 753 libro
270 685 334 751 XV
358 685 510 751 tredecim
534 688 712 771 praesentia
728 687 856 771 passivi,
881 696 989 751 eontra
1006 689 1066 752 tria
1080 711 1127 773 pr.
1144 688 1252 766 activi3

118 795 149 858 in
172 793 252 857 libra
276 791 395 857 XVIII
422 792 512 874 1813,
536 793 565 855 iu
590 791 670 856 libro
694 791 791 855 XXV
817 793 907 874 1613,
931 793 962 857 in
986 792 1065 856 libro
1082 792 1252 857 xxvus

119 919 210 983 praes
226 906 287 961 act.
304 895 427 962 nullum
443 897 602 980 leguntur.
639 895 777 961 Videtur
792 904 898 960 0111010
915 898 1058 983 scriptori
1076 897 1252 981 perfectum

119 1003 279 1087 passivum
313 1009 475 1087 tamquam
510 1000 650 1086 vulgaris
682 1000 786 1065 forma
818 1002 890 1065 odio
932 1001 1046 1079 fuisse3
1081 1010 1178 1086 atquc
1212 1004 1253 1066 ob

119 1106 253 1170 eandem
276 1127 403 1170 causam
426 1105 613 1192 imperfecto
637 1125 732 1188 saepe
749 1125 807 1189 pro
825 1105 968 1191 perfecto
988 1107 1104 1191 passivi
1120 1114 1153 1170 et
1176 1127 1255 1170 non·

119 1230 282 1293 nunquam
307 1231 362 1293 pro
387 1208 699 1293 plusquamperfecto
723 1210 835 1273 utitur:

225 1317 273 1378 17.
298 1316 328 1394 5,
352 1317 371 1378 2
395 1314 522 1399 ideoque
545 1365 553 1379 .
579 1361 587 1377 .
612 1365 620 1379 .
640 1315 733 1396 pacis
758 1315 958 1398 amplectitur
986 1334 1097 1378 nemen
1126 1321 1154 1378 et
1184 1335 1254 1378 can·

117 1418 254 1482 diciones
273 1419 440 1502 proposuit
460 1438 583 1501 praees,
600 1466 607 1481 .
625 1466 657 1482 ..
682 1418 804 1481 litteras
834 1417 876 1480 ad
904 1416 1121 1481 Constantium
1150 1417 1256 1499 dedit,·

122 1525 167 1588 19.
200 1525 237 1599 2,
268 1526 288 1586 2
320 1523 504 1607 quinquiens
538 1520 648 1584 ordine
681 1521 889 1604 multiplicata
922 1527 1082 1585 scutorum
1115 1523 1254 1606 cinpitur

118 1627 239 1703 ciuitas,
262 1646 300 1690 ac
318 1677 325 1691 .
342 1675 349 1690 .
367 1673 373 1689 .
397 1624 481 1708 plebi
502 1632 682 1689 turmarum
707 1625 912 1708 impleuerant
943 1632 1051 1689 cuncta
1069 1674 1077 1689 .
1095 1676 1102 1690 .
1120 1676 1127 1690 .
1151 1633 1180 1688 et
1197 1675 1204 1690 .
1221 1674 1253 1691 ..

116 1731 183 1794 teca
201 1778 208 1793 .
226 1781 233 1795 .
252 1781 259 1795 .
283 1730 457 1794 incedentes
480 1729 606 1793 ordines
622 1736 819 1812 occuparunt
827 1749 840 1807 ,·
866 1732 913 1793 19.
936 1731 966 1810 9,
984 1731 1000 1792 7
1017 1731 1254 1794 matrimonium

117 1835 250 1898 atterius
278 1833 462 1916 splendidae
493 1834 628 1917 airpinis
660 1832 842 1917 adfectauit.
881 1839 909 1896 et
925 1883 933 1897 .
951 1881 982 1896 ..
1008 1833 1051 1896 ad
1079 1832 1253 1898 Persarum

117 1938 323 2001 vastatorium
362 1936 486 2022 plebum
502 1986 509 2001 .
528 1986 561 2003 ..
595 1922 739 2022 consupit
775 1944 995 2022 susceptusque
1033 1945 1178 2020 aventer,
1195 1989 1202 2004 .
1220 1988 1253 2003 ..

117 2041 381 2126 Tamsapori...
416 2042 579 2123 traditur·,·
608 2044 659 2106 20.
688 2045 719 2117 4,
753 2044 791 2105 14
822 2047 909 2105 00010
938 2062 1009 2105 0110
1033 2049 1192 2126 coeptante
1219 2044 1254 2107 in

116 2153 262 2231 apertum
284 2167 414 2230 erupere
437 2145 679 2210 discidium...
703 2145 747 2208 ad
768 2144 830 2209 teia
854 2152 1077 2209 convertuntur
1092 2152 1122 2238 pt
1137 2165 1251 2210 manus

111 2250 305 2335 fremituque
327 2252 448 2333 inperiti
469 2271 574 2315 ornnes
591 2253 770 2334 petiverant
789 2250 970 2334 palatium
992 2252 1043 2316 20.
1068 2254 1096 2326 6,
1116 2253 1135 2314 3
1158 2252 1254 2336 quieti

116 2354 198 2418 diem
219 2356 377 2438 inteprum
401 2355 486 2418 dedit
508 2362 559 2421 et.
577 2406 584 2420 .
602 2356 706 2420 ,tucis
729 2356 867 2435 exordio,
890 2357 981 2440 siquo
995 2376 1052 2438 per
1066 2356 1251 2441 flammeum

114 2464 213 2522 erecta
248 2460 394 2523 vexilium
427 2458 678 2524 circumvaditur
711 2461 842 2541 ciuitas,·
880 2460 927 2523 18.
959 2462 994 2535 5,
1025 2460 1250 2541 tisuscipitur,

108 2560 286 2643 ferebatur,
307 2561 536 2645 praedicabat,·
562 2566 610 2628 14.
631 2568 678 2641 11,
695 2564 737 2626 32
753 2563 861 2627 eadem
883 2561 965 2645 (scii.
981 2560 1143 2646 fortuna)
1158 2561 1251 2626 Man·

115 2666 219 2727 cinurn
228 2672 303 2748 post
318 2666 484 2748 imperinm
497 2667 582 2731 dedit
594 2665 812 2745 Numantinis,
826 2717 832 2731 .
848 2666 1115 2747 ..substravitque
1125 2664 1256 2749 feritati

114 2766 320 2851 Cartiapinis
335 2767 500 2852 Repetam,
524 2771 617 2834 istius
639 2771 801 2850 iniquitate
816 2768 1001 2851 Pompeius.
1014 2820 1021 2834 .
1036 2819 1043 2833 .
1060 2770 1094 2832 in
1110 2771 1255 2854 Aepppto

114 2871 307 2936 trucidatur.
353 2876 406 2954 20,
434 2878 481 2949 ll,
505 2879 524 2939 4
547 2873 702 2938 Edessam
730 2876 822 2955 uenit,
853 2874 953 2954 ibique
982 2874 1056 2937 dam
1074 2925 1081 2938 .
1099 2923 1132 2938 ..
1156 2873 1252 2936 adun·

113 2976 224 3040 dantes
252 2978 360 3059 copias
390 2979 541 3060 operitur,
572 2978 628 3041 diu
657 2984 800 3042 meratus
824 3029 831 3043 .
856 3029 863 3041 .
886 2978 1068 3061 epreditur,·
1098 2979 1149 3043 23.
1173 2980 1201 3051 5,
1232 2979 1251 3040 8

112 3081 206 3159 stetit,
230 3079 385 3163 offertur,
408 3083 459 3145 27.
484 3083 513 3162 2,
538 3088 547 3144 1
576 3082 789 3146 mittitur...
814 3083 1017 3162 accinpitur.
1038 3132 1070 3147 ..
1094 3083 1176 3144 uenit
1193 3131 1199 3145 .
1218 3131 1252 3146 ..

112 3184 281 3263 0110110011,
307 3186 354 3248 16.
378 3186 408 3266 8,
433 3188 462 3263 5,
480 3187 499 3248 6
522 3183 669 3249 iubetur.
691 3235 722 3250 ..
744 3187 918 3268 respirauit
935 3234 940 3245 .
958 3233 990 3248 ..
1015 3186 1180 3265 confitetur
1195 3232 1202 3247 .
1220 3234 1227 3249 .
1246 3235 1253 3250 .

113 3287 319 3369 daranaaere3
344 3290 395 3353 27.
413 3291 441 3364 8,
459 3292 477 3353 3
503 3289 740 3372 disponitur...
765 3296 852 3353 01...
877 3292 922 3354 ire
944 3289 1106 3369 tendebat,·
1128 3292 1180 3354 27.
1204 3291 1251 3369 12,

115 3392 153 3453 16
176 3394 365 3456 remittitur.
380 3442 387 3457 .
402 3443 409 3457 .
426 3396 551 3472 orauit;
579 3396 629 3458 17.
653 3398 684 3470 4,
713 3397 750 3458 14
773 3395 980 3477 intepuit...
1004 3393 1149 3477 defertur
1157 3413 1169 3473 ;
1203 3395 1249 3457 17.

111 3498 148 3574 4,
187 3498 223 3560 15
257 3496 396 3560 restabat
428 3498 571 3562 erectio.
597 3547 604 3561 .
631 3547 637 3561 .
670 3499 873 3561 innectuntur
904 3550 910 3562 .
945 3549 952 3563 .
986 3549 993 3564 .
1028 3498 1154 3562 iocatur
1182 3552 1188 3563 .
1213 3547 1220 3561 .
1246 3529 1252 3541 ·

110 3600 337 3683 superponitur
361 3649 397 3664 ..
425 3649 432 3664 .
456 3601 621 3684 infiqitur,·
655 3602 703 3664 18.
728 3602 755 3674 8,
786 3604 805 3664 8
837 3601 1147 3684 diffundimur...
1178 3603 1250 3665 mis-

112 3725 227 3769 camur.

214 3807 311 3872 Haud
336 3830 407 3872 raro
430 3808 476 3888 fir,
501 3816 545 3887 ut,
568 3808 624 3873 ubi
647 3808 737 3892 pluro
762 3808 860 3872 verba
882 3810 1009 3893 generis
1034 3808 1152 3894 passivi
1168 3809 1251 3873 inter

109 3934 145 3976 se
168 3912 334 3978 coniuncta
357 3920 442 3993 suot,
466 3931 564 3975 unum
592 3912 734 3996 perfecti,
766 3920 872 3977 cetera
900 3912 1078 3996 praesentis
1109 3913 1250 3978 historici

110 4016 214 4080 ferrus
237 4017 475 4100 exprimentum
499 4035 561 4100 quo
586 4036 644 4078 usu
668 4014 755 4095 illud,
781 4015 864 4099 quod
890 4035 985 4098 supra
1009 4015 1085 4091 dixi,
1109 4017 1248 4081 Ammia-

110 4141 186 4183 uam
208 4120 327 4183 formas
352 4120 545 4204 compositas
568 4120 687 4204 passivi
710 4140 772 4186 non
796 4119 964 4184 adamasse
993 4120 1170 4184 confirmari
1203 4123 1245 4185 vi·

109 4223 220 4288 detur:
244 4226 294 4288 25.
314 4227 363 4305 10,
380 4227 410 4300 9,
430 4226 469 4287 10
493 4225 696 4288 committitur
713 4276 719 4290 .
738 4274 745 4289 .
763 4274 770 4288 .
794 4226 941 4307 iunpitur
957 4272 964 4287 .
982 4275 990 4289 .
1008 4274 1015 4289 .
1041 4225 1198 4291 mittitur.
1216 4276 1223 4290 .
1241 4277 1248 4292 .

109 4327 296 4390 mandatum
326 4335 369 4392 est
393 4376 400 4391 .
425 4377 464 4393 ..
497 4327 661 4407 intentum
692 4329 743 4392 20.
768 4332 798 4407 4,
822 4330 841 4392 3
871 4328 915 4392 Et
944 4349 1039 4412 super
1069 4330 1253 4395 arraiiiuriis
