2956 4822
202 282 244 348 as
429 358 430 361 Ν
725 276 815 366 [sco]

200 474 280 539 urbe
302 473 380 539 deae
403 494 493 538 sacra
515 471 688 557 nominari,
711 478 746 536 ut
768 473 848 536 haec
870 472 991 536 maiore
1014 472 1184 537 verborum
1214 471 1337 555 magni·

200 579 327 641 licentis
349 585 488 658 ornetur,
510 576 574 641 iam
596 595 692 662 supra
715 575 922 640 ostendimus.

305 681 341 745 In
366 657 680 746 carmine'lsthmico
704 680 805 763 primo
830 680 862 743 in
878 678 1024 744 Thebani
1040 680 1169 744 victoris
1185 680 1337 744 honorem

201 787 394 871 composito,
418 786 474 849 ubi
497 785 673 849 invenimus
697 784 771 847 inv.
792 788 806 846 l
832 785 945 865 Μᾶτερ
968 782 1045 864 ἐμαί,
1066 782 1220 866 χρύσασπι
1237 782 1339 864 Θήβα,

201 909 230 954 v.
251 891 288 953 10
312 889 442 969 πατρίδι,
464 909 493 950 v.
512 892 550 952 15
574 887 701 970 Θήβαις,
724 910 755 952 v.
772 890 812 951 25
836 885 990 969 ῥεέθροισι
1014 887 1140 967 Δίρκας,
1163 906 1190 948 v.
1209 887 1337 950 58-59

200 991 383 1069 ἑπταπύλοις
414 991 564 1074 Θήβαισι,
594 991 689 1076 quod¹
710 991 742 1054 ln
770 1011 800 1055 v.
826 993 864 1055 15
888 998 920 1055 et
942 993 983 1055 59
1014 989 1054 1053 ad
1084 988 1337 1054 THEBARUM

200 1117 317 1161 nomen
340 1097 529 1178 recurritur,
561 1117 632 1160 curn
658 1104 825 1180 utramque
851 1095 1074 1179 repetitionem
1098 1093 1336 1158 circumlocutio

198 1200 388 1286 interposita
410 1201 590 1284 praecedat,
613 1200 727 1263 mirum
750 1221 812 1264 non
835 1208 894 1263 est.

303 1303 419 1369 Paullo
442 1306 543 1368 maior
567 1303 724 1369 dubitatio
748 1304 840 1367 nobis
863 1324 901 1368 eo
925 1310 1085 1384 movetur,
1109 1301 1194 1386 quod
1218 1302 1249 1366 in
1274 1301 1337 1366 oda

200 1408 338 1492 Pythice
361 1418 484 1492 quarta,
507 1429 568 1492 qua
585 1408 634 1472 vel
650 1407 834 1491 longissima
852 1407 993 1470 omnium
1009 1406 1166 1470 Pindarus
1181 1405 1338 1470 Arcesilai

203 1510 482 1576 OYRENARUM
499 1513 581 1596 regis
597 1513 760 1577 victoriam
781 1511 923 1576 curulem
939 1511 1119 1592 illustravit,
1142 1529 1337 1594 quamquam

200 1617 327 1700 saepius
357 1616 397 1680 de
430 1615 508 1681 urbe
539 1617 609 1702 ipsa
638 1617 758 1700 agitur,
794 1616 875 1680 haec
907 1616 1020 1680 eodem
1050 1635 1176 1699 semper
1207 1615 1336 1678 nomine

201 1718 363 1804 appellata
385 1729 442 1784 est.
480 1719 563 1783 Nam
590 1741 661 1784 curn
684 1741 800 1785 nornen
816 1718 1013 1804 Cyrenarum
1035 1719 1199 1803 proprium
1223 1725 1255 1781 et
1270 1718 1336 1781 s.2

201 1829 232 1886 et
261 1843 292 1886 r.
324 1824 365 1886 62
398 1829 429 1887 et
458 1846 488 1888 v.
521 1825 582 1887 261
618 1833 650 1887 et
680 1844 710 1889 τ.
740 1826 802 1888 276
836 1831 869 1890 et
899 1843 927 1886 v.
958 1825 1020 1886 279
1051 1820 1337 1905 deprehendamus,

202 1925 287 2010 quod
308 1927 417 1991 ultimo
433 1927 504 1991 loco
521 1927 583 1992 duo
599 1934 723 1991 tanturn
741 1947 850 1991 vorsus
864 1928 946 1991 inter
963 1926 1090 1991 easdem
1106 1924 1336 2011 appellationes

201 2031 376 2114 intersunt,
407 2032 577 2097 molestum
605 2052 681 2095 sane
705 2031 876 2095 videbitur.
919 2031 1031 2115 Itaque
1053 2030 1196 2115 quamvis
1219 2049 1248 2093 v.
1274 2030 1335 2092 277

199 2133 358 2198 Pindarus
382 2134 454 2200 novi
477 2137 658 2220 systematis
681 2136 806 2198 initium
829 2136 1010 2218 sumpserit,
1033 2139 1139 2197 tamen
1157 2131 1335 2196 concedan-

200 2236 277 2300 dum
296 2245 344 2302 est
367 2246 495 2323 poetam
515 2259 578 2302 non
595 2238 723 2323 quidem
741 2238 923 2302 discessisse
939 2237 1045 2320 alege
1062 2236 1126 2317 illa,
1150 2257 1245 2321 quarn
1262 2256 1335 2299 eum

199 2342 351 2407 statuisse
368 2341 427 2405 sibi
443 2343 536 2406 certis
550 2343 746 2426 argumentis
760 2340 992 2406 demonstrasse
1005 2341 1096 2404 nobis
1111 2340 1263 2420 videmur,
1278 2338 1334 2403 sed

198 2448 272 2530 quia
296 2444 489 2530 Cyrenaicae
511 2446 639 2509 fabulae
670 2485 709 2495 -
739 2446 766 2510 si
796 2445 923 2530 quidem
953 2446 1013 2509 illis
1044 2445 1239 2528 temporibus
1271 2445 1334 2507 iam

198 2548 345 2614 excultae
370 2556 460 2613 erant
477 2582 518 2593 -
537 2549 565 2615 ei
581 2570 694 2635 parum
710 2559 801 2614 erant
816 2557 922 2630 notae,
942 2550 1062 2614 nullam
1080 2547 1218 2612 Pindaro
1237 2547 1335 2613 facul·

199 2659 298 2716 tatem
321 2652 419 2717 fuisse
442 2653 554 2717 urbem
574 2652 693 2718 maiore
710 2652 881 2717 verborum
905 2662 1020 2718 ornatu
1037 2652 1250 2737 nuncupandi,
1274 2653 1334 2716 nisi

197 2755 237 2818 ad
255 2757 403 2838 vulgares
420 2756 608 2840 confugeret
624 2758 811 2822 locutiones.
845 2756 937 2831 Quae
953 2758 1113 2822 sententia
1130 2776 1168 2820 eo
1180 2757 1334 2839 firmatur,

198 2860 283 2942 quod
308 2881 349 2924 ne
372 2860 404 2922 in
427 2860 573 2944 proximo
593 2860 720 2944 quidem
737 2862 874 2924 carmine
890 2861 921 2924 in
940 2861 1073 2926 eundem
1090 2881 1200 2943 regern
1216 2860 1334 2945 scripto

197 2961 256 3026 nisi
285 2963 318 3024 in
343 2985 373 3028 v.
397 2965 458 3043 49,
492 2964 548 3027 ubi
579 2964 759 3047 generalem
789 2965 1038 3049 appellationem
1071 2964 1227 3044 πατρωίαν
1249 2962 1336 3027 πόλιν

197 3064 392 3147 invenimus,
425 3063 623 3150 Cyrenarum
653 3087 770 3130 nomen
799 3066 985 3131 ullomodo
1011 3066 1167 3131 variatum
1191 3077 1249 3132 est.
1297 3066 1335 3130 In

197 3168 340 3232 eiusdem
372 3168 441 3233 libri
474 3170 536 3233 oda
567 3190 651 3233 nona
680 3170 823 3255 quidem,
855 3171 910 3235 ubi
939 3171 1055 3254 legitur
1078 3192 1107 3237 v.
1133 3174 1153 3234 4
1176 3170 1336 3253 Κυράνας,

200 3293 229 3336 v.
253 3274 272 3336 6
296 3273 450 3354 παρθένον
472 3270 650 3355 ἀγροτέραν,
676 3296 706 3338 v.
732 3277 772 3338 13
795 3273 891 3363 κούρᾳ
912 3271 1035 3351 Ὑψέος,
1061 3298 1091 3340 v.
1118 3274 1156 3341 18
1175 3274 1335 3355 Κυράναν,

197 3399 227 3442 v.
244 3378 285 3440 56
309 3376 417 3441 εὐκλέα
435 3375 567 3460 νύμφαν,
591 3397 620 3442 v.
637 3380 675 3441 61
701 3378 792 3462 φίλας
814 3376 874 3441 bno
897 3377 1038 3459 ματέρος,
1062 3400 1091 3443 v.
1108 3381 1149 3443 69
1172 3380 1335 3442 καλλίσταν

197 3479 292 3557 πόλιν,
316 3503 345 3545 ν.
363 3481 403 3545 73
428 3479 586 3562 Κυράναν,
610 3504 640 3547 v.
657 3484 693 3544 91
721 3480 808 3546 πόλιν
832 3481 931 3559 τάνδε,
955 3482 1113 3547 Pindarus
1136 3504 1198 3545 non
1216 3483 1334 3548 frustra

197 3585 352 3650 maiorem
378 3583 503 3649 dicendi
526 3584 707 3649 uber-tatem
731 3594 762 3650 et
786 3587 908 3670 copiam
934 3587 976 3650 ita
1005 3587 1174 3671 appetivit,
1204 3596 1239 3649 ut
1270 3608 1334 3652 non

197 3689 299 3752 solum
320 3687 418 3772 ipsius
436 3688 523 3752 urbis
542 3688 653 3753 laudes
669 3698 849 3770 exornaret,
870 3689 927 3752 scd
944 3691 1038 3755 etiam
1055 3690 1159 3754 varios
1174 3690 1335 3776 nymphae

198 3791 337 3877 Cyrenes
376 3813 468 3856 casus
507 3812 622 3878 nempe
661 3802 696 3856 ut
732 3793 915 3857 conditricis
952 3794 1109 3858 artissime
1148 3814 1219 3857 cunr
1252 3794 1333 3860 urbe

197 3896 385 3961 coniunctae
414 3905 596 3978 enarraret,
629 3915 688 3961 nec
718 3904 824 3960 tamen
855 3918 912 3982 per
942 3898 1049 3961 omnia
1082 3899 1222 3962 carmina
1251 3898 1334 3962 hano

197 4000 354 4064 rationem
377 4000 468 4084 sequi
491 4001 593 4064 voluit
616 4006 724 4086 poeta,
747 4023 788 4064 ne
812 4001 927 4067 eodem
950 4000 1081 4065 artificio
1106 4000 1242 4086 repetito
1265 4008 1333 4065 tae-

196 4103 283 4168 dium
307 4112 460 4170 moveret.

299 4207 350 4272 Ex
388 4209 501 4274 ceteris
542 4208 675 4274 urbibus
712 4207 970 4292 exquisitioribus
1010 4207 1115 4273 verbis
1158 4208 1331 4273 instructae

197 4317 270 4377 sunt
293 4311 369 4377 hae:
