2956 4822
211 304 248 365 ra
730 295 819 381 [asc]

208 491 324 555 lanceis
348 490 553 555 frementium
577 488 805 569 Aeacidarum)
831 510 933 574 neque
956 491 985 552 in
1012 511 1038 555 v.
1057 493 1107 568 50,
1130 490 1182 554 ubi
1208 492 1344 556 insulam

208 595 334 660 nomine
357 595 485 681 proprio
508 593 633 674 affatur,
656 593 801 679 pluribus
826 593 931 657 verbis
953 595 984 658 in
1009 593 1105 659 laude
1129 595 1196 660 eius
1220 597 1345 679 praedi·

208 698 310 765 canda
339 702 541 779 immoratur3
573 718 683 761 verum
711 697 740 760 in
774 697 837 761 fine
869 697 1014 761 carminis
1046 698 1344 765 circumlocutiones

209 826 272 868 non
295 803 390 868 modo
415 805 496 868 inter
519 823 569 884 se,
593 801 648 866 sed
674 802 768 865 etiarn
792 801 832 864 ab
857 802 922 882 his,
954 822 1036 886 quae
1059 809 1153 866 antea
1181 803 1346 870 adhibitae

209 915 316 990 erant,
343 907 494 972 diversae
511 905 724 970 cumulantur.
771 905 897 969 Etenim
928 912 1095 991 postquam
1126 905 1283 972 Pindarus
1314 910 1344 972 in

210 1033 238 1078 r.
262 1013 314 1093 83,
338 1019 372 1074 ut
388 1010 473 1075 loris
491 1009 621 1074 deorum
638 1008 721 1092 regis
745 1008 815 1072 laus
839 1007 967 1071 δάπεδον
981 1005 1019 1070 ἂν
1035 1007 1102 1073 τόδε
1119 1010 1346 1093 celebraretur,

210 1117 341 1181 chorum
365 1114 416 1177 vel
438 1135 473 1178 se
496 1113 599 1198 ipsum
630 1111 812 1192 admonuit,
842 1111 895 1175 ubi
918 1112 1023 1175 verbis
1046 1111 1181 1175 11119111
1203 1110 1241 1175 ἂν
1264 1113 1344 1193 τόδε,

212 1240 283 1283 cunr
309 1220 389 1284 haec
411 1216 473 1280 oda
497 1217 641 1301 Aeginae
665 1222 792 1280 cantata
814 1216 871 1297 sit,
902 1216 986 1279 hanc
1017 1217 1150 1280 insulam
1174 1218 1345 1300 significari

209 1322 303 1388 facile
333 1321 542 1408 perspicitur,
573 1321 604 1382 in
631 1319 892 1385 1115191111]
921 1321 1064 1384 nominat
1094 1319 1148 1408 ἑᾷῑ
1181 1322 1347 1403 πολίαρχον

212 1424 361 1512 εὐωνύμῳ
392 1423 501 1512 πάτρᾳ.
548 1423 645 1486 Aeaei
677 1429 782 1486 autem
813 1423 915 1507 patria
946 1433 1014 1488 erat
1043 1423 1186 1507 Aegina,
1220 1446 1284 1507 qua
1314 1425 1344 1488 in

212 1530 315 1595 insula
327 1529 475 1614 Iuppiter
490 1549 562 1591 eurn
578 1549 617 1591 ex
634 1527 774 1611 nympha
787 1528 912 1609 Aegina
927 1534 1092 1610 genuerat.
1124 1527 1197 1590 Hne
1212 1529 1347 1612 accedit,

214 1634 299 1720 quod
331 1639 427 1718 poeta
456 1630 496 1694 ad
528 1630 690 1695 fortunam
713 1630 885 1694 secundam
909 1632 1019 1695 victori
1043 1651 1062 1693 a
1085 1631 1132 1694 dis
1155 1632 1346 1716 precandam

213 1741 371 1802 transiens
396 1735 570 1819 Soganem,
601 1734 628 1798 si
650 1735 777 1819 quidem
802 1734 958 1798 Hercules
982 1741 1066 1798 esset
1090 1735 1191 1800 bonus
1214 1737 1347 1814 vicinus,

214 1843 294 1905 inter
318 1839 451 1904 delubra
474 1839 568 1903 huius
591 1837 642 1901 dei
667 1838 796 1901 domum
826 1837 996 1903 habentem
1027 1839 1160 1903 feliciter
1190 1840 1348 1923 προγόνων

213 1943 388 2027 εὐκτὴμονα
411 1940 528 2020 ζαθέαν
550 1940 660 2023 ἀγυιάν
682 1941 898 2009 habitaturum
923 1962 993 2006 esse
1016 1943 1047 2005 in
1070 1964 1099 2005 v.
1119 1945 1159 2005 92
1181 1944 1346 2027 praedicit.

215 2049 277 2124 Qui
301 2049 389 2112 vicus
411 2047 474 2109 iam
499 2045 551 2109 diu
576 2044 737 2108 avictoris
761 2046 933 2109 maioribus
954 2046 1103 2109 obtentus
1119 2058 1204 2110 certe
1222 2049 1347 2132 Aegina

211 2150 428 2234 intellegenda
453 2158 518 2228 cst,
545 2148 730 2234 praesertim
755 2170 837 2233 quae
860 2158 991 2233 propter·
1021 2150 1211 2235 templorum
1242 2150 1348 2214 multi·

214 2257 354 2321 tudinem
378 2255 552 2319 rectissime
574 2253 754 2338 appelletur
768 2253 920 2337 opulenta
935 2261 967 2316 et
984 2253 1100 2334 divina,
1123 2264 1157 2318 ut
1175 2255 1348 2320 Muellerus

216 2370 322 2425 monet
344 2360 375 2423 in
398 2357 657 2441 Aeginetieorum
682 2357 763 2420 libro
786 2377 817 2441 p.
844 2359 913 2421 146.

318 2463 517 2547 Quamquam
531 2461 673 2546 pluribus
686 2462 840 2545 exemplis
852 2483 893 2526 ex
906 2462 1096 2526 carminibus
1108 2464 1138 2526 in
1147 2463 1346 2539 Aeginenses

215 2569 352 2632 victores
376 2565 483 2650 petitis
508 2564 679 2628 Pindarum
704 2565 826 2648 patriae
850 2564 975 2628 illerum
1005 2587 1119 2629 nornen
1151 2568 1264 2629 iterum
1289 2569 1348 2630 ite·

213 2692 345 2755 rumque
376 2669 470 2733 laude
500 2669 633 2732 affectae
663 2669 882 2732 sollertissime
914 2668 1053 2732 variasse
1081 2677 1190 2752 potest
1222 2669 1349 2736 demon·

212 2776 320 2855 strari,
363 2774 438 2838 satis
477 2773 552 2854 erit,
595 2773 621 2836 si
659 2773 806 2835 carminis
843 2771 1000 2835 Nemeaei
1038 2773 1158 2855 octavi,
1196 2776 1249 2859 qui
1286 2776 1349 2841 huc

216 2886 370 2964 spectant,
393 2878 482 2943 locos
505 2876 739 2962 protulerimus,
762 2877 815 2961 qui
835 2897 906 2939 eum
923 2876 1016 2940 facile
1031 2877 1266 2961 intellegantur,
1285 2902 1348 2945 non

216 2992 313 3067 egent
336 2983 560 3066 explicatione.
608 2981 783 3064 Postquam
809 2981 889 3043 enirn
915 2979 944 3042 in
968 3002 998 3045 v.
1022 2983 1040 3044 6
1067 2981 1157 3045 buius
1181 2982 1271 3061 odae,
1296 2985 1349 3047 ubi

215 3087 332 3171 legitur
358 3083 432 3161 Διὸς
456 3085 583 3166 Αἰγίνας
607 3109 638 3147 τε
662 3082 795 3164 λέκτρον,
819 3083 957 3168 nympha
982 3105 1039 3168 pro
1063 3084 1165 3148 insula
1189 3088 1351 3152 nominata

215 3201 282 3272 est,
316 3211 388 3253 cum
423 3197 589 3273 utramque
624 3191 775 3253 rationem
810 3188 896 3272 lyrici
930 3187 1122 3251 confundere
1152 3199 1184 3253 et
1215 3193 1350 3257 miscere

206 3295 357 3374 soleant,
386 3294 417 3356 in
440 3315 469 3359 r.
495 3283 664 3357 'l'Aeacus
693 3293 825 3376 antiqua
848 3292 971 3355 insulae.
994 3292 1206 3376 appellatione
1229 3294 1351 3360 adscita

216 3398 332 3463 dicitur
363 3397 500 3474 Οἰνώνας
521 3395 670 3479 βασιλεύς.
717 3394 753 3458 In
786 3419 816 3459 v.
849 3398 888 3459 13
920 3405 1027 3460 autern
1058 3396 1202 3478 Aeginae
1233 3419 1351 3465 nornen

214 3499 378 3565 locutione
408 3500 508 3577 πόλιος
537 3499 613 3583 ὑπὲρ
644 3501 752 3584 φίλας,
783 3510 814 3564 et
843 3501 874 3562 in
904 3520 932 3564 v,
960 3503 1000 3562 46
1030 3499 1135 3563 verbis
1164 3507 1219 3563 σεῦ
1248 3501 1351 3591 πάτρᾳ

219 3604 369 3670 variatur.

321 3708 384 3772 Sed
410 3716 445 3772 ut
468 3729 508 3772 ne
530 3709 560 3771 in
591 3710 704 3773 ceteris
735 3708 862 3794 quidem
893 3708 1083 3772 carminibus
1113 3709 1142 3772 in
1175 3711 1351 3793 Aeginetas

215 3812 403 3896 conscriptis
426 3813 554 3875 victoris
584 3813 717 3896 patriam
748 3814 832 3876 intra
861 3833 959 3876 unum
989 3823 1130 3897 systema
1160 3812 1207 3876 bis
1237 3813 1350 3877 eodem

214 3916 341 3980 nomine
358 3915 548 4000 appellatam
569 3936 638 3979 esse
654 3917 872 4001 perspiciatur,
895 3918 989 3980 etiam
1006 3917 1142 4001 reliquas
1160 3937 1242 4000 quae
1263 3918 1349 4002 apud

215 4019 392 4085 Pindarum
421 4020 570 4102 leguntur
593 4018 738 4103 Aeginae
767 4021 998 4105 appellationes
1027 4019 1252 4086 describemus.
1299 4022 1350 4086 Ita

217 4264 344 4272 ------
350 4264 420 4272 ⁶...-

321 4352 329 4387 1
353 4350 396 4402 Ita
414 4351 589 4404 scribendum
610 4366 669 4403 esee
684 4358 748 4418 puto
762 4368 822 4403 cum
837 4350 994 4403 Hermanno
1008 4359 1059 4404 etc.
1074 4350 1165 4415 (91.1.
1182 4352 1350 4418 llomrnsen).
