2954 4808
221 315 262 382 62
748 305 837 395 [114]

218 517 357 599 plicuere
388 505 584 591 fautoribus,
615 508 772 592 sequentia
804 513 908 571 tuanen
938 509 1131 572 seueritatis
1166 516 1265 574 recto
1300 511 1406 595 aiqore

220 626 293 686 sunt
316 623 414 702 qesta.

222 741 224 743 ’
325 725 355 793 ct
378 718 445 784 Ubi
467 718 498 783 in
522 714 658 802 spodosi
681 735 835 801 praesens
859 723 1045 799 usurpatur,
1071 716 1105 780 in
1126 720 1313 784 sententia
1329 740 1402 784 eou-

220 827 341 894 cessiva
365 830 421 888 sut
451 819 629 906 praesentis
661 819 898 883 coniunctivum
928 825 985 882 aut
1015 822 1190 904 temporis
1226 825 1401 906 praeteriti

219 930 426 997 indicativum
449 925 640 990 collocatum
665 922 826 987 videmus:

326 1058 356 1097 n.
391 1027 651 1094 Praesentis
675 1025 1003 1090 coniunctivus:
1025 1027 1078 1090 20.
1096 1029 1132 1110 3,
1155 1031 1227 1093 iet
1243 1053 1275 1116 q.
1295 1053 1325 1116 q.
1342 1031 1399 1095 boc

222 1155 436 1218 ...semper
460 1132 589 1210 eveniat,
612 1150 675 1194 non
697 1151 818 1214 semper
848 1129 951 1213 dqieit
979 1137 1105 1213 tamen3
1144 1135 1202 1198 29.
1233 1137 1268 1217 2,
1295 1137 1340 1198 24
1370 1142 1398 1199 et

220 1268 249 1330 q.
273 1265 302 1329 q.
334 1241 397 1305 sint
430 1235 532 1301 inulta
565 1240 592 1300 et
623 1236 717 1298 caria
741 1285 748 1300 .
774 1286 781 1300 .
806 1280 813 1294 .
843 1254 950 1318 pauca
983 1241 1089 1298 tamen
1127 1236 1203 1301 diei
1241 1240 1394 1323 &effluet

221 1345 343 1412 Eadem
365 1343 419 1406 lex
442 1339 537 1421 valet,
560 1338 587 1402 si
610 1339 769 1404 sententis
792 1337 975 1403 concessiva
996 1337 1190 1423 primariam
1216 1343 1394 1427 sequitur:

222 1453 273 1516 26.
299 1450 349 1528 10,
376 1448 415 1509 14
444 1463 524 1530 quae
552 1443 672 1507 leuiora
702 1441 889 1529 quibusdam
919 1442 1074 1524 uidentur,
1104 1465 1318 1533 quamquam
1350 1449 1393 1511 sit

222 1572 347 1639 aspero.
719 1637 724 1645 Ι

324 1661 355 1739 β.
389 1649 614 1737 Temporis
639 1648 880 1735 praeteriti
918 1648 1223 1718 indicativus:
1251 1656 1387 1736 2210,

222 1767 242 1830 2
265 1769 293 1828 et
315 1779 506 1847 quamquam
528 1757 563 1820 in
586 1753 791 1838 disceptando
814 1753 1000 1840 aliquotiens
1021 1762 1091 1819 erat
1120 1756 1385 1842 iuteuepestious,

223 1918 231 1934 .
255 1916 264 1932 .
288 1913 315 1948 .,
338 1870 441 1928 tomen
465 1861 554 1926 etrelta
577 1860 644 1923 eius
666 1857 803 1941 definitio
826 1856 934 1922 litisa
962 1877 1033 1922 aero
1054 1858 1236 1925 dissonans
1261 1866 1384 1949 reperi·

222 1979 296 2053 tur3
319 1971 371 2034 22.
397 1968 446 2046 16,
471 1967 510 2028 17
534 1970 561 2028 et
583 1986 612 2049 q.
636 1985 664 2047 q.
688 1969 802 2027 ueteres
818 2010 826 2026 .
843 2012 851 2027 .
869 2011 876 2026 .
891 1963 1034 2048 floruere
1056 1965 1244 2048 conplures,
1274 1974 1382 2032 tamen

222 2097 260 2140 ne
281 2093 365 2138 nuere
387 2069 511 2157 quidem
533 2069 568 2132 in
590 2066 697 2131 eadem
718 2063 796 2130 urbe
817 2065 980 2130 doctrinae
1002 2068 1111 2131 uariae
1133 2069 1252 2152 sitnot3
1278 2074 1332 2136 23.
1348 2076 1379 2154 6,

223 2183 265 2245 54
288 2184 316 2242 et
338 2199 366 2262 q.
389 2197 418 2261 q.
439 2175 589 2258 pleraque
610 2176 683 2234 sunt
714 2168 758 2233 ibi
785 2169 908 2235 deserta
938 2170 999 2235 soti
1029 2192 1188 2256 aqsearum
1219 2179 1378 2258 penaria,

222 2280 378 2370 quaedam
399 2285 503 2342 tomen
526 2273 640 2340 tabent
666 2274 793 2359 oppida.

329 2381 425 2448 Certe
449 2380 537 2446 trulla
558 2379 716 2465 particula
737 2377 823 2465 apud
845 2378 1050 2443 Ammiauum
1077 2379 1256 2466 invenitur,
1290 2404 1374 2469 quae

223 2492 291 2558 sine
315 2489 380 2554 uilo
403 2485 582 2551 sententiae
606 2483 785 2549 discrimine
809 2504 902 2548 usum
925 2488 989 2546 tam
1023 2483 1156 2564 varium,
1188 2490 1259 2549 tam
1294 2487 1373 2550 mire

224 2597 457 2680 discrepantem
474 2609 494 2653 a
510 2589 670 2654 consuetis
684 2593 859 2673 syntaxeos
870 2587 996 2670 legibus
1009 2587 1172 2673 praebeat.
1196 2589 1371 2656 Habemus

224 2702 330 2767 denuo
354 2695 536 2780 exemplum
560 2692 763 2757 manifestum
785 2691 943 2756 absurdae
966 2689 1129 2756 cuiusdam
1159 2695 1371 2778 proprietatis

224 2803 442 2872 Ammiaueaa.
488 2797 573 2862 Seno
595 2796 788 2880 persuadere
811 2793 888 2858 mihi
914 2815 978 2859 non
1009 2816 1136 2881 possum
1160 2794 1370 2862 Ammianum

224 2907 418 2974 nescientem
442 2906 538 2987 atque
560 2899 694 2966 invitum
710 2899 807 2984 leges,
830 2920 910 2984 quas
927 2899 1087 2980 constitui,
1111 2905 1177 2963 tam
1194 2902 1279 2967 mira
1295 2922 1370 2965 con·

222 3009 342 3078 stantia
365 3007 560 3072 observasse.

328 3115 357 3177 3.
390 3109 491 3174 Simili
514 3128 573 3173 uec
596 3114 703 3172 temen
727 3129 832 3193 aeque
858 3106 1003 3173 abstrusa
1028 3107 1152 3171 ratione
1176 3109 1369 3191 particulam

224 3218 323 3284 lieet
345 3213 486 3293 adhibet,
509 3235 573 3298 qua
588 3211 676 3276 nulla
691 3211 848 3298 particula
866 3210 1047 3278 concessiva
1062 3208 1266 3296 frequentius
1284 3212 1370 3298 apud

224 3344 298 3391 oum
321 3319 413 3385 nobis
435 3318 583 3383 occurrit.
628 3317 795 3382 Sententia
816 3316 1005 3381 secundaria
1028 3314 1219 3400 plerumque
1254 3318 1371 3402 prima·

222 3427 302 3492 riam
324 3421 486 3508 praecedit
509 3441 528 3484 a
550 3421 773 3486 coniunctione
795 3427 900 3485 tamen
918 3419 1131 3505 incipientem.
1178 3420 1370 3485 Ammianus

223 3551 293 3596 eam
316 3528 420 3611 legem
445 3526 604 3607 observat,
630 3531 667 3589 ut
688 3530 817 3610 praeter
840 3524 921 3589 duos
942 3523 1031 3588 locos
1063 3522 1308 3589 coniunctivum
1338 3526 1369 3589 iu

222 3635 341 3721 protasi
364 3636 475 3717 ponat,
498 3631 524 3694 si
548 3629 579 3692 in
602 3628 736 3711 apodasi
759 3648 910 3714 praesens
932 3627 981 3691 vel
997 3626 1139 3691 futurum
1157 3632 1291 3711 exstat3
1315 3626 1369 3693 sed

222 3745 349 3822 tempus
371 3735 577 3822 praeteritum
601 3732 696 3798 modo
720 3732 911 3796 indicativus
939 3729 1035 3796 modo
1069 3729 1296 3797 coniunctivus
1322 3754 1371 3798 se·

222 3841 346 3925 quitur:

326 3941 352 4006 1.
376 3961 404 4005 a.
426 3940 464 4005 In
481 3940 601 4027 protasi
617 3961 819 4026 praesens
842 3934 1095 4026 (perfeetum)
1114 3939 1373 4027 coniunctim,

221 4048 253 4111 in
276 4044 408 4131 spodosi
431 4064 643 4128 praesens
666 4043 923 4109 indicativi:

328 4152 376 4213 14.
401 4151 467 4232 6,c
491 4156 520 4213 et
542 4148 614 4213 otim
637 4148 708 4213 lieet
725 4150 848 4228 otiosae
871 4148 934 4212 sint
957 4143 1082 4210 trina.
1105 4193 1113 4208 .
1139 4188 1159 4228 .,
1179 4165 1244 4228 per
1268 4166 1371 4211 omnm

221 4262 325 4320 toronen
347 4258 494 4337 quotquot
523 4259 596 4317 seint
625 4259 733 4337 partes
763 4258 935 4330 terrarum,
967 4255 1001 4313 ut
1032 4246 1164 4313 munina
1194 4252 1372 4340 suscipitur
