2956 4822
550 990 760 1073 lNltEll.

190 1309 266 1371 Quse
284 1309 339 1360 sint
358 1309 590 1376 synoeoismorum
610 1324 714 1375 genens
733 1325 758 1375 o.
777 1308 802 1362 ὁ.
839 1306 916 1369 Quse
935 1308 989 1360 sint
1006 1308 1223 1375 sympolitisrum

84 1411 188 1462 genem
208 1413 233 1461 n.
252 1396 276 1447 7.
313 1395 384 1457 Quid
405 1395 514 1447 intersit
533 1395 603 1446 iuter
622 1395 807 1462 synoeoismos
826 1399 854 1445 et
872 1393 1045 1460 sympolitiss
1064 1409 1090 1459 p.
1108 1393 1133 1445 8.

189 1482 210 1534 Ι.
247 1481 333 1533 Binss
352 1481 463 1534 litterae
484 1480 615 1547 Antigoni
634 1482 710 1544 regis
730 1481 811 1532 Asine
832 1478 866 1532 sd
886 1480 968 1532 Teios
988 1479 1069 1532 dstse
1089 1479 1223 1532 debebo·

86 1570 137 1621 diis
156 1569 240 1620 Teum
261 1568 288 1618 in
308 1568 400 1620 urbem
420 1567 633 1619 transducendis
652 1583 677 1633 o.
699 1567 807 1620 10-17.

190 1655 231 1706 De
253 1655 326 1707 tituli
352 1659 444 1707 eetsts
469 1670 495 1720 o.
516 1654 556 1707 li.
576 1686 607 1696 -
627 1654 667 1705 De
693 1654 765 1705 tituli
792 1663 872 1722 purte
897 1654 1004 1720 perdite
1029 1660 1058 1705 et
1084 1651 1119 1704 de
1142 1652 1224 1704 rebus

84 1743 249 1810 quibusdem
269 1744 296 1794 in
316 1743 487 1809 synueoismo
507 1740 636 1793 faciendo
656 1742 820 1808 plerumque
839 1741 969 1792 institutis
987 1757 1012 1806 p.
1027 1737 1142 1792 18-212
1168 1741 1224 1791 An·

86 1831 173 1895 tigoni
197 1830 315 1881 oonsilio
340 1829 540 1894 synoeoismum
566 1832 718 1893 susceptum
744 1843 802 1879 esse
829 1826 866 1893 (ρ.
889 1825 938 1891 18).
975 1827 1015 1879 De
1040 1825 1169 1879 Lebsdiis
1196 1827 1223 1877 in

86 1917 214 1968 Teiorum
233 1917 374 1967 uiuitstem
392 1915 568 1982 reeipiendis.
601 1917 641 1967 De
654 1915 836 1968 Lebediorum
856 1916 924 1968 urbo
939 1914 1106 1968 destruendo
1118 1912 1156 1979 (ρ.
1171 1913 1224 1976 19).

87 2001 127 2052 De
147 2000 328 2053 Lebediorum
348 2016 418 2066 agro
437 2001 504 2053 Teio
524 2000 660 2053 isoiendo.
698 2001 739 2052 De
758 2003 843 2053 sectis
861 2003 900 2067 (p.
919 2000 972 2064 20).
993 2028 1022 2038 -
1043 2000 1084 2052 De
1108 1999 1225 2065 singulis

87 2088 160 2139 tituli
180 2087 306 2152 pertibus
331 2103 356 2151 p.
375 2086 490 2140 21-49:
517 2085 531 2151 ξ
553 2088 575 2139 1.
601 2087 641 2138 De
661 2097 739 2153 perte
759 2085 890 2139 Lebediis
915 2087 942 2138 in
967 2087 1102 2138 uommuni
1128 2087 1224 2138 Ionum

86 2174 203 2226 oonsilio
232 2172 403 2252 reserusnds
431 2172 470 2239 (p.
488 2171 544 2235 21).
581 2172 595 2238 ξ
620 2171 645 2224 2.
674 2172 717 2223 De
740 2172 851 2224 sedibus
880 2173 929 2224 'l'ei
955 2172 982 2223 in
1002 2173 1071 2223 urbe
1095 2171 1225 2223 Lebediis

88 2260 183 2313 dandis
208 2263 245 2325 (p.
263 2258 317 2323 ⁴22).
358 2257 416 2325 §3-
445 2260 485 2311 De
510 2261 669 2326 sepulturae
694 2259 756 2310 loeo
782 2258 884 2312 eisdem
910 2258 1088 2311 attribuendo
1115 2258 1153 2325 (p.
1171 2257 1225 2323 24).

88 2346 145 2408 54.
173 2346 214 2397 De
232 2345 415 2398 Lebediorum
435 2361 500 2397 sors
519 2345 610 2397 elieuo
629 2344 667 2411 (p.
689 2346 742 2408 ‘Ml
780 2342 839 2408 ξό.
875 2346 913 2397 De
939 2345 978 2396 sis
1005 2345 1051 2413 qui
1077 2345 1225 2412 priuilegio

89 2449 106 2484 s
124 2430 307 2485 Lebedioruns
334 2432 446 2483 uiuitote
473 2432 630 2497 noospsrint
656 2431 692 2498 (p.
712 2431 767 2491 to).
809 2430 870 2496 §ii
898 2431 1003 2493 Quibus
1027 2431 1136 2497 legibus
1162 2432 1225 2484 lites

88 2527 116 2571 et
152 2519 225 2570 inter
259 2517 381 2570 eiusdem
416 2517 537 2569 uiuitstis
570 2523 598 2568 et
631 2518 702 2568 inter
739 2517 882 2584 utriusqus
915 2518 1037 2570 uiuitstis
1074 2518 1150 2569 ciues
1185 2520 1225 2569 di·

91 2603 252 2657 iudionndso
281 2602 335 2655 sint
366 2602 403 2669 (p.
427 2602 561 2667 95--30).
607 2602 622 2668 5
646 2605 669 2656 7.
706 2602 847 2664 Quomodo
874 2604 942 2655 illue
972 2619 1073 2655 osusee
1101 2605 1225 2670 ngendse

89 2692 143 2742 sint
163 2692 200 2757 ip.
219 2689 344 2755 30-32).
380 2688 438 2756 58.
466 2691 507 2742 De
527 2692 635 2757 legibus
661 2706 750 2742 noune
772 2691 879 2742 oiuireti
906 2689 1011 2742 (iendis.
1049 2691 1089 2743 De
1108 2691 1224 2743 (luorum

89 2777 196 2843 legibus
233 2777 340 2829 interim
379 2777 447 2829 rutis
482 2775 618 2828 isoieudis
647 2778 684 2843 (p.
708 2774 841 2841 tls-37).
891 2775 906 2841 ὅ
933 2775 957 2829 9.
999 2777 1040 2827 De
1067 2778 1224 2830 muneribus

90 2863 215 2928 publicis.
252 2864 293 2915 De
320 2863 446 2916 Teiorum
480 2863 545 2915 urbe
571 2865 598 2916 in
621 2859 774 2934 χερσόνησον
799 2861 993 2915 transferendo
1022 2863 1060 2930 (p.
1087 2862 1225 2930 37-40).

89 2948 103 3013 ξ
124 2949 164 3004 10.
193 2950 235 3001 De
257 2964 287 3000 rs
313 2951 497 3002 frumenteriis
521 2951 685 3017 synoeuismi
712 2950 872 3002 instituendi
898 2957 1020 3016 tempore
1046 2950 1154 3014 publius
1178 2965 1226 3000 ou·

90 3035 178 3087 rende
206 3036 243 3102 (p.
267 3037 393 3100 40-41).
435 3035 450 3101 ξ
475 3038 514 3089 11.
550 3038 590 3088 De
618 3037 777 3089 odiunsnds
805 3038 1004 3088 frumentorum
1033 3036 1226 3103 expos-tatione

88 3124 127 3187 (p.
146 3121 269 3188 tr-su).
311 3122 388 3187 §un
423 3123 464 3174 De
484 3123 591 3174 Vluiris
616 3126 788 3190 syuosoismo
814 3121 982 3175 moderando
1001 3122 1039 3189 (p.
1057 3122 1113 3186 46).
1131 3153 1166 3161 -
1184 3121 1226 3172 De

90 3210 175 3260 altero
202 3209 293 3262 edioto
319 3208 356 3275 (p.
374 3208 429 3274 46).
471 3211 486 3270 5
508 3208 546 3262 13.
579 3210 619 3260 Du
644 3211 739 3275 pretiis
765 3209 906 3261 domorum
932 3210 1059 3261 Lebsdiis
1084 3207 1225 3262 soluendis

91 3295 178 3360 inti
198 3295 259 3363 sq.).
296 3295 371 3360 §¹⁴-
401 3296 440 3346 De
458 3297 559 3362 legetis
578 3296 612 3348 sd
633 3296 749 3349 (luorum
771 3298 910 3349 eluitstom
931 3296 1080 3348 mittendis.
1117 3296 1157 3347 De
1176 3296 1225 3348 do·

91 3383 178 3433 mibus
201 3380 349 3446 seligendis
376 3382 414 3448 (p.
433 3382 468 3434 48
486 3381 548 3450 sq.).
574 3413 605 3424 -
632 3384 773 3446 Quomodo
800 3385 952 3451 Antigonus
980 3399 1040 3435 oum
1068 3384 1225 3434 uiuitstibus

88 3469 202 3521 Grseois
222 3484 304 3534 egere
324 3471 499 3522 consueuerit
517 3486 543 3535 p.
556 3470 591 3522 50
608 3486 658 3538 sq„
678 3477 761 3539 etque
781 3471 846 3539 quid
868 3469 902 3522 de
929 3469 1091 3522 oiuitstibus
1116 3472 1151 3520 eb
1178 3469 1224 3521 illo

89 3553 209 3607 conditis
240 3555 419 3622 Lysimsohus
454 3563 482 3609 ot
515 3557 645 3608 Seleucus
677 3557 833 3609 leniendum
868 3556 1015 3608 statuerint
1052 3571 1078 3622 p.
1103 3556 1225 3609 olant.

89 3643 130 3693 De
160 3641 308 3694 Iliensibus
340 3650 425 3710 stque
461 3642 495 3695 de
532 3643 683 3696 uiuitstiunr
716 3642 835 3696 Troadis
872 3644 990 3695 coneilio
1024 3643 1060 3708 (p.
1085 3643 1138 3705 ot).
1184 3642 1226 3693 De

90 3729 242 3794 Antigonia
261 3728 295 3780 sd
315 3729 447 3781 Orontem
467 3731 520 3782 sits
539 3732 577 3796 (p.
590 3729 644 3793 ῠῖ).
681 3730 722 3782 De
735 3730 906 3783 Alexandria
918 3729 1027 3782 Troade
1046 3731 1083 3796 (p.
1096 3727 1151 3794 ῠῖ).
1185 3728 1226 3779 De

90 3813 192 3867 Nissos
212 3816 250 3883 (p.
269 3815 323 3882 53).
361 3817 401 3868 De
420 3818 537 3884 Smyrna
556 3817 593 3884 (p.
612 3817 666 3881 63).
705 3819 746 3869 De
764 3817 943 3885 Ephesiorum
964 3818 1133 3883 synosoismo
1152 3833 1179 3884 p.
1191 3815 1224 3868 54

89 3900 165 3954 -os
201 3900 280 3964 Quod
308 3903 451 3954 eonsilium
472 3903 629 3969 Antigonus
655 3904 682 3954 in
702 3904 831 3955 'l'eiorum
857 3904 1029 3970 synoeoismo
1055 3899 1226 3955 instituendo

89 3989 409 4057 smmmnfflm

192 4076 228 4127 ΙΙ.
265 4075 377 4128 Psetum
397 4075 598 4143 sympolitiuum
618 4077 690 4128 inter
704 4077 869 4143 Smyrnaeus
884 4084 910 4128 et
925 4077 1066 4141 Magnetes
1078 4075 1226 4144 Sipylenos

48 4168 52 4176 “
90 4173 252 4213 renuentum
272 4178 299 4229 p.
317 4159 428 4214 61-(18,

193 4231 233 4282 De
254 4232 325 4282 tituli
344 4242 437 4282 setsss
464 4235 547 4299 etque
572 4230 606 4283 ds
631 4248 720 4288 rerum
740 4232 855 4284 Seleuco
874 4232 901 4284 Il
927 4240 1062 4299 regnante
1087 4237 1225 4298 gestarum

88 4318 271 4384 chronologis
299 4335 324 4384 p.
349 4316 461 4371 tls-80.
505 4319 646 4381 Quomodo
674 4336 766 4372 esrum
794 4336 884 4372 rerum
910 4321 1068 4374 testimonis
1096 4323 1168 4373 inter
1196 4336 1226 4372 se
