2948 4808
534 296 575 308 -
620 258 685 348 [87]
731 301 772 311 -
1181 275 1216 335 ιι

172 447 309 512 Praeter
339 448 423 515 hanc
455 451 577 516 nuliam
609 451 810 540 deprehendi
846 455 881 519 in
909 455 1065 544 Aeschyli
1102 459 1222 526 fabulis

87 552 265 639 stropham,
288 553 321 616 in
344 575 408 639 qua
431 554 634 621 choriambus
658 578 731 622 cum
753 559 899 625 iambicis
922 559 1060 647 dipodiis
1083 562 1219 650 integris

86 658 338 722 consociaretur.
383 657 487 722 Multa
516 668 626 726 autem
656 668 770 726 extant
798 666 966 751 exempla,
1002 665 1118 751 quibus
1149 669 1220 732 aliis

85 761 234 826 versibus
257 762 437 827 intermixti
468 769 542 827 sunt
566 764 759 848 choriambi,
792 789 925 853 quorum
954 778 1063 835 tamen
1091 778 1217 859 partem

84 890 144 955 pro
168 868 367 953 logaoedicis
391 868 532 955 dipodiis
556 871 759 937 catalecticis
782 872 896 940 haberi
921 896 1018 961 posse
1036 876 1219 943 conceden-

85 971 247 1038 domest.
291 972 410 1037 Notavi
434 973 551 1039 hosce:

374 1094 483 1180 suppl.
506 1097 677 1161 538—546
694 1127 734 1151 ι·-
751 1101 932 1181 547-555.

193 1199 350 1291 [παλαιὸν
371 1197 399 1270 d’
417 1201 465 1285 εἰς
486 1200 574 1288 ἴχνος
594 1206 753 1292 μετέσταν

190 1306 330 1393 ματέρος
352 1300 558 1393 ἀνθονόμους
579 1308 730 1392 ἐπιστὰς,

190 1412 332 1497 kinnim
354 1408 512 1496 βούχιλον,
537 1410 630 1480 ἔνθεν
649 1408 700 1480 'ici

190 1511 310 1623 οἴστρῳ
331 1513 528 1623 (ἕρεσσομένα

189 1626 300 1689 φεογει
323 1627 530 1688 αμαρτινοος,

189 1701 297 1772 πολλοὶ
319 1708 444 1793 βροτῶν
466 1707 714 1798 διαμειβομένα]

187 1811 285 1898 φῦλα,
309 1809 385 1899 διχῆ
406 1804 617 1898 δ’ἇπῖπορον
1164 1849 1211 1887 ru

187 1919 283 2001 μαῖαν
305 1911 339 1979 ἕν
361 1909 442 2002 αἴσᾳ
465 1912 684 1999 διατέμνοοσα
706 1911 811 2001 πόρον
832 1914 994 2001 κυματίαν
1017 1911 1132 2003 ὁρίζει·

82 2037 161 2102 Exit
184 2037 282 2123 igitur
304 2037 385 2102 haec
409 2038 542 2124 stropho
565 2038 757 2125 iognoedica
779 2041 812 2104 in
835 2040 895 2104 hos
916 2062 1047 2105 versus:

79 2360 158 2425 quos
182 2338 412 2426 Westphalius
434 2339 494 2405 11²
516 2364 548 2428 p.
564 2343 620 2406 831
651 2347 685 2407 et
707 2338 868 2406 Christius
885 2340 898 2381 ²
917 2363 948 2428 p.
967 2344 1029 2404 roo
1054 2341 1212 2406 choriam-

78 2442 167 2507 bicos
190 2444 211 2509 i.
235 2463 263 2507 e.
288 2442 496 2528 logaoedicos
519 2465 592 2509 esse
615 2446 737 2510 volunt.

161 2565 231 2628 Hos
254 2586 382 2651 quoque
407 2587 523 2632 versus

366 2688 484 2773 Agam.
509 2690 675 2751 tto-771
696 2720 736 2742 =
755 2690 919 2753 rso-781

303 2794 431 2884 θράσος
452 2795 610 2884 μελαίνας
630 2795 849 2888 μελάθροισιν
864 2796 976 2879 Ἄτας,
1159 2832 1205 2871 rro

301 2898 471 2987 cidonitae
491 2906 641 2971 τοκεῦσιν

74 3188 289 3276 Westphal‚¹)
305 3190 336 3256 J.
351 3189 395 3254 H.
411 3189 526 3256 Heinr.
545 3187 731 3269 schmidffl)
755 3186 939 3254 Bernhardi
952 3188 977 3270 ³)
999 3185 1208 3271 logaoedicos

73 3301 198 3374 vocant,
223 3295 370 3379 quamvis
394 3293 597 3359 choriambon
614 3289 830 3357 ascendentes
852 3298 996 3357 statuere
1013 3291 1068 3355 vix
1083 3293 1207 3358 minore

73 3398 141 3462 inre
165 3397 278 3479 liceat,
302 3419 374 3462 cum
398 3398 592 3484 praesertim
615 3393 715 3461 iambi
737 3394 936 3483 praecedere
960 3393 1141 3460 videantur.

72 3622 169 3693 Agam.
189 3621 250 3686 437,
274 3621 344 3676 7-9
369 3621 474 3677 ionicoe
500 3621 611 3677 ordines
629 3621 756 3677 iambicis
774 3619 913 3676 admixtos
936 3637 995 3674 esse
1013 3622 1103 3691 putat.
1139 3619 1207 3674 Her-

69 3725 195 3776 mannns‚
214 3707 315 3777 ringer,
332 3707 357 3762 J.
372 3708 407 3762 H.
422 3708 456 3763 H.
470 3706 597 3764 Schmidt
615 3709 720 3763 ionicos
738 3707 871 3762 retractos
890 3707 1001 3762 subesse
1020 3706 1205 3776 auspicentur,

68 3792 222 3849 bernhardi
247 3792 293 3861 (de
316 3795 396 3848 torres
418 3811 470 3849 usu
488 3812 515 3865 p.
533 3796 756 3865 altglyconeos.
792 3796 830 3848 At
854 3792 1005 3848 verisimile
1030 3809 1084 3846 non
1108 3795 1150 3846 est
1174 3793 1203 3846 in

67 3886 125 3938 tam
144 3899 230 3954 parvo
248 3886 400 3952 systemate
417 3882 616 3937 descendentes
634 3899 728 3938 versus
751 3900 814 3936 curn
837 3881 964 3936 iambicis
990 3885 1019 3934 et
1040 3881 1140 3934 ionicis
1163 3881 1204 3935 di·

67 3971 158 4041 podiis
178 3988 237 4026 esse
254 3970 365 4026 mixtos.

137 4063 157 4122 ¹)
176 4059 280 4113 Metrih
298 4058 345 4112 11²
363 4076 390 4128 p.
409 4057 469 4112 5³3.

133 4151 155 4216 ²)
175 4145 360 4214 Eurhythmie
378 4163 404 4215 p.
425 4144 482 4199 lto.

134 4237 154 4300 ⁸)
175 4233 214 4287 Dc
233 4236 313 4285 tonas
332 4249 382 4284 usu
402 4248 427 4299 p.
449 4232 487 4285 13.
