2954 4816
707 296 776 410 [m

329 494 419 570 parte
442 494 650 571 usurpantur:
673 485 750 551 iliud
773 485 824 550 IV
847 488 877 568 6,
900 486 932 570 3,
957 485 1018 551 hoo
1039 487 1092 552 III
1117 488 1166 567 10,
1192 491 1228 571 13
1262 488 1314 553 IV

338 594 384 669 14,
407 595 443 670 4,
469 594 517 670 16,
540 612 586 676 pr.

280 697 308 756 9.
350 693 424 759 Nou
454 697 555 760 colum
657 696 711 761 aed
743 697 837 760 etium
868 696 935 777 (vel
965 695 1020 760 sed
1050 703 1078 761 91
1106 696 1157 760 vel
1185 696 1253 779 aad)
1278 697 1312 761 in

174 795 318 860 omnibus
341 797 429 862 libris
451 820 554 884 aequo
578 799 674 865 modo
690 800 723 862 in
746 820 804 864 usu
829 805 897 881 est3
920 801 995 863 item
1017 821 1080 864 uou
1102 806 1223 864 tautum
1247 849 1255 865 .
1275 852 1308 868 ..

174 899 230 962 sed
253 902 348 965 etiam
369 900 450 983 (et).
496 902 590 976 Quod
620 911 729 968 autem
760 903 808 967 bis
836 903 870 966 in
900 902 1002 967 altero
1026 903 1168 968 membro
1196 905 1314 989 legitur

175 1005 398 1068 verumetiam
422 1005 469 1086 (Π
492 1011 522 1086 4,
543 1008 580 1089 2,
606 1004 718 1090 18,1),
741 1005 772 1070 11
796 1006 877 1071 adeo
901 1007 941 1070 ab
965 1027 1016 1089 99,
1039 1008 1094 1093 qui
1116 1008 1313 1092 posteriores

175 1106 272 1172 libros
297 1111 492 1193 composuit,
516 1111 693 1196 respuitur,
716 1116 769 1193 ut,
793 1111 847 1175 ubi
870 1111 956 1194 apud
979 1111 1191 1197 antiquiorem
1213 1112 1311 1197 scrip·

174 1216 287 1292 torem,
319 1212 408 1277 cuius
439 1215 537 1278 verba
560 1214 730 1295 exscribit,
760 1214 839 1278 illud
864 1222 1052 1299 usurpatum
1084 1215 1214 1298 invenit,
1238 1238 1312 1280 cum

175 1317 337 1401 particulis
368 1317 423 1382 sed
452 1321 546 1382 ettam
577 1325 755 1402 permutet:
789 1315 837 1381 IV
861 1322 890 1398 4,
913 1321 932 1381 2
955 1318 1140 1383 99999199
1242 1320 1313 1384 aed

174 1424 308 1505 etiam,
332 1423 386 1488 cfr.
410 1421 469 1485 Gai
491 1423 563 1487 inst.
585 1423 637 1487 III
661 1426 740 1488 221:
841 1444 976 1488 aarum
998 1425 1134 1487 etiam.

281 1528 330 1591 10.
376 1525 488 1591 Potius
501 1565 541 1573 -
557 1549 652 1612 quam
663 1528 780 1593 frustra
795 1549 929 1613 quaeras
945 1531 978 1594 in
994 1528 1150 1613 prioribus
1166 1528 1262 1610 libris,
1278 1530 1310 1593 in

178 1630 407 1715 posterioribus
439 1636 545 1695 autem
577 1640 625 1695 ter
648 1638 836 1717 usurpetur:
870 1633 922 1696 ΙΙΙ
950 1634 1050 1714 27,6
1084 1637 1119 1694 91
1152 1632 1312 1697 distrahat

172 1735 315 1816 potius
347 1736 505 1818 capotium
535 1755 650 1818 quam
684 1735 860 1814 contrabat,
895 1734 950 1798 cfr.
973 1735 1021 1798 IV
1052 1738 1085 1815 1,
1110 1739 1167 1818 14;
1203 1739 1258 1818 15,
1282 1741 1311 1801 4.

176 1840 299 1906 Eodem
323 1840 419 1906 moda
443 1839 475 1902 in
498 1860 557 1903 usu
581 1847 629 1905 est
651 1841 906 1924 mucia—quam
928 1838 981 1903 III
1004 1841 1056 1919 21,
1078 1842 1097 1903 6
1121 1841 1253 1922 mauis
1275 1846 1311 1904 ut

173 1965 274 2028 supra
297 1946 434 2011 dicimus
456 1967 494 2010 aa
516 1945 673 2009 distractu
696 1964 812 2028 quam
834 1965 871 2008 99
887 1950 1060 2025 contractu,
1084 1943 1138 2008 cfr.
1161 1944 1258 2026 1116,
1277 1948 1306 2011 9.

174 2049 212 2112 In
235 2048 323 2114 libris
346 2050 363 2114 Ι
386 2055 419 2114 91
440 2049 475 2114 Π
497 2049 558 2115 hoc
589 2069 686 2114 unum
714 2050 746 2114 in
769 2070 830 2113 usu
861 2048 1009 2113 habetur:
1041 2047 1057 2112 Ι
1083 2050 1133 2131 16,
1156 2051 1175 2113 5
1199 2048 1310 2134 quibua

176 2160 280 2218 autem
314 2154 455 2238 11991199
483 2155 614 2236 99919
643 2173 755 2238 quam
787 2160 889 2217 statue
907 2159 1112 2237 permutatur
1128 2153 1139 2236 11
1155 2153 1191 2218 ΙΙ
1213 2158 1265 2235 23,
1290 2157 1307 2218 7

174 2258 263 2324 uobis
284 2260 319 2323 19
340 2258 458 2344 leuibus
487 2261 618 2343 919919
646 2260 833 2343 9999119199
862 2278 972 2342 quam
999 2258 1177 2341 difficultas
1197 2259 1309 2344 placet.

174 2363 230 2426 Bis
253 2363 286 2426 in
309 2363 390 2428 libro
412 2363 447 2427 Π
462 2361 576 2446 (1,25)
595 2366 704 2447 potius
727 2364 809 2444 (sine
833 2362 942 2448 quam)
966 2368 1040 2447 post
1062 2385 1104 2427 au
1127 2365 1304 2432 invenitur:

173 2475 280 2534 utrum
302 2471 330 2533 ia
351 2470 405 2554 qui
422 2468 538 2552 fecerit
559 2489 603 2531 au
625 2469 677 2532 1119
694 2469 837 2552 petius
866 2471 921 2553 qui
944 2467 1028 2550 ...ΙΙ
1043 2468 1165 2552 placuit
1187 2517 1244 2535 ...
1279 2473 1309 2536 ai

174 2593 212 2637 ea
243 2574 358 2657 speeies
390 2572 433 2635 ad
463 2573 630 2635 materiam
660 2572 769 2636 reduci
786 2574 906 2655 possit,
936 2593 1005 2638 eum
1026 2574 1127 2639 uideri
1149 2574 1320 2639 domiuum-

173 2699 245 2758 esae,
276 2680 330 2764 qui
351 2676 500 2743 materiae
523 2675 669 2739 domiuus
682 2676 810 2759 fuerat,
833 2679 862 2741 ei
882 2699 946 2742 uou
963 2681 1066 2762 possit
1087 2679 1213 2760 reduci,
1239 2700 1309 2744 eum

172 2784 318 2865 potius
340 2783 478 2864 iutcdeqe‘
500 2781 662 2845 doctiorum
684 2781 738 2866 qui
750 2781 876 2863 fecerit.

278 2891 327 2952 11.
381 2884 524 2970 Namque
552 2885 708 2969 particula
738 2885 838 2948 rarius
871 2886 904 2949 in
933 2885 1020 2951 libris
1053 2887 1068 2951 I
1100 2893 1133 2951 91
1156 2886 1191 2950 II
1214 2887 1309 2969 (ter),

171 2993 298 3077 saepius
320 2993 352 3056 in
377 2991 465 3056 libris
488 2990 541 3053 III
563 2995 596 3053 et
618 2987 667 3052 IV
682 2987 884 3072 (duodecies)
908 2990 1025 3075 scripta
1048 2997 1111 3056 est:
1134 2991 1151 3055 Ι
1174 2993 1226 3072 21,
1241 3012 1306 3076 pr.;

173 3095 375 3180 ΙΙ4,2;5,
400 3093 562 3174 131111‚
587 3097 640 3173 11,
665 3096 752 3176 6,1;
779 3096 827 3172 13,
854 3099 886 3169 1ς
913 3096 1139 3177 119116,
1166 3099 1306 3179 1;6,4;

173 3201 202 3278 6,
226 3202 285 3281 39;
310 3201 337 3280 1,
363 3202 398 3277 33
427 3203 475 3279 ll,
498 3220 562 3283 pr.;
589 3199 638 3279 15,
653 3201 683 3278 4,
708 3217 767 3261 999
789 3197 922 3262 interest
945 3205 1053 3263 utrum
1076 3201 1222 3284 proxima
1243 3221 1307 3264 vox

173 3303 320 3367 alittera
343 3303 444 3367 vocali
467 3301 597 3385 incipiat
626 3321 667 3364 an
691 3321 709 3363 a
736 3307 943 3366 consonante.
990 3301 1196 3387 Quantopere
1217 3324 1307 3368 uam·

171 3428 228 3491 que
251 3406 456 3492 compositori
478 3405 693 3489 posteriorum
715 3404 869 3470 librorum
897 3405 927 3468 in
958 3403 1077 3470 deliciis
1099 3407 1210 3488 fuerit,
1233 3406 1308 3472 inde

172 3510 380 3594 intellegitur,
403 3508 488 3594 quod
513 3509 608 3574 etiam
631 3509 669 3572 iis
693 3508 780 3592 locis,
805 3507 920 3595 quibus
937 3509 1036 3574 Gaius
1059 3511 1141 3574 cuim
1164 3508 1307 3594 dederat,

172 3634 229 3698 pro
253 3614 334 3677 euim
357 3613 520 3678 substituit
542 3633 692 3699 namque:
715 3613 763 3677 IV
789 3616 817 3693 8,
840 3616 860 3676 2
883 3634 1052 3699 namque
1075 3621 1144 3679 erat
1165 3616 1308 3699 iniquum

172 3716 246 3794 (Gai
268 3717 339 3782 inst.
366 3715 414 3779 IV
439 3721 478 3782 15
502 3719 696 3781 eratenim
719 3717 876 3803 iniquum)
892 3720 904 3799 ΙΙ
921 3721 951 3799 8,
974 3721 993 3782 6
1024 3740 1195 3804 namque
1225 3721 1308 3784 iuter

172 3820 333 3885 domiuum
355 3828 383 3885 91
398 3842 476 3904 eum,
499 3822 554 3906 qui
576 3871 609 3886 ..
633 3821 708 3901 (Gai
732 3821 1032 3887 runciviacum
1057 3825 1157 3888 cuim
1180 3824 1305 3889 omniuo

172 3926 254 3990 iuter
277 3946 324 3989 me
346 3932 373 3989 91
396 3946 473 4005 eum,
496 3927 575 4010 qui).

279 4030 327 4094 12.
376 4026 496 4113 Utpote,
519 4051 582 4114 qua
603 4031 763 4116 particula
781 4032 947 4117 participii,
971 4033 1056 4117 qued
1080 4032 1308 4098 enuntiationis

173 4131 379 4198 secundariae
402 4134 469 4198 vice
490 4133 644 4218 fungitur,
668 4135 715 4199 vis
738 4136 873 4201 causalis
889 4144 1035 4221 augetur,
1059 4138 1118 4201 bis
1140 4136 1306 4223 participio

274 4233 324 4299 ΙΙΙ
358 4241 389 4319 1,
426 4239 465 4301 14
497 4238 717 4303 exheredatum
744 4241 856 4323 sace-re
893 4247 1031 4325 utpote
1063 4243 1151 4306 99119
1183 4242 1307 4306 9199919

276 4361 316 4405 co
323 4343 396 4425 pul
403 4347 510 4407 atum
533 4341 693 4429 (Theoph.
709 4340 772 4408 919
793 4347 900 4428 μηδενὶ
923 4350 1044 4435 φυσικῷ
1057 4348 1165 4435 δεσμῷ
1178 4344 1307 4426 apertori·
