2962 4800
244 621 352 707 Atque
383 622 462 687 adeo
490 622 665 687 evidentius
688 623 855 708 apparebit
877 624 909 687 id
932 623 1016 708 quod
1039 646 1134 710 supra
1156 646 1270 711 propo·

142 727 270 809 suimus,
293 747 396 811 pauca
418 734 542 790 tantum
565 728 698 811 vestigia
720 727 805 791 illius
828 727 1002 813 imperfecti
1021 750 1094 792 usus
1116 730 1218 815 primo
1241 752 1270 795 a.

141 830 215 895 Chr.
232 852 263 894 n.
280 830 405 894 saeculo
430 831 587 895 exstitisse
602 832 634 895 in
650 852 793 895 sermone
811 831 946 915 vulgari,
970 833 996 895 si
1011 840 1043 896 et
1058 832 1270 900 Petronianae

141 941 173 999 et
194 934 394 1019 Apuleiauee
425 934 612 998 elocutionis
645 935 803 998 rationem
824 934 1036 1000 habuerimus.
1081 935 1165 1000 Nam
1187 939 1271 1023 apud

140 1039 341 1119 Petronium,
377 1045 412 1101 ut
435 1040 580 1103 omittam
603 1038 809 1123 potentialem
831 1059 925 1122 quem
947 1046 1060 1102 vocant
1083 1041 1271 1107 coniunctivi

141 1165 242 1226 usum,
265 1143 367 1229 qualis
382 1164 453 1207 cum
468 1142 538 1206 aliis
561 1150 628 1206 tum
647 1148 804 1224 putarem,
828 1142 983 1205 crederem
1006 1141 1116 1207 formis
1138 1152 1271 1228 constet,

140 1247 261 1311 nullum
285 1247 463 1331 imperfecti
485 1247 565 1310 coni.
588 1245 629 1309 ad
652 1245 858 1330 praeteritum
882 1246 1077 1330 respicientis
1103 1248 1272 1331 vestigium

140 1350 286 1414 cernitur.
332 1348 453 1414 Verum
483 1349 577 1413 latius
598 1349 630 1411 in
654 1348 719 1412 dies
742 1349 881 1433 patuisse
904 1349 1092 1413 coniunctivi
1115 1350 1204 1435 impf.
1230 1351 1271 1415 ad

140 1474 287 1538 praesens
310 1451 360 1517 vel
382 1452 524 1516 futurum
545 1457 669 1536 tempus
684 1452 879 1536 respicientis
894 1473 985 1517 usum
1002 1474 1173 1536 cognoscas
1188 1476 1271 1520 com·

139 1577 254 1641 perans
284 1555 411 1620 Petron.
436 1558 454 1618 8
475 1576 504 1638 p.
530 1557 579 1635 10,
605 1554 695 1620 led.
720 1553 932 1620 Buechelerss:
963 1558 992 1620 si
1022 1557 1129 1636 scires,
1160 1559 1271 1642 inquit,

140 1681 218 1744 qace
239 1658 317 1723 miti
339 1659 519 1723 acciderant
534 1678 606 1722 cum
629 1655 769 1721 eiusdem
784 1659 909 1741 generis
929 1660 1100 1723 enuntiatis
1115 1660 1271 1725 Plautinis

140 1771 172 1828 et
199 1763 426 1842 Ciceronianis,
460 1764 492 1827 iu
525 1762 637 1848 quibus
669 1762 843 1847 praesentis
876 1763 1093 1827 coniunctivus
1127 1765 1157 1826 sr'
1186 1765 1272 1829 scr'cs

139 1869 284 1952 usurpari
306 1854 395 1933 solet.

241 1996 353 2083 Neque
369 1998 401 2061 in
416 1997 504 2062 libris
519 1996 717 2082 Apuleiana,
732 1998 758 2062 si
773 2019 792 2061 a
807 1996 975 2083 potentiali
990 1997 1045 2061 illo
1062 2018 1156 2082 quem
1174 2018 1271 2083 supra

138 2101 274 2165 diximus
311 2101 500 2165 coniunctivi
536 2108 595 2164 u‘su
629 2101 811 2181 recesseris,
848 2101 949 2164 ullum
984 2101 1160 2185 imperfecti
1195 2122 1268 2165 cum

140 2207 268 2269 notione
291 2205 452 2290 praeteriti
474 2205 567 2290 positi
584 2205 751 2287 vestigium
767 2205 922 2289 reperitur
936 2211 1063 2289 praeter
1078 2204 1155 2270 Met.
1169 2208 1195 2283 l,
1210 2207 1269 2270 26:

139 2309 316 2374 dicerem
346 2309 429 2393 quod
457 2308 600 2388 sciebam,
631 2308 660 2371 si
682 2307 827 2393 loquendi
853 2308 944 2392 copia
972 2309 1270 2392 suppeditaret.

138 2411 207 2477 Nec
236 2419 343 2476 tamen
375 2411 452 2475 mihi
474 2410 599 2475 videtur
621 2411 679 2475 hoc
702 2412 885 2496 exemplum
908 2411 1109 2476 referendum
1132 2433 1200 2476 esse
1229 2411 1270 2476 ad

138 2516 275 2600 plurima
297 2515 361 2592 illa,
384 2536 465 2600 quae
487 2535 583 2599 supra
606 2535 646 2577 ex
668 2513 783 2578 Plauto
808 2520 843 2582 et,
868 2512 1022 2578 Cicerone
1045 2515 1269 2597 congessimus,

139 2619 194 2683 sed
217 2618 386 2701 vestigium
412 2618 516 2702 potius
546 2638 613 2681 esse
635 2617 719 2681 illius
741 2617 974 2700 depravationis
997 2625 1029 2679 et
1050 2617 1267 2700 corruptionis,
1315 2658 1317 2663 .

139 2742 234 2806 quam
256 2719 328 2785 inde
352 2743 371 2784 a
394 2720 497 2784 medio
520 2719 585 2784 lere
601 2718 736 2784 secundo
752 2741 782 2804 p.
799 2719 872 2783 Chr.
889 2741 918 2783 n.
936 2721 1060 2783 sacculo
1075 2720 1106 2783 in
1127 2720 1269 2803 linguam

139 2824 270 2887 latinam
299 2823 472 2908 obrepsisse
502 2829 614 2887 notum
637 2829 694 2887 est.
738 2822 791 2886 Illi
813 2823 911 2907 igitur
932 2822 1073 2887 eiusdem
1095 2822 1287 2902 Metamorg

138 2927 276 3011 phoseon
299 2927 372 2990 libri
394 2928 462 2991 loco
483 2927 567 2990 hunc
594 2928 851 3011 comparaverim,
881 2947 942 3010 quo
973 2926 1059 2995 nullo
1089 2926 1266 2993 discrimine

140 3030 272 3115 perfecti
303 3037 336 3095 et
369 3029 671 3115 plusquamperfecti
704 3030 895 3094 coniunctivi
927 3031 1010 3095 inter
1041 3053 1074 3096 se
1107 3031 1269 3096 commixti

139 3136 298 3220 leguntur.
