2962 4800
653 289 726 374 [aa]
1214 291 1255 356 ar

124 486 239 550 Aken¹
265 486 388 551 collatis
421 484 564 548 Platonis
590 483 698 568 Symp.
718 485 779 546 217
805 483 850 562 B·,
873 484 900 545 εἰ
923 482 1090 566 ψεύδομαι,
1114 483 1254 567 eddium

121 599 154 656 et
177 591 215 655 iis
237 590 401 674 exemplis,
424 590 456 653 in
479 589 594 673 quibus
609 588 635 651 εἰ
651 587 682 650 δὲ
697 585 743 669 μή
766 585 971 651 indicativum
994 589 1147 674 sequitur,
1170 588 1256 654 velut

123 696 216 760 Dem.
233 698 284 775 44,
301 698 352 762 57.
397 691 519 757 Eadem
542 691 804 776 interpretatione
819 692 964 775 Draegcr
979 712 1054 756 usus
1076 689 1160 775 (115
1176 691 1253 774 548)

124 800 319 884 comparavit
341 795 504 863 Saltem.
522 798 572 874 52,
596 798 652 861 32:
676 816 783 859 oerum
803 797 926 879 parcite
948 795 1095 880 dipnitati
1117 795 1255 879 Lentuli,

120 906 149 968 si
170 905 236 988 ipae
254 902 440 987 pudicitiae,
463 902 491 964 si
504 900 620 984 famae
642 921 718 965 suae
740 920 887 985 umquam
906 901 1052 984 pepercit.

222 1007 252 1071 N
255 1028 292 1073 eo
315 1006 418 1090 magis
440 1025 477 1069 es
494 1012 549 1072 ,est
568 1004 697 1090 propria
713 1004 906 1068 coniunctivi
922 1004 978 1083 vis,
1001 1011 1036 1068 ut
1052 1003 1120 1068 fieri
1136 1002 1255 1089 aliquid

120 1119 176 1176 aut
207 1132 301 1196 posse
330 1116 385 1173 aut
414 1130 477 1173 non
505 1130 600 1193 posse
631 1108 759 1172 indicet.
811 1107 915 1173 Immo
949 1115 1117 1192 utrumque
1147 1129 1255 1172 earum

121 1235 227 1279 rerum
247 1210 388 1299 pondere
412 1211 557 1292 efficitur,
581 1232 662 1297 quae
686 1232 727 1275 ne
749 1233 800 1276 res
824 1212 1008 1277 conficiatur
1028 1211 1255 1296 impedimento

121 1326 205 1382 sunt.
250 1316 293 1381 Et
315 1338 379 1402 quo
402 1315 523 1380 maiora
546 1315 709 1381 imminent
733 1315 908 1397 obstacula,
938 1316 1108 1402 quominus
1132 1337 1170 1380 ea
1199 1317 1255 1380 fiat

121 1423 215 1503 actio,
245 1443 327 1507 quae
357 1441 429 1484 oum
452 1419 637 1485 condicione
666 1420 806 1505 ponitur,
839 1440 876 1485 eo
906 1420 1009 1484 minus
1042 1440 1111 1483 eam
1143 1421 1253 1485 confici

120 1527 288 1591 verisimile
304 1531 362 1590 est.
387 1524 489 1589 Recte
504 1526 600 1609 igitur
611 1523 721 1588 Etzler
733 1522 1101 1610 (Spraoheriirterungcn
1116 1547 1146 1610 p.
1161 1524 1255 1606 113):

227 1629 295 1694 Voa
323 1628 537 1712 Moqlictteit,
568 1629 678 1715 inquit,
709 1629 784 1693 oder
816 1627 1061 1713 Unmoqtictlcett
1083 1629 1171 1693 toan
1199 1649 1254 1692 zu·

119 1736 262 1801 edrderst
282 1734 370 1799 tetrae
391 1734 476 1798 Reda
498 1735 574 1815 aeica
599 1735 676 1799 alles
698 1756 765 1798 was
787 1734 836 1798 die
852 1733 993 1817 Sproohe
1016 1735 1066 1797 als
1081 1733 1255 1817 bedinplich

120 1839 273 1920 ecfatam,
298 1838 379 1902 wird
403 1841 452 1902 als
474 1838 610 1923 mdptich
632 1837 776 1921 pedacht,
800 1843 884 1901 wrtre
906 1857 936 1902 ee
953 1836 1034 1902 auctr
1052 1859 1095 1902 an
1111 1837 1178 1901 und
1189 1837 1255 1920 seir

119 1944 186 2010 sich
207 1942 287 2008 noch
308 1963 343 2007 so
365 1944 540 2026 unpcreimt
563 1943 630 2006 und
651 1941 932 2026 widersprechend.

221 2047 291 2112 Iam
313 2067 389 2113 vero
413 2047 628 2131 quaerendum
652 2053 712 2126 est,
743 2045 856 2132 quibus
880 2047 983 2111 causis
1013 2045 1099 2110 facta
1129 2046 1170 2110 sit
1200 2046 1254 2110 illa

120 2174 215 2238 quam
238 2172 336 2235 supra
358 2150 673 2217 commemoravimus
696 2152 972 2217 coninnotivorum
995 2151 1190 2235 permutatio
1221 2159 1254 2216 et

120 2276 182 2341 qua
206 2256 328 2320 ratione
350 2255 512 2336 acciderit,
543 2260 578 2318 ut
601 2275 659 2319 eae
688 2254 820 2336 formae,
849 2254 964 2339 quibus
987 2255 1203 2338 irrealitatem,
1227 2256 1254 2319 si

120 2360 180 2424 hoe
203 2359 301 2424 verbo
325 2361 371 2422 uti
394 2359 477 2441 iicet,
500 2358 632 2423 indicari
652 2360 748 2443 vulgo
765 2357 891 2441 docent,
915 2359 974 2423 hac
997 2359 1197 2445 potissimum
1220 2359 1252 2422 in

118 2464 287 2527 verborum
311 2484 435 2528 conexu
458 2462 567 2529 indole
590 2463 755 2549 praeditae
777 2463 851 2530 sint.

640 2721 657 2806 a
683 2726 732 2788 11.

220 2877 370 2943 Omnium
400 2888 579 2962 temporum
611 2880 803 2945 coniunctivi
836 2880 868 2943 in
902 2880 1010 2964 lingna
1044 2880 1143 2944 latina
1178 2881 1252 2946 olim

118 2981 252 3047 eandem
284 2982 435 3067 temporis
467 2984 606 3068 speciem
633 3004 710 3068 prae
742 3005 776 3048 se
807 2982 962 3064 ferebant,
996 3005 1079 3069 quae
1110 2983 1252 3050 eiusdem

118 3086 268 3171 temporis
292 3085 451 3150 indicativi
475 3087 602 3171 propria
625 3094 704 3151 erat.
749 3086 864 3172 Itaque
886 3089 916 3150 si
929 3087 1070 3167 habearis,
1086 3087 1151 3152 dem
1169 3086 1253 3152 idem

116 3189 182 3253 fere
205 3197 274 3254 erat
304 3196 402 3274 atque
430 3190 462 3253 'si
494 3189 577 3256 forte
609 3191 653 3269 fit,
683 3199 718 3253 ut
749 3187 893 3255 habeam'
917 3218 954 3243 =
980 3212 1065 3256 scena
1096 3192 1145 3255 ich
1173 3200 1252 3256 etwa

115 3291 191 3356 tuobe
213 3291 337 3375 (hatte)
351 3293 436 3375 jetzt
451 3293 527 3356 oder
543 3295 576 3356 ta
591 3293 746 3375 Zulcunft.
791 3292 914 3368 Quodsi
929 3294 1032 3359 forma
1047 3297 1076 3359 si
1090 3294 1250 3360 habuerim

117 3397 339 3481 usurpabatur,
368 3396 523 3481 perfectio
555 3399 621 3462 sive
653 3397 685 3460 in
706 3398 868 3481 praesenti
891 3398 957 3461 sive
979 3398 1009 3461 in
1033 3397 1141 3462 futuro
1172 3404 1252 3466 tem-

116 3521 193 3584 pore
210 3502 319 3564 valens
335 3501 582 3584 exprimebatur.
627 3500 746 3565 Contra
762 3503 792 3565 ei
806 3501 948 3566 haberem
962 3503 1040 3566 nihii
1056 3503 1142 3567 aliud
1158 3504 1253 3588 signi·

117 3603 213 3668 ficare
230 3611 365 3689 poterat,
386 3603 443 3668 nisi
467 3601 501 3668 'si
523 3604 603 3669 forte
627 3606 734 3686 fiebat,
759 3613 792 3669 ut
808 3603 984 3684 haberem’3
1009 3607 1086 3671 item
1107 3609 1136 3670 si
1156 3607 1253 3673 habet·

118 3708 210 3771 issem
232 3708 310 3771 nihil
334 3707 420 3771 aliud
444 3708 504 3772 nisi
526 3705 560 3772 ‘si
584 3708 665 3773 forte
695 3707 825 3790 factum,
849 3709 949 3774 idest
972 3711 1148 3795 perfectum
1176 3718 1253 3793 erat,

116 3817 151 3873 ut
174 3807 334 3877 haberem'
357 3840 397 3866 =
422 3812 582 3877 mennith
605 3812 728 3877 tatem
750 3834 886 3897 pewcsea
909 3820 1002 3878 codro.

217 3917 370 3982 Attamen
404 3920 467 3982 iam
501 3918 651 3983 Plautina
688 3926 794 3984 aetate
828 3926 973 4004 tempora
1005 3920 1174 3984 verborum
1208 3921 1253 3984 ita

116 4024 237 4084 mutata
267 4029 349 4103 sunt,
382 4029 416 4085 ut
438 4023 657 4088 coniunctium
689 4023 866 4108 imperfecti
897 4025 990 4089 etiam
1022 4024 1062 4090 de
1093 4026 1253 4110 praesenti

115 4177 320 4188 ——....—

221 4266 230 4300 ¹
249 4267 338 4334 Alcen,
358 4269 408 4320 Die
428 4267 593 4335 Grundziige
619 4269 667 4321 der
692 4266 783 4322 Lehre
810 4287 863 4322 von
882 4270 1000 4338 Tempus
1024 4271 1079 4323 und
1102 4270 1198 4324 Modus
1216 4270 1253 4324 im

120 4349 324 4404 Grieohischen.
360 4352 501 4406 Rostoohii
522 4353 595 4406 1861.
633 4371 658 4421 p.
680 4354 737 4416 143,
754 4354 778 4406 2.
