2954 4822
221 278 261 338 oc
506 303 510 308 ·
658 314 700 324 -
747 271 835 363 [ιιι]
883 314 922 322 -

220 472 295 552 post
320 474 430 531 autem
454 489 486 554 p.
503 469 543 531 58
567 466 600 530 in
624 467 729 552 capite
753 464 831 552 περὶ
848 461 1167 552 ωολισχηματίστων
1188 464 1274 530 idem
1289 464 1359 529 Hc-

220 573 392 658 phaestion
415 574 476 637 hos
500 593 613 637 versus
636 574 805 660 epionicos
829 572 991 659 appellat:

426 719 818 755 ..............
823 690 995 777 must)

220 804 368 890 Epionici
397 824 474 868 vero
503 824 566 867 non
598 824 693 868 secus
723 810 819 888 atque
851 803 1115 888 epichoriambici
1150 804 1173 867 ii
1205 809 1362 867 vocantur

221 930 351 989 versus,
382 909 436 993 qui
460 907 501 972 ab
526 905 599 971 aliis
622 907 735 972 metris
758 906 952 992 incipientes
977 912 1147 971 transeunt
1170 904 1211 969 ad
1234 905 1358 969 ioniccs

221 1012 274 1075 vel
299 1011 515 1075 choriambos.
561 1009 686 1074 Eodem
714 1009 811 1073 modo
842 1009 1008 1095 epionicos
1031 1009 1258 1096 Hephaestion
1282 1009 1362 1073 Alc-

222 1115 326 1180 manis
349 1115 388 1178 fr.
409 1117 460 1180 83.
478 1117 518 1179 84
542 1120 653 1195 vocat,
685 1113 802 1199 quibus
825 1113 921 1177 ionici
945 1114 1093 1179 iambicis
1116 1111 1257 1199 dipodiis
1282 1112 1360 1177 sub-

221 1219 321 1282 iuncti
356 1219 576 1295 continentur
613 1238 711 1302 quam
740 1215 861 1303 pedum
891 1216 1082 1282 societatem
1112 1214 1253 1281 eundem
1282 1216 1360 1280 Alc·

221 1320 386 1385 manafr.
410 1322 450 1383 87
474 1340 621 1404 quoque
649 1319 892 1383 Anacreontem
916 1325 973 1383 au
960 1320 1095 1384 emf
1121 1322 1248 1382 47-49
1272 1339 1362 1383 com·

222 1424 377 1540 posuisse
399 1445 496 1508 supra
520 1423 759 1487 demonstravi!
755 1423 782 1508 ι)
824 1421 893 1486 Nos
917 1424 997 1487 istos
1020 1444 1133 1489 versus
1157 1423 1278 1487 rectius
1302 1423 1361 1486 tri·

222 1527 377 1592 metros
369 1528 494 1590 ronicos
518 1525 706 1590 vocabimus
730 1525 910 1590 admisso
902 1547 935 1590 m
969 1527 1076 1612 prima
1098 1526 1177 1591 sede
1207 1525 1361 1606 diiambo,

221 1642 335 1720 utpote
368 1633 535 1719 primitiva
559 1632 657 1719 ionici
681 1633 794 1713 forma,
818 1633 973 1718 insignes.

307 1737 408 1803 Ionici
440 1729 661 1820 ἆνανλιόμενοι
695 1737 792 1822 vulgo
829 1744 1017 1802 statuuntur
1049 1737 1147 1801 etism
1182 1737 1214 1801 in
1250 1736 1288 1800 fr.
1320 1738 1362 1801 87

223 1844 424 1930 Sapphonis:

463 1924 598 2016 Ζὰ<δ)
624 1921 828 2012 ἑλιξάμαν”
808 1952 886 2013 οναρ
909 1923 1137 2015 Κωτρογινήᾳ.

223 2119 345 2184 Verum
373 2141 447 2184 cum
484 2121 544 2183 hac
580 2140 735 2185 mensura
769 2142 832 2184 non
867 2119 1075 2183 consentiunt
1104 2117 1362 2206 Hephaestionis

224 2224 336 2290 verba:
346 2224 374 2300 ³)

313 2345 385 2410 Τῶν
405 2344 441 2411 δὲ
459 2343 638 2431 τριμέτρων
657 2345 741 2429 (scil.
759 2340 897 2411 ἰωνινιῦν
919 2337 976 2410 ἀπ’
996 2339 1176 2424 ἐλάττονος,
1201 2364 1264 2409 non
1280 2335 1361 2408 (ινα-

222 2447 408 2534 κλωμένων)
431 2443 469 2514 τὸ
491 2447 550 2533 μὲν
574 2441 799 2535 ἆκατάληκτσν

533 2546 735 2634 ζαελεξάμαν
758 2543 836 2636 ὅναρ
859 2547 1058 2635 κυπρογέννα

224 2655 379 2742 παραιτῇ
401 2658 541 2742 Σαπφοῖ
565 2655 617 2737 (ir.
642 2657 715 2739 87)-

225 2754 318 2843 παρὰ
341 2757 378 2823 δὲ
397 2752 601 2845 Ἀνακρέοντι.
628 2760 679 2844 (ιι.
704 2760 758 2842 50)
783 2753 922 2841 ἑτέρως
944 2754 1180 2846 ἐσχημάτισται

311 2854 381 2927 ἀπό
402 2886 460 2942 μοι
484 2865 600 2927 θανεῖν
622 2856 755 2948 γένοιτ’·
780 2854 816 2927 οὐ
841 2858 902 2948 γὰρ
925 2855 964 2927 ἂν
987 2855 1067 2948 ἄλλη

311 2960 402 3043 λύσις
424 2963 460 3030 ἐν
483 2961 593 3031 πόνων
615 2959 728 3052 γένοιτ’
755 2958 885 3049 οὐδαμὰ
910 2966 993 3051 (cod.
1018 2960 1163 3051 οὐδάμα)
1186 2965 1296 3032 τῶνδε.

228 3096 281 3160 Sic
305 3096 389 3160 hunc
413 3097 520 3160 locum
544 3098 681 3162 exhibet
705 3098 847 3183 optimus
871 3097 1129 3182 Hephaestionis
1153 3096 1257 3162 codex
1281 3098 1361 3161 Am-

227 3204 398 3267 brosianus
430 3209 512 3267 teste
545 3203 781 3267 Studemundo.
827 3201 939 3266 Verba
966 3202 1142 3286 fragmenti
1171 3202 1293 3289 Sapph.
1318 3205 1359 3268 87

226 3329 399 3395 perperam
422 3309 463 3371 ab
492 3308 675 3372 hominibus
705 3306 808 3371 doctis
836 3307 1013 3370 constituta
1042 3327 1115 3371 esse
1145 3327 1185 3370 eo
1215 3317 1362 3393 apparet,

227 3412 313 3499 quod
337 3411 470 3476 schema
493 3413 663 3477 metricum
688 3412 783 3475 huius
799 3410 974 3496 fragmenti
989 3409 1076 3475 idem
1094 3416 1145 3474 est
1161 3417 1259 3496 atque
1283 3410 1362 3475 duo-

227 3538 298 3580 rum
315 3517 531 3580 Anacreontis
555 3536 718 3593 versuum,
743 3517 796 3600 qui
819 3519 929 3578 tamen
953 3509 1068 3597 ἑτέρως
1089 3509 1362 3602 ἐσχηματισμένοι

228 3621 269 3685 ab
292 3619 541 3706 Hephaestione
572 3617 731 3684 dicuntur.
785 3618 870 3692 Quid
902 3619 1033 3706 Sappho
1065 3618 1246 3704 scripserit,
1278 3619 1362 3683 diffi-

228 3724 290 3800 cile
315 3732 365 3788 est
387 3723 490 3794 dictu:
514 3722 654 3787 fortasse
679 3724 760 3788 haec
785 3722 936 3789 dederat:

301 4078 322 4143 ¹)
341 4075 375 4131 of.
393 4074 520 4145 Eupoli&
540 4074 572 4128 fr.
590 4072 727 4127 290—292
746 4091 773 4143 p.
793 4074 833 4129 75.
853 4077 895 4130 76.

300 4166 322 4230 ²)
340 4181 368 4232 p.
386 4163 428 4216 52.
451 4180 478 4232 p.
497 4161 539 4215 54.

301 4251 322 4319 ⁸)
341 4248 492 4319 Hephaest.
512 4266 539 4318 p.
558 4248 599 4302 39.
