3030 4816
684 329 773 427 [one]

106 586 109 591 .
164 527 246 601 Eun.
262 529 311 599 IV
326 539 356 619 4,
374 533 433 600 21:

292 692 358 757 Hie
381 699 425 757 est
448 695 549 757 uietns
571 700 661 757 netur
682 699 865 757 neternosns
887 713 978 758 senen

295 795 406 862 Colore
427 798 600 879 mustelino,

163 976 245 1039 quae
275 954 314 1018 do
345 953 434 1019 Doro
468 953 614 1018 eunucho
643 952 792 1018 dicuntur
820 954 975 1037 maligne,
1008 954 1194 1039 praesertim
1224 975 1296 1018 oum

165 1057 360 1141 praecedant
382 1059 479 1123 verbu

293 1212 348 1279 Ad
369 1233 428 1278 nos
450 1213 602 1277 dednetns
623 1212 714 1277 hodie
735 1220 780 1277 est
800 1212 1060 1295 adolescentulus,

291 1318 388 1398 Quem
410 1324 445 1381 tn
467 1317 575 1382 nidere
596 1338 671 1382 nero
693 1318 796 1399 neilus,
820 1317 992 1381 Phaedria.

164 1474 266 1539 Simili
288 1478 397 1538 cutem
419 1472 540 1537 molitio
562 1473 657 1538 etium
682 1473 780 1538 ‘vetus
803 1471 906 1560 poets’
928 1481 1058 1538 notetur
1074 1475 1192 1540 totiens
1207 1496 1297 1560 repe·

163 1580 221 1642 tite
243 1579 391 1661 notione,
422 1598 504 1661 quae
532 1599 595 1642 non
618 1578 721 1643 minus
751 1600 846 1664 quem
870 1578 1071 1643 adnotatum
1095 1579 1233 1644 refertur
1255 1580 1295 1642 ad

162 1703 267 1747 mores
291 1687 324 1747 et
346 1682 518 1765 ingenium.
563 1681 764 1765 Intellegitur
787 1690 884 1768 poeto
907 1682 1070 1747 obsoletus
1086 1690 1118 1747 et
1134 1691 1296 1769 tamquam

164 1788 213 1851 sui
237 1793 411 1870 superstes,
433 1785 523 1849 ouius
546 1785 604 1849 flos
627 1792 661 1849 et
682 1787 780 1852 robur
802 1786 924 1851 dudum
946 1793 1113 1872 peractum
1135 1790 1185 1853 sit.

264 1904 307 1970 Et
329 1926 445 1970 nomen
468 1907 571 1991 ipsum
588 1907 704 1970 veteris
726 1913 851 1991 poetae,
876 1906 915 1972 de
935 1929 997 1992 quo
1013 1908 1182 1973 Terentius
1199 1915 1295 1991 tecet,

166 2017 196 2076 et
219 2030 427 2096 quaecunque
449 2018 615 2095 praetcrea
638 2011 731 2074 deco
748 2017 923 2092 ociosum,
947 2013 1002 2075 uni
1017 2011 1147 2077 Donato
1165 2020 1296 2097 accepte

162 2115 342 2197 referimus,
372 2115 424 2199 qui
447 2114 507 2179 heo
528 2115 559 2178 in
582 2136 616 2179 re
640 2114 722 2180 bono
747 2123 895 2198 auctore,
926 2117 958 2180 ni
981 2116 1119 2181 fallimur
1143 2115 1295 2182 Varronis

163 2220 251 2285 libris
275 2218 315 2283 de
341 2218 519 2283 notionibus
550 2220 718 2300 scoenicis,
747 2242 823 2283 usus
854 2223 922 2285 esti
958 2220 1031 2284 Fuit
1060 2223 1087 2285 is
1117 2220 1294 2285 Luscius

162 2322 419 2388 Lanuvinus¹
450 2320 504 2402 (de
535 2343 597 2406 quo
627 2323 700 2387 ride
723 2322 856 2387 Ribbeck
877 2323 952 2407 Frg.
976 2345 1057 2388 eom.
1087 2325 1141 2389 lot.
1164 2347 1195 2410 p.
1218 2323 1294 2408 83);

162 2428 211 2492 cui
234 2426 406 2491 Volcacius
431 2424 591 2512 Sedigitus
614 2428 644 2490 in
670 2448 792 2491 oenone
814 2449 935 2492 nonum
964 2428 1046 2492 inter
1078 2430 1216 2492 comicos
1239 2427 1295 2492 det

159 2533 284 2597 locum:

287 2686 379 2752 Nono
403 2689 469 2752 loco
493 2707 556 2753 esse
574 2687 674 2772 focile
689 2688 781 2773 focio
802 2687 964 2754 Luseinrn.

265 2845 400 2909 Luscius
424 2844 534 2929 quales
556 2843 681 2908 fabulas
700 2844 861 2929 scripserit
876 2851 908 2910 et
924 2865 986 2929 quo
1003 2844 1158 2909 scribendi
1173 2866 1293 2929 genere

160 2949 309 3027 siturus,
332 2948 445 3032 partim
469 2969 510 3012 ex
533 2947 609 3032 ipsis
632 2968 715 3034 quae
730 2947 899 3013 Terentius
923 2948 962 3013 de
984 2949 1049 3014 suis
1072 2956 1104 3013 et
1120 2948 1293 3014 adversarii

161 3055 210 3118 sui
231 3051 407 3118 rationibus
429 3050 505 3115 fecit
529 3051 651 3132 verbis,
679 3052 795 3135 purtim
825 3073 866 3116 ex
890 3054 934 3117 eis
958 3073 1041 3138 quse
1063 3053 1209 3118 Donatus
1232 3053 1293 3117 illis

161 3158 238 3222 locis
261 3156 428 3240 adscripsit
445 3156 663 3241 comperimus.
702 3155 753 3219 De
769 3155 892 3221 duobus
908 3157 977 3221 eius
992 3155 1108 3221 fabulis
1124 3156 1292 3221 Terentius

159 3261 191 3325 in
214 3261 296 3326 Eun.
318 3260 396 3346 prol.
420 3280 447 3324 r.
473 3263 489 3324 7
514 3261 559 3323 sio
582 3259 792 3324 convicietur:

288 3433 351 3513 Qni
371 3431 443 3496 bene
464 3430 617 3496 nortendo
640 3439 667 3495 et
689 3432 812 3496 eosdem
834 3431 993 3497 scribendo
1015 3433 1096 3497 mole

288 3536 342 3600 En
364 3535 494 3601 Graecis
515 3535 603 3599 donis
626 3534 762 3599 Latinos
781 3536 860 3619 feeit
882 3557 945 3602 non
967 3535 1073 3601 bonos.

288 3640 378 3706 Idern
399 3639 575 3704 Menandri
595 3639 735 3705 Phasma
757 3661 840 3704 nnnc
862 3662 962 3725 nuper
984 3641 1069 3705 dedit

170 3802 174 3810 s
287 3747 388 3831 Atque
410 3748 445 3810 in
468 3744 654 3810 Thensauro
677 3747 816 3831 scripsit,
841 3767 970 3810 consone
993 3747 1094 3810 dicere

289 3851 388 3916 Prins
409 3851 494 3915 unde
512 3852 643 3935 petitor,
667 3871 784 3914 nnrrnn
806 3872 868 3934 qno
891 3872 925 3915 re
946 3853 987 3915 sit
1011 3871 1108 3933 snonr,

288 3956 390 4036 Qnom
412 3956 478 4018 illic
501 3957 555 4040 qni
572 3956 663 4038 petit,
685 3954 768 4018 nnde
789 3955 816 4017 is
840 3956 881 4018 sit
904 3955 1092 4019 thensaurus
1113 3954 1172 4018 sibi

288 4060 355 4124 Ani
376 4059 459 4123 rende
480 4059 514 4122 in
532 4059 678 4141 patrium
700 4064 931 4122 rnonnmentnnr
950 4059 1138 4143 pnnenerit.

159 4223 364 4236 —n-—-———--d

263 4320 273 4357 ¹
292 4320 333 4372 De
353 4318 441 4372 torma
455 4318 571 4371 nominis
585 4334 609 4370 r.
623 4318 757 4371 Deintciro
770 4321 810 4370 ed.
824 4319 932 4371 Phorm.
945 4336 972 4386 p.
988 4318 1044 4372 127.
1065 4350 1094 4360 -
1116 4321 1291 4388 Sindemnnd,

161 4408 194 4463 N.
212 4405 311 4460 Jahrb.
329 4404 375 4459 fiir
393 4405 465 4459 Phil.
485 4403 552 4460 1868
569 4421 595 4475 p.
615 4404 666 4460 oto
684 4404 749 4459 ndu.
767 4404 791 4458 6.

1136 4493 1188 4554 21*
