2962 4800
679 308 748 392 [33]
1247 314 1286 376 33

151 500 302 564 11333333
318 522 391 563 vero
409 501 582 580 notionem,
599 521 693 584 quani
713 500 918 564 lratielreffius
936 502 975 565 ad
993 502 1096 565 officia
1115 502 1287 566 sacerdotis

148 605 280 684 rettulit,
304 624 379 667 num
403 605 521 667 rectius
547 603 587 667 (13
611 603 764 666 reditibus
789 604 987 668 intellexerit
1007 604 1287 688 Ditteubergerus,

150 706 324 770 diiudicare
354 728 417 769 non
447 707 557 769 ausim.
604 706 676 778 Quo
709 706 807 769 verbo
841 728 1063 792 quaecumque
1094 708 1134 771 ad
1168 709 1286 772 cultum

149 818 295 894 spectent
319 808 423 873 officia
446 831 509 872 non
534 810 758 894 comprehendi
784 811 842 873 etsi
866 811 1116 894 Dittcnbergero
1137 811 1286 888 concedo,

147 934 239 976 unam
265 920 369 976 tamen
396 921 515 976 certam
538 933 686 996 pompam
712 921 766 976 aut
782 914 1051 1008 supplicationem
1068 915 1096 977 in
1115 916 1176 978 boc
1193 915 1286 979 titulo

149 1016 319 1100 significari
344 1038 405 1078 nou
429 1016 621 1097 negaverim.
665 1015 747 1078 Toto
771 1015 941 1080 sacerdotii
964 1018 1066 1099 pretio
1084 1018 1125 1079 ab
1142 1025 1286 1103 emptore

148 1120 187 1181 ad
205 1118 287 1181 diem
304 1119 407 1182 soluto
423 1116 451 1198 ‘ri
470 1116 490 1179 ἄ
498 1115 634 1193 νθεσιξ
651 1120 803 1202 emptoris
817 1119 996 1200 sumptibus
1009 1120 1197 1185 celebratur.
1215 1117 1286 1182 Ἆν·

148 1229 233 1296 ‚leura
250 1221 333 1284 euim
350 1228 381 1284 et
399 1218 576 1283 ἀνατιθέναι
599 1221 638 1284 (13
655 1222 821 1285 sacerdote
839 1222 1060 1305 inauguraudo
1078 1223 1196 1285 dictum
1214 1246 1285 1289 esse

149 1324 413 1407 Dittenbergerus
431 1325 509 1388 scite
527 1323 651 1407 quidem
669 1324 818 1405 adnotat,
843 1331 875 1387 at
901 1324 1014 1405 „huius
1031 1325 1178 1389 vocabuli
1194 1347 1286 1389 usum

147 1428 222 1492 inde
245 1427 455 1512 repetendum
478 1448 557 1503 esse,
580 1427 666 1510 quod
684 1427 833 1489 sacerdos
850 1428 947 1489 sellae
963 1427 993 1490 in
1010 1427 1143 1491 delubro
1161 1430 1284 1512 positae

147 1532 328 1615 imponatur
352 1532 493 1593 similiter
515 1539 610 1613 atque
635 1533 665 1594 in
700 1532 920 1614 episcoporum
951 1532 1195 1614 inauguratione
1218 1533 1285 1595 fieri

148 1634 277 1711 soleat,“
293 1633 373 1697 adeo
392 1656 455 1697 non
473 1633 637 1717 probabile
654 1654 724 1696 esse
742 1642 830 1717 puto,
848 1640 883 1695 ut
899 1644 930 1694 et
943 1633 1071 1717 propria
1084 1634 1172 1698 verbi
1185 1631 1284 1698 ιὲνατι·

149 1736 238 1800 θέναι
256 1737 284 1797 vi
308 1758 345 1799 ae
368 1737 499 1800 notione
523 1742 554 1798 et
577 1736 697 1798 Servii¹
733 1736 911 1800 testimonio
936 1738 1033 1812 uisus,
1061 1738 1134 1820 quin
1158 1734 1284 1814 ἄνθνσις

147 1861 184 1902 33
219 1841 387 1923 pertineat,
422 1839 506 1923 quod
542 1839 689 1901 sacerdos
726 1839 823 1900 cultui
859 1838 909 1902 dci
946 1848 1089 1903 sacratur
1125 1848 1156 1904 et
1194 1841 1284 1924 quasi

149 1942 323 2021 dedicatur,
353 1943 456 2006 nullus
480 1942 634 2006 dubitem.
681 1940 837 2004 Sacerdos
861 1963 937 2004 sane
960 1963 1022 2005 non
1046 1944 1159 2006 eodem
1187 1944 1282 2007 medo

149 2066 210 2129 quo
235 2067 284 2108 res
308 2045 416 2128 aliqua
440 2043 499 2107 deo
525 2044 669 2121 traditur,
691 2043 747 2107 scd
771 2064 826 2128 per
850 2045 1008 2127 quandam
1025 2047 1163 2110 notionis
1180 2054 1282 2110 trans·

146 2150 296 2212 lationem
328 2144 505 2209 ἀνατιθέναι
536 2146 647 2210 eodem
680 2148 748 2209 iure
780 2147 820 2210 de
851 2148 1071 2229 inaugurando
1105 2150 1282 2227 saeerdote‚

147 2273 210 2336 quo
234 2252 273 2314 de
295 2250 394 2313 serris
411 2249 690 2314 manumittendis2
713 2261 892 2333 usurpatur.
913 2286 949 2294 -
969 2252 1059 2324 Quod
1079 2252 1214 2336 denique
1232 2275 1283 2317 res

145 2357 271 2439 publica
293 2356 362 2438 ipsa
387 2356 522 2437 emptori
547 2362 647 2432 cavet,
677 2376 715 2416 ne
740 2356 809 2436 quis
832 2356 863 2417 iu
887 2355 954 2418 iure
980 2355 1184 2438 exsequendo
1209 2377 1281 2418 eum

146 2459 336 2543 interpellet,
361 2461 472 2521 mirum
489 2479 549 2522 nen
567 2466 624 2540 est,
648 2479 719 2520 cum
735 2459 920 2541 praesertim
942 2480 1089 2541 magnum
1113 2458 1282 2523 sacerdotii

146 2563 281 2645 pretium
306 2560 520 2644 respiciamus,
544 2559 583 2623 el.
608 2581 635 2621 r.
663 2564 700 2623 13
723 2583 805 2644 sqq.:
836 2558 869 2637 ὃς
892 2560 924 2623 δι’
947 2588 983 2623 κα
1005 2560 1077 2647 einp
1104 2559 1121 2648 ἢ
1146 2585 1281 2640 noemm-

144 2661 249 2748 ,ardep
274 2659 290 2743 ἢ
315 2667 422 2749 33311,ιῇ
447 2660 464 2743 ι’)
489 2664 521 2724 ἐν
544 2661 630 2748 δάμῳ
658 2660 676 2742 ἢ
699 2660 781 2725 illia
803 2665 852 2724 ant
875 2667 906 2744 χ’
923 2662 1053 2739 eustorio,
1077 2663 1117 2738 (ι’νς
1139 2667 1185 2726 ort
1203 2662 1282 2747 ἀψε-

143 2764 251 2827 λιῖσθαι
275 2763 329 2827 τόν
352 2765 517 2845 πριάμενον
541 2763 597 2827 adr
620 2764 784 2843 1333333133,
804 2768 904 2847 χιλίας
926 2766 1068 2848 δραχμάς
1090 2767 1281 2830 ἀποτεισάτω

144 2866 226 2947 lepris
249 2874 305 2929 τοῦ
328 2865 518 2930 bisinianensi.
553 2905 590 2913 —
620 2867 691 2939 Quo
717 2888 755 2929 ex
780 2869 850 2930 loeo
874 2869 966 2931 simul
991 2890 1184 2951 cognoscere
1209 2870 1282 2933 licet

146 2969 327 3053 Aesculapii
363 2990 424 3031 non
456 2969 559 3031 miuus
594 2991 688 3052 quam
724 2968 848 3032 Dianae
881 2971 1044 3053 Pergaeae
1080 2972 1151 3036 aedi
1185 2972 1281 3036 fuisse

144 3073 311 3135 arrrarium.
359 3071 395 3133 Ι3
430 3071 704 3135 Halicarnassensi
739 3073 822 3134 enim
858 3072 949 3135 titulo
984 3074 1086 3137 verbis
1122 3077 1281 3158 expressis

144 3175 378 3258 praescribitur,
409 3180 443 3235 ut
466 3174 614 3238 sacerdos
639 3176 824 3238 thesaurum
854 3177 1008 3255 instituat,
1040 3179 1069 3239 in
1094 3199 1188 3261 quem
1212 3181 1280 3263 qui-

146 3299 281 3360 cumque
305 3277 470 3357 sacrificet,
494 3278 523 3340 ei
545 3298 602 3360 pro
626 3278 793 3340 immatura
817 3280 945 3341 victima
969 3300 1059 3359 unus,
1091 3302 1148 3365 pro
1171 3280 1282 3343 adulta

144 3382 208 3444 duo
241 3382 327 3445 oboli
361 3380 514 3444 inserendi
548 3382 620 3445 sint.
668 3381 822 3445 Sacerdos
854 3384 975 3446 Dianae
1008 3383 1172 3466 Pergaeae
1206 3406 1280 3447 num

143 3485 212 3569 ipsa
234 3484 298 3547 suis
322 3485 472 3568 impensis
497 3486 649 3569 templum
681 3484 911 3548 aedificandum
944 3487 1113 3566 curaverit,
1145 3488 1280 3571 perspici

142 3588 260 3671 nequit.

246 3692 368 3768 Restat,
393 3697 428 3753 ut
451 3691 593 3753 solvendi
627 3690 693 3753 dies
724 3692 863 3754 breviter
894 3695 1113 3776 perstringam,
1146 3714 1279 3776 quorum

142 3795 200 3858 uisi
224 3796 255 3857 in
281 3794 379 3857 titulis
405 3793 450 3856 Ib
475 3800 506 3856 et
530 3795 563 3857 ΙΙ
587 3797 705 3858 mentio
729 3816 791 3858 non
816 3796 859 3860 fir.
900 3796 947 3859 Of.
964 3799 1010 3860 tit.
1035 3797 1080 3861 Ib
1098 3818 1124 3859 v.
1144 3801 1180 3860 17
1198 3819 1279 3881 sqq.:

246 4073 254 4106 ¹
276 4069 310 4120 ad
330 4068 412 4135 Verg.
430 4069 499 4121 Aen.
518 4070 531 4120 1
551 4085 575 4119 r.
594 4068 641 4121 73:
669 4071 798 4122 sacerdos
818 4070 959 4124 dicatus
979 4077 1019 4124 est
1039 4073 1149 4132 numini,
1168 4074 1220 4125 hoc
1240 4082 1280 4126 est

143 4158 177 4207 ad
196 4155 354 4223 obsequium
374 4154 454 4206 datus
473 4159 522 4207 est.

246 4244 256 4278 ²
289 4241 324 4293 cf.
343 4242 363 4292 Ι.
383 4242 414 4292 G,
437 4243 469 4291 A.
495 4258 520 4291 3.
547 4241 589 4292 83.
615 4241 654 4291 86.
681 4240 729 4304 88;
757 4240 1036 4304 Wcsclrer·Foucart,
1063 4242 1150 4293 Inser.
1181 4241 1278 4307 Delplr.

144 4343 169 4377 n.
188 4326 252 4392 4:³23
272 4324 390 4390 Curtius,
410 4326 513 4376 Anacd.
535 4327 633 4394 Delpb.
653 4344 677 4394 p.
697 4325 737 4378 39.
