2954 4808
235 317 276 381 48
755 308 845 396 [104]

236 514 268 571 et
297 509 329 571 in
358 505 406 569 his
435 505 522 588 locis,
554 505 585 568 in
613 504 735 588 quibus.
769 509 872 567 utrum
903 502 1095 569 indicativus
1132 506 1248 572 futuri
1283 509 1332 575 11.
1356 531 1395 572 an

236 611 451 676 coniunctivus
473 609 606 694 perfecti
630 615 746 687 exstet,
771 608 905 672 discerni
929 629 992 671 non
1015 616 1143 693 potest:

236 732 327 798 Ourc.
351 735 412 796 555
805 729 882 814 quid
903 729 1002 812 refert
1025 751 1072 794 me
1090 732 1221 814 secisse
1248 734 1394 820 rapidae,

494 833 535 898 Ut
555 836 599 897 mi
629 832 813 915 oboedirent,
841 837 871 898 si
899 834 949 898 hic
978 857 1026 899 me
1053 835 1146 901 hodic
1180 839 1394 906 umbraticas

1091 940 1283 1007 deraserit?

233 1042 350 1132 Amph.
375 1046 432 1107 741
496 1040 561 1105 Vae
584 1043 683 1125 copiti
696 1048 758 1105 teo.
777 1063 804 1103 .·.·
827 1041 898 1105 Tmo
914 1043 994 1105 istoc
1016 1042 1126 1126 refert,
1148 1047 1387 1115 cicuraverit.

235 1147 351 1213 Pseud.
379 1148 439 1210 100
492 1145 565 1210 Nisi
586 1152 621 1210 tm
643 1147 692 1209 ilii
713 1147 868 1210 lacrumis
883 1147 1008 1228 fleveris
1029 1151 1205 1230 cremeris,

490 1249 581 1330 Quod
602 1256 636 1313 ta
657 1251 728 1313 istis
750 1251 901 1313 lacrumis
924 1258 952 1313 te
972 1249 1107 1333 probare
1125 1257 1300 1336 postulae,

489 1352 562 1419 Non
582 1354 687 1438 pieria
709 1354 819 1437 refert,
849 1370 942 1435 qoam
964 1356 993 1418 si
1014 1352 1142 1418 imbrem
1169 1357 1209 1419 in
1234 1360 1382 1425 cribrum

1163 1461 1271 1545 lepos.

335 1579 405 1645 Iam
428 1578 467 1644 de
491 1579 606 1644 Pseud.
630 1601 660 1643 v.
683 1582 745 1644 937
762 1600 808 1664 sq.
832 1579 969 1643 breviter
992 1579 1160 1644 dicendum
1179 1592 1242 1648 est.
1286 1584 1380 1658 Quos

235 1705 305 1747 cum
328 1683 504 1748 trochaicae
535 1703 603 1747 esse
633 1683 786 1748 voluisset
814 1683 947 1761 Riachl,
970 1682 1168 1747 Studemund
1203 1687 1260 1766 (de
1289 1699 1376 1755 cant.

233 1787 370 1853 Plautia.
393 1809 424 1873 p.
441 1786 498 1868 69)
522 1792 723 1872 anapaestico
743 1792 845 1851 metro
871 1787 1018 1870 cognovit
1040 1786 1265 1855 discribendos
1293 1815 1375 1858 esse.

233 1890 349 1976 Itaque
371 1890 509 1976 Spengel
530 1890 882 1974 (Reformvorschlaegc
904 1913 934 1975 p.
954 1893 1032 1970 403)
1061 1892 1105 1954 sic
1128 1899 1220 1957 recte
1245 1895 1377 1961 videtur

233 1994 337 2058 locum
361 1995 590 2060 conformasse:

490 2115 624 2180 Tantam
655 2114 710 2179 tibi
733 2115 804 2179 doni
826 2116 861 2179 di
889 2116 1070 2180 immertolea
1097 2116 1191 2180 duint
1215 2119 1376 2199 mantum

971 2217 1064 2303 tu<te>
1086 2219 1142 2283 tibi
1164 2220 1263 2304 eptas·

489 2323 622 2389 Nomai
644 2325 782 2408 inoptam
805 2325 955 2406 qamrrtrim
978 2321 1105 2407 dipnu'a
1127 2327 1253 2389 tontsim
1289 2330 1375 2411 dent,

958 2430 1062 2492 micres
1084 2427 1183 2491 niteo
1206 2433 1261 2495 ait.

336 2535 377 2598 ait
399 2535 457 2615 1¹²,
481 2540 523 2597 cst
546 2533 681 2597 Palatini
705 2533 802 2597 invito
825 2538 937 2597 metro.

334 2636 492 2702 Rudentis
514 2655 588 2700 vero
612 2658 643 2701 v.
669 2638 747 2698 1311
774 2656 793 2698 a
836 2634 1024 2698 Flekeiseno
1048 2633 1092 2698 sic
1116 2633 1241 2698 editus:

488 2757 573 2837 Quid
605 2755 722 2838 refert,
754 2757 808 2837 qai
835 2756 932 2838 periit
965 2761 1085 2832 tomen,
1120 2757 1151 2818 si
1186 2776 1276 2820 nurse
1312 2758 1372 2823 doe

1058 2856 1262 2941 fabulemur,

231 2964 348 3029 iudicio
383 2964 523 3029 eiusdem
558 2964 719 3051 Spengelii
755 2963 804 3044 (T.
836 2963 879 3027 Μ.
905 2963 1038 3026 Plautus
1066 2982 1097 3046 p.
1131 2961 1186 3046 16)
1218 2964 1370 3030 codicum

232 3067 366 3151 vestigia
388 3068 488 3131 secuti
511 3067 556 3132 sic
577 3067 683 3152 potius
706 3065 889 3131 scribendus
912 3074 975 3129 est:

488 3189 571 3268 Quid
592 3189 702 3273 refert,
724 3189 777 3269 qui
796 3188 893 3271 periit
917 3186 1045 3249 torreo?
1075 3188 1142 3249 sine
1163 3187 1241 3268 icoc,
1273 3191 1368 3255 aliud

1048 3289 1259 3374 fateamur}

233 3432 436 3442 ———-...

336 3507 344 3537 ¹
364 3502 470 3568 Operae
489 3502 603 3568 pretium
624 3508 666 3553 cst
684 3518 718 3554 ea
740 3517 848 3569 quoque
873 3510 977 3553 anuuit.
996 3499 1093 3553 aondd.
1120 3500 1209 3552 obiter
1237 3508 1367 3570 tangere,

234 3605 348 3655 quorum
367 3589 394 3639 in
415 3590 519 3655 protasi
538 3589 703 3641 indicativus
722 3589 808 3639 futuri
826 3589 882 3640 sive
896 3588 974 3654 primi
994 3589 1051 3640 sive
1063 3585 1185 3652 secundi,
1204 3587 1232 3638 in
1247 3591 1368 3656 apodosi

232 3674 396 3727 indicativus
415 3677 567 3742 praesentis
593 3680 691 3727 exstat.
728 3677 796 3729 Nam
823 3675 891 3727 iliud
916 3673 1118 3727 enuntiatorum
1144 3674 1245 3726 condd.
1266 3691 1366 3743 genus,

233 3778 347 3828 quorum
365 3764 467 3829 protasi
487 3762 652 3814 indicativus
672 3763 834 3828 praesentis,
860 3760 974 3828 epodosi
994 3759 1157 3812 indicativus
1183 3760 1272 3813 futuri
1298 3780 1366 3815 can·

232 3849 346 3913 tinetnr,
372 3864 459 3916 neque
484 3849 709 3914 interpretatione
734 3865 816 3914 egere
844 3847 964 3900 arbitror
989 3852 1016 3900 et
1043 3849 1192 3899 sescenties
1220 3865 1237 3899 a
1265 3849 1367 3901 Plauto

231 3939 389 4000 usurpatum
409 3951 467 3987 esse
486 3951 519 3987 ex
538 3936 603 3988 locis
622 3953 638 3986 a
651 3935 844 3987 liothheimero
864 3951 890 4001 p.
902 3935 935 3986 91
949 3951 1007 4003 sqq.
1021 3933 1161 4000 congestis
1174 3936 1365 3999 cognoscitur.

232 4018 274 4071 ad
293 4020 360 4071 iliud
385 4028 474 4072 autern
502 4036 589 4086 genus
613 4021 658 4088 qui
683 4021 823 4087 pertinent
841 4020 916 4071 locos
936 4037 952 4070 a
971 4019 1163 4071 Rothheimsro
1186 4035 1213 4085 p.
1232 4019 1269 4073 29
1287 4028 1314 4072 et
1333 4022 1366 4075 31

232 4106 362 4158 collectos
381 4106 402 4159 ai
422 4106 575 4158 accuratius
594 4106 756 4174 inspexeris,
776 4111 824 4158 aut
842 4106 965 4172 pluribus
984 4106 1075 4158 verbis
1088 4106 1222 4172 explicari
1241 4105 1366 4159 futurum

232 4191 258 4241 in
279 4192 392 4253 epodosi
411 4197 458 4244 aut
476 4208 535 4242 cum
557 4192 753 4245 interiectionis
767 4192 882 4259 quadam
903 4193 928 4242 vi
941 4192 1004 4259 poni
1017 4191 1193 4243 indicativum
1209 4195 1366 4259 praesentis

232 4277 382 4344 intelleges,
401 4278 439 4330 ita
452 4286 481 4329 ut
494 4285 570 4330 artus
583 4282 733 4345 temporum
747 4293 868 4330 conexus
880 4293 940 4330 esse
953 4278 1066 4330 desinat.
1092 4278 1184 4344 Atque
1199 4277 1234 4330 ad
1249 4280 1366 4334 alterum

232 4377 319 4432 genus
337 4369 462 4429 spectant
480 4367 531 4416 liae
549 4362 700 4432 apodoseos
718 4360 836 4415 formae:
