2956 4822
226 314 267 376 44
753 310 820 394 [ar]

327 507 356 569 3.
402 503 579 589 discrepare
602 502 774 567 dictionem
798 502 870 566 libri
893 500 940 569 IV
956 504 995 567 tit
982 503 1041 567 tuli
1057 502 1168 571 XVIII
1184 527 1203 569 a
1219 506 1362 574 dictione

226 607 377 671 librorum
399 606 498 672 llIet
521 605 567 671 IV
597 609 713 686 1-17,
743 606 985 685 it,tatamen
949 614 985 670 nt
1007 611 1195 691 nesciamus,
1219 633 1297 675 num
1321 615 1358 694 is,

226 713 279 796 qui
301 713 398 776 libros
420 710 467 776 I
451 720 482 775 ct
498 707 526 776 lI
549 710 736 793 composuit,
760 708 894 773 eandem
910 712 1047 776 sentent
1025 719 1101 776 tram
1117 713 1217 777 isdem
1242 717 1359 800 quibus

225 817 335 880 titulus
359 814 405 880 IV
432 818 470 878 18
494 813 599 879 verbis
623 814 799 897 exprimere
823 815 898 878 solit
886 821 937 878 tus
961 815 1000 878 sit
1010 839 1017 880 :

194 989 199 1001 Ι
329 917 362 1002 ιι)
386 917 432 983 IV
458 920 507 999 18,
531 920 550 980 8
573 919 627 1002 qut
655 938 761 1000 opem
774 919 906 1002 flapr'tr’o
937 918 1163 1002 dederuutll
1181 922 1231 986 18.
1256 926 1275 987 9
1304 927 1359 1010 qui

225 1024 502 1087 mirristerium
524 1021 627 1086 eisad
645 1021 703 1085 boc
726 1020 1011 1089 adhibuerunt.
1058 1024 1222 1090 Habemus
1246 1034 1354 1094 autem

225 1125 272 1191 IV
299 1131 324 1204 1,
352 1131 384 1190 11
412 1128 466 1211 qui
488 1125 608 1189 uultum
633 1146 796 1209 operum
819 1126 863 1189 art
877 1125 1009 1209 furtum
1028 1128 1211 1210 faciendum
1240 1131 1358 1195 adbi-

226 1230 321 1294 buit.

328 1334 362 1415 b)
386 1332 531 1412 lV18,9
554 1333 608 1416 qui
632 1379 690 1397 ...
712 1331 856 1414 publicas
868 1335 1020 1415 pecunias
1041 1333 1357 1420 subtraxerunu

225 1438 280 1503 cfr.
304 1436 350 1502 IV
378 1442 389 1500 1
395 1487 404 1517 ,
421 1438 459 1500 12
482 1437 536 1520 qui
557 1437 592 1498 iu
610 1437 791 1519 parentium
815 1435 861 1498 uel
883 1435 1080 1500 doruiuorum
1098 1445 1251 1520 potestate
1272 1448 1356 1520 suut,

223 1544 338 1605 ciram
361 1539 680 1622 eissubrr'piaut.
724 1537 865 1602 Verbum
900 1538 1082 1604 subtrahere
1113 1548 1219 1605 autem
1249 1543 1281 1606 in
1314 1541 1356 1607 III

228 1650 253 1713 1.
277 1649 327 1725 2⁸,
351 1666 413 1730 quo
438 1665 500 1707 uno
532 1644 601 1708 loco
634 1645 818 1728 posterioris
840 1643 1079 1709 Institutionum
1101 1647 1199 1729 partis
1228 1646 1357 1730 legitur,

224 1771 353 1835 prorsus
377 1749 439 1813 alio
463 1747 558 1811 modo
578 1753 765 1830 usurpatur:
788 1747 912 1810 etiamsi
1015 1750 1085 1811 uati
1107 1748 1152 1811 ab
1174 1748 1245 1813 bac
1266 1750 1356 1813 tuce

224 1852 430 1917 subtracti
449 1851 624 1934 fuerint.
1234 1868 1238 1875 <

323 1963 353 2021 4.
398 1977 461 2020 uno
486 1962 608 2018 tautum
632 1955 777 2037 exemplo
802 1954 980 2017 consentire
1003 1954 1172 2019 dictionem
1201 1956 1283 2019 tituli
1307 1955 1354 2021 IV

226 2064 262 2124 18
279 2083 351 2125 cum
366 2061 453 2124 libris
473 2057 516 2124 lll
531 2068 562 2122 et
574 2057 620 2123 lV
637 2063 650 2121 1
665 2059 738 2120 -17
762 2058 817 2139 ita,
842 2065 877 2122 ut
900 2057 1056 2122 differata
1079 2059 1232 2123 librorum
1255 2056 1313 2124 let
1325 2058 1354 2124 ll

223 2162 618 2233 consuetudinele18,
646 2165 683 2226 12
707 2163 847 2246 alioquin
878 2163 1060 2246 ditipeutior
1088 2184 1193 2227 eorum
1224 2165 1355 2229 amentio

221 2269 304 2333 uobis
326 2289 363 2332 ea
385 2268 614 2333 latioribus
637 2267 828 2350 clipeatorum
851 2267 913 2330 siue
933 2267 1162 2350 pandectarum
1186 2267 1275 2331 libris
1298 2269 1354 2333 deo

221 2374 359 2456 propitio
381 2373 557 2436 adventura
579 2378 633 2435 est.

322 2476 390 2540 lam
412 2497 485 2561 pag.
507 2478 542 2538 15
567 2474 783 2538 demonstravi
806 2474 994 2539 adiectirum
1018 2475 1103 2538 tatus
1126 2476 1157 2538 in
1179 2474 1296 2540 librisl
1321 2481 1352 2539 et

222 2578 248 2644 ll
273 2581 399 2643 omnino
423 2599 486 2643 non
510 2579 584 2661 legi,
614 2598 652 2641 eo
684 2579 810 2662 saepius
841 2589 948 2641 autem
979 2580 1010 2641 in
1042 2579 1128 2642 libris
1160 2577 1203 2644 lIl
1236 2586 1267 2642 et
1289 2577 1353 2643 IV:

220 2682 263 2748 Ill
291 2686 336 2757 12,
360 2705 405 2767 pr.
435 2703 472 2746 eu
501 2682 732 2746 latioribus
761 2682 954 2766 ‹tipestorum
976 2681 1075 2764 tibris,
1099 2681 1154 2746 cfr.
1181 2680 1226 2746 lV
1250 2685 1287 2764 6,
1312 2686 1350 2764 2;

222 2791 251 2866 6,
276 2793 313 2864 53
337 2788 365 2861 6,
390 2788 445 2863 373
473 2787 521 2866 13,
545 2788 583 2865 63
610 2788 658 2864 14,
682 2787 711 2849 3.

320 2890 433 2974 ltaque
464 2910 534 2951 curu
567 2887 796 2951 Huschkianae
829 2887 1027 2951 coniecturae
1061 2888 1111 2951 hic
1143 2909 1225 2951 unns
1256 2907 1350 2971 quem

220 2993 363 3057 ultimum
385 2992 444 3055 feci
468 2991 557 3054 locus
580 2996 745 3075 repugnet,
767 3011 830 3053 non
846 2991 1097 3074 improbabiliter
1112 2993 1255 3055 conicere
1274 2992 1350 3054 mihi

221 3095 331 3159 videor
354 3105 427 3179 post
449 3094 630 3159 absolutum
647 3094 887 3158 Institutionum
911 3116 1036 3179 corpus,
1060 3096 1144 3179 quod
1168 3095 1254 3160 libris
1271 3093 1293 3159 Ι.
1310 3092 1348 3160 ll.

221 3196 272 3265 lII.
297 3197 344 3263 IV
370 3201 470 3262 1-17
496 3198 700 3274 efficiebatur,
724 3198 952 3263 Triboniannm
981 3199 1147 3263 Dorotheo
1171 3198 1351 3277 mandasse,

221 3311 255 3366 ut
278 3303 404 3366 titulum
427 3300 474 3366 IV
491 3305 530 3366 18
553 3303 765 3387 supplementi
790 3303 860 3366 loco
885 3312 1098 3387 componeret,
1122 3302 1350 3366 'tribonianum

220 3413 326 3471 antem
348 3408 462 3491 ipsum,
485 3428 556 3470 cum
572 3405 728 3470 Dorothei
751 3407 885 3471 schedas
908 3408 1086 3493 perlegeret
1102 3407 1348 3491 corrigeretquc,

220 3510 412 3573 adiectivum
434 3510 598 3573 latioribus
621 3510 790 3574 addidisse.
828 3511 1028 3595 Quamquam
1052 3512 1128 3574 alias
1152 3531 1208 3574 nee
1231 3529 1348 3594 paucas

222 3615 289 3677 rias
320 3613 359 3676 ad
390 3614 556 3677 leviculum
588 3614 669 3677 hano
700 3615 926 3696 differentiam,
959 3636 1041 3699 quae
1072 3617 1153 3680 inter
1180 3615 1348 3678 dictionem

220 3718 303 3780 tituli
315 3714 361 3782 IV
378 3719 417 3781 18
430 3724 463 3781 et
475 3717 644 3782 dictionem
656 3718 809 3782 librorum
821 3717 833 3782 l
846 3729 878 3783 et
890 3717 918 3783 ll
934 3719 1111 3800 intercedit,
1127 3718 1346 3803 explicandam

220 3830 331 3903 patero
355 3828 600 3887 consentaneum
625 3831 681 3887 est.
