2956 4822
210 285 252 347 aa
730 278 821 364 [raa]

209 476 406 542 sollemniter
430 474 597 552 conlectis,
626 473 739 557 quibus
762 474 1006 557 comprobarent
1039 495 1172 561 peregre
1194 498 1267 540 esse
1291 476 1348 541 de·

211 584 357 660 bitoram‚
379 579 564 643 dilationem
587 598 628 641 ex
649 579 721 660 lege
744 579 979 663 impetrassent.
1011 580 1101 653 Quae
1124 602 1196 644 oum
1212 582 1256 645 ita
1272 583 1346 661 sint,

208 688 239 750 in
269 696 366 749 uersu
387 688 423 747 41
452 705 515 747 uon
547 682 690 746 dubitaui
721 683 870 766 supplere
904 681 1016 758 ἐξέστω
1047 683 1098 747 τόν
1128 684 1346 767 ἀποδημοῦντα

208 787 485 868 προσκαλέσασθαι.
515 786 688 850 Insolentia
712 786 806 869 igitur
831 786 923 849 huius
947 789 1001 866 rei,
1025 788 1109 871 quod
1134 810 1206 852 reus
1228 790 1346 854 absens

207 897 238 959 in
262 896 311 957 ius
334 900 485 973 uocatur,
516 911 611 954 oausa
636 898 703 967 est,
733 911 789 953 our
810 890 960 955 insolenti
983 891 1078 955 modo
1103 891 1163 957 hoo
1187 896 1344 960 conficere

207 1021 263 1064 rex
286 998 413 1062 iubeat:
437 1015 540 1080 neque
563 994 644 1058 euim
660 1014 680 1055 a
696 993 790 1057 domo
816 994 935 1071 solum,
958 995 1012 1058 sed
1037 997 1165 1059 etiams
1182 999 1343 1081 praetorio

208 1108 374 1166 aecusator
388 1120 476 1162 reum
492 1099 523 1162 in
539 1098 588 1161 ius
604 1104 730 1175 uocato,
754 1104 785 1160 et
809 1096 925 1160 referto
948 1098 988 1161 ad
1008 1108 1200 1182 praetorem,
1223 1103 1346 1167 soilioet

207 1213 243 1270 ut
259 1204 375 1270 tabulis
397 1203 531 1286 publiois
555 1223 605 1266 res
631 1201 838 1285 consignetur
860 1208 893 1264 et
915 1202 1118 1278 confirmetur
1134 1204 1162 1269 ei
1179 1206 1227 1269 ius
1247 1207 1344 1270 etiam

207 1317 280 1393 post
303 1329 420 1373 annum
444 1307 620 1390 legitimum
643 1307 729 1390 paoti
753 1306 823 1389 lege
846 1305 878 1368 in
903 1306 1076 1372 debitorem
1101 1309 1226 1391 agendi.
1252 1310 1344 1375 Haeo

207 1422 314 1477 autem
337 1413 415 1475 fiant
437 1411 570 1475 testibus
603 1410 840 1494 praesentibus,
871 1430 951 1493 quos
981 1432 1055 1474 num
1088 1413 1239 1477 adhibere
1263 1414 1344 1480 uelit

207 1539 306 1581 neone
329 1538 400 1580 oum
424 1515 603 1579 accusatori
625 1515 766 1598 permitti
791 1515 844 1577 uix
869 1516 978 1599 possit,
1002 1517 1145 1600 suspicor
1168 1518 1343 1602 litteramp

208 1642 289 1707 quae
306 1628 354 1684 est
369 1625 443 1683 ante
465 1616 601 1682 ἐναντίον
623 1617 663 1680 ad
688 1618 783 1681 aliam
805 1619 908 1703 potius
931 1640 1043 1684 uooem
1067 1623 1234 1706 pertinere,
1259 1644 1342 1706 quae

207 1725 334 1810 perierit
350 1744 421 1786 oum
438 1721 642 1806 magistratus
657 1722 795 1801 nomine,
818 1744 913 1807 quarn
929 1724 1129 1789 scribendum
1147 1747 1215 1790 esse
1232 1723 1251 1809 ἢ
1269 1747 1341 1790 oum

208 1827 448 1910 Waddingtono
483 1833 514 1889 et
547 1825 808 1909 Ditteubergero.
861 1826 955 1891 Certe
989 1849 1046 1912 pro
1082 1830 1343 1892 ΚΑΚΤΟΚΩΝ

208 1932 293 2017 quod
317 1930 405 1994 nihili
427 1937 485 2009 est,
508 1929 740 1996 restituendum
765 1938 814 1995 est
834 1930 999 2013 κλητόρων.
1045 1933 1094 1997 De
1122 1935 1256 1998 testibus
1280 1934 1341 1998 diei

207 2037 302 2100 etiam
326 2034 592 2117 Ditteubergerus
615 2035 788 2118 perspexit,
812 2056 881 2097 oum
906 2036 1059 2101 scriberet
1083 2035 1256 2117 μαρτύριον.
1302 2038 1341 2101 Ei

206 2147 311 2202 autem
336 2140 443 2222 quiin
467 2139 515 2201 ius
548 2136 692 2201 uooaudo
723 2137 933 2218 (προσκλήσττλ
963 2139 1120 2203 intersunt
1149 2149 1245 2206 testes
1276 2164 1341 2206 nou

205 2241 366 2324 μάρτυρες,
390 2241 448 2306 sed
465 2243 560 2305 attice
577 2240 704 2325 quidem
722 2246 880 2328 κλητῆρες,
905 2246 1064 2307 eornmuni
1081 2253 1187 2307 autam
1204 2247 1341 2310 dialecto

206 2344 348 2427 κλήτορες
364 2343 510 2408 dicuntur
525 2346 543 2407 ¹.
575 2346 664 2417 Quos
680 2344 761 2407 duos
777 2354 812 2406 ut
828 2343 878 2406 hie
894 2345 937 2408 ita
952 2345 1085 2410 Athenis
1101 2370 1227 2433 sempor
1243 2349 1343 2414 luisse

206 2456 239 2512 et
254 2456 379 2512 constat
395 2456 428 2511 et
444 2447 561 2512 diserte
577 2447 813 2512 Demosthenes
838 2457 973 2512 testatur
990 2453 1033 2526 (o.
1046 2451 1157 2516 Boeot.
1174 2475 1203 2537 p.
1221 2457 1339 2535 1011,ο.

205 2573 250 2616 or.
275 2555 373 2630 40‚·ra:
405 2541 488 2614 adcor
519 2549 622 2632 ὥσπερ
653 2558 799 2634 κλητῆρος
822 2549 874 2614 d'do
902 2552 990 2632 μόνοι
1021 2551 1105 2631 ὄντος
1127 2560 1339 2639 μαρτυροῦσι).

205 2656 363 2719 Conuenit
376 2655 447 2719 huic
459 2655 682 2740 supplemento
695 2657 788 2720 etiam
798 2678 859 2721 uox
872 2656 1042 2739 ἀξιόχρεων,
1058 2681 1139 2744 quae
1152 2660 1192 2724 de
1205 2663 1339 2727 testibus

204 2760 416 2846 locupletibus
439 2759 633 2823 sollemniter
657 2760 799 2824 dieitur2.

739 2933 808 3014 §a

307 3073 444 3137 Primam
462 3072 556 3136 huius
573 3073 765 3157 paragraphi
782 3076 974 3138 senteutiam
990 3097 1060 3139 cnm
1079 3077 1339 3163 Waddingtonus

205 3186 236 3242 et
260 3177 414 3241 Hioksius
446 3198 516 3240 oum
549 3179 711 3261 superiore
745 3178 877 3261 periodo
913 3182 1126 3265 coniungunt,¹
1155 3183 1193 3246 ad
1227 3206 1339 3252 causas

205 3302 315 3347 eorum
340 3282 393 3364 qui
417 3301 550 3364 peregre
574 3289 666 3361 sunt,
701 3281 816 3345 referre
841 3283 998 3347 uidentur.
1044 3287 1087 3348 At
1110 3309 1180 3351 oum
1204 3311 1267 3354 non
1293 3293 1338 3355 eis

203 3405 284 3469 quae
314 3391 427 3467 postea
458 3385 616 3465 serentur,
647 3385 702 3448 sed
733 3387 815 3468 pacti
851 3386 974 3470 legibus
1004 3390 1072 3453 illas
1105 3412 1217 3456 causas
1241 3396 1283 3473 (si
1306 3397 1337 3459 in

307 3545 314 3575 ¹
336 3541 435 3591 Forma
453 3545 548 3607 κλὴτωρ
567 3542 716 3592 oonrmuois
737 3558 785 3607 pro
805 3544 890 3593 attica
910 3548 997 3611 κλρτὴρ
1011 3544 1055 3607 (ri.
1070 3551 1165 3615 φραττίρ
1180 3555 1206 3598 et
1225 3555 1337 3622 τρρτίττορ)

204 3634 314 3694 praeter
333 3627 512 3678 Plutarchum
540 3626 585 3687 (do
611 3628 729 3678 sanitate
749 3645 773 3694 p.
798 3627 844 3680 128
863 3629 893 3689 f.)
914 3630 986 3694 apud
1015 3637 1206 3694 grammaticos
1231 3644 1335 3689 rantum

202 3714 319 3778 legitur:
340 3712 487 3764 Herodian.
500 3719 561 3781 Περὶ
577 3727 636 3765 ποθ.
650 3737 722 3781 προσ.
736 3715 765 3765 Β.
779 3731 804 3781 p.
817 3716 875 3777 49,1
891 3716 934 3779 (L)
952 3718 987 3769 Tri
1000 3721 1031 3777 οἷς
1048 3742 1081 3783 ooo
1095 3725 1177 3772 actm
1195 3728 1338 3790 stepanus«,

202 3801 290 3869 ῥήτωρ,
309 3806 403 3868 κλήτοορ
423 3811 474 3850 etc.
495 3803 529 3852 cl.
548 3808 611 3868 Περὶ
632 3825 686 3868 μον.
706 3807 751 3863 2³}-
774 3805 800 3853 ll.
821 3819 845 3867 p.
864 3803 923 3867 937,
941 3804 983 3856 243.
1007 3803 1250 3874 801101.Ᾱῐίθῐορ11.
1266 3810 1338 3863 Plut.

201 3885 259 3938 891.
292 3886 361 3938 Nub.
385 3886 455 3940 1301.
487 3889 605 3954 Hesyrh.
625 3906 646 3939 s.
666 3905 690 3940 v.
711 3889 809 3941 Suidas
830 3906 852 3939 v.
872 3896 988 3955 ολρτούττ.
1026 3893 1088 3943 Lex.
1108 3893 1169 3960 Sug.
1189 3912 1213 3961 p.
1232 3895 1335 3960 9726.

203 3975 280 4038 Apud
302 3975 511 4026 Demosthenem
532 3991 557 4041 p.
580 3976 652 4040 1147,
670 3975 686 4026 0
705 3975 754 4035 (or.
775 3977 817 4039 47,
836 3976 880 4039 27)
894 3993 952 4028 oum
973 3978 1067 4029 codiee
1085 3984 1109 4031 Σ
1129 3981 1275 4047 legendum
1296 3991 1336 4034 ost

201 4060 330 4125 κλρτῆρτςς
347 4076 371 4125 p.
381 4061 440 4125 att,
450 4061 467 4113 3
476 4060 529 4126 (or.
543 4061 581 4125 18,
592 4061 634 4123 bb)
648 4063 674 4112 iu
693 4062 789 4113 libello
809 4065 899 4114 uerbis
918 4066 1036 4116 oratoris
1050 4067 1212 4132 interposito
1225 4067 1338 4136 κλήτορες

201 4145 310 4212 legitur.

305 4229 316 4267 ³
334 4233 472 4286 Demosth.
483 4251 508 4302 p.
521 4233 594 4297 1026,
606 4235 638 4290 19
656 4231 705 4299 (or.
716 4233 757 4297 40,
766 4233 819 4301 01).
848 4235 930 4290 Plelo
945 4237 1023 4305 Apol.
1034 4254 1060 4306 p.
1069 4236 1104 4292 90
1115 4256 1137 4292 a.
1166 4239 1217 4293 Dio
1237 4240 1334 4310 Chrys.

202 4335 240 4371 or.
259 4318 300 4380 00,
320 4319 417 4373 1135‘2
437 4320 467 4372 R.
