3030 4816
420 946 540 1027 PARS
572 943 818 1026 Posllulou
844 1003 852 1025 .
878 944 935 1025 ol
964 944 1242 1027 APHAERESI.
1298 1030 1302 1036 .

266 1159 411 1274 capiis*
434 1209 450 1272 Ι
473 1212 482 1273 ’.
505 1207 565 1273 Du
600 1207 717 1273 UOCE
741 1207 1022 1272 APHAERESIS
1052 1208 1107 1271 ΕΤ
1139 1207 1198 1272 DE
1233 1209 1415 1275 APHAE·

631 1331 797 1396 Rusuos
830 1330 1029 1397 LEGIBUS.

372 1523 563 1608 Aphaeresis
586 1524 631 1602 fit,
660 1524 686 1585 si
717 1524 836 1586 uocalis
867 1523 995 1587 initialis
1027 1523 1132 1587 breuis
1165 1530 1238 1606 post
1270 1526 1407 1609 longam

266 1629 412 1691 uooalcm
434 1627 487 1690 uel
511 1626 744 1711 diphthongum
778 1626 927 1691 uocabuli
959 1627 1177 1710 praecedent-is
1210 1627 1343 1694 eliditur
1375 1639 1409 1694 et

266 1753 322 1816 per
354 1731 584 1815 apostrophum
616 1730 821 1814 significatur.
860 1728 983 1805 'Quam
1017 1732 1179 1796 elisionem
1211 1732 1406 1816 aphaeresin

266 1832 456 1919 (ἀφαίρεσιν)
481 1835 645 1897 nominare
668 1835 818 1914 solemus,
842 1833 1034 1898 Kuehnerus
1057 1833 1130 1916 (Gr.
1155 1856 1207 1918 pg.
1235 1834 1313 1918 189)
1338 1860 1403 1902 nou

265 1940 349 2002 malo
376 1937 555 2018 „elisionem
580 1933 758 2000 inuersam“
783 1936 888 2000 dicere
910 1938 1042 2001 mauult.
1088 1934 1170 2000 Nam
1187 1957 1260 2000 cum
1276 1938 1307 2001 in
1325 1941 1402 2002 sim·

264 2043 337 2127 plici
369 2041 500 2106 elisione
531 2042 653 2125 syllaba
684 2051 829 2106 extrema
859 2041 972 2125 prioris
1002 2042 1089 2106 uocis
1120 2063 1233 2105 sonum
1267 2044 1402 2108 minoris

265 2146 418 2210 momenti
442 2144 568 2225 haheat,
597 2146 779 2229 posterioris
811 2144 958 2209 uocabuli
989 2144 1110 2230 syllaba
1140 2145 1241 2228 prima
1271 2148 1403 2213 maioris

267 2253 307 2313 sit
339 2250 547 2330 auctoritatis,
580 2250 612 2311 iu
643 2246 782 2312 ‘elisione
814 2245 948 2313 inuersa’
981 2250 1173 2314 eontrarium
1206 2272 1266 2313 usu
1300 2252 1401 2330 uenit,

264 2355 290 2418 si
316 2353 443 2438 quidem
467 2351 590 2436 syllaba
620 2352 731 2437 prioris
763 2352 909 2416 uocabuli
936 2361 1079 2416 extrema
1101 2353 1171 2436 plus
1195 2353 1282 2416 ualet
1304 2376 1405 2439 quam

264 2455 445 2540 posterioris
463 2455 612 2517 uocabuli
628 2456 741 2539 prima.
778 2455 850 2527 Qua
865 2457 895 2518 iu
915 2455 1054 2529 elisione,
1071 2477 1134 2520 non
1150 2476 1243 2519 secus
1257 2464 1356 2540 atque
1368 2459 1402 2522 in

265 2558 409 2642 simplici,
441 2559 560 2623 uocalis
585 2559 661 2622 eliso
683 2580 746 2622 non
780 2580 910 2643 prorsus
943 2559 1114 2639 euanescit,
1147 2558 1203 2621 sed
1235 2559 1403 2625 imminuta

263 2663 411 2747 quamuis
447 2661 560 2726 leniter
593 2663 835 2745 pronuntiatum
874 2669 967 2746 atque
1002 2662 1208 2726 commissura
1242 2666 1402 2747 quaedam

263 2767 398 2830 duarum
417 2765 571 2830 uocaliunr
589 2767 632 2845 lit,
647 2787 709 2850 qua
727 2766 808 2830 duae
824 2766 952 2829 uocales
969 2766 1070 2829 miuus
1083 2775 1150 2828 arte
1163 2767 1403 2849 coniunguntur

264 2892 359 2955 quarn
383 2871 413 2932 iu
437 2872 526 2949 crasi,
551 2871 594 2933 ita
617 2871 735 2934 scilicet
758 2879 793 2933 ut
815 2880 950 2955 utraque
975 2871 1132 2935 audiatur.
1179 2869 1401 2955 interpunctio

262 2976 315 3038 uel
338 2995 544 3058 personarum
563 2975 695 3038 mutatio
714 2975 765 3036 uel
782 2996 882 3059 pausa
899 2976 1029 3038 metrica
1044 2973 1211 3038 ‘elisionem
1229 2974 1403 3040 inuersam'

263 3100 325 3141 non
349 3078 490 3162 impedit,
514 3079 602 3141 uelut
624 3078 709 3162 apud
734 3078 831 3160 Soph.
858 3076 915 3141 Ph.
940 3080 999 3142 591
1032 3077 1118 3160 λέγω·
1144 3075 1185 3139 'nl
1212 3085 1331 3142 τοῦτον.
1361 3120 1399 3131 -

263 3181 318 3246 Ar.
342 3180 427 3245 Nub.
453 3182 536 3245 1354
559 3181 678 3265 φράσω·
704 3180 811 3265 ’πειὸή.
857 3181 933 3246 Eur.
956 3181 1054 3266 illies.
1082 3185 1139 3246 157
1165 3180 1233 3262 ἥξω·
1262 3183 1304 3244 ’ni
1330 3185 1403 3249 τού·

262 3311 323 3362 τοις
352 3295 411 3350 etc.
436 3322 474 3330 —
508 3287 591 3359 Quin
621 3277 715 3350 etiam
746 3286 776 3348 in
811 3306 961 3349 uersuum
991 3286 1126 3352 duorum
1157 3286 1295 3350 confinio
1326 3298 1404 3373 post

262 3389 374 3471 prioris
405 3391 553 3453 uocabuli
584 3389 727 3454 uocalem
757 3391 884 3472 longam
918 3390 969 3463 uel
993 3389 1224 3474 diphthongum
1249 3391 1318 3455 tolli
1344 3415 1403 3478 po·

262 3499 326 3555 test
350 3493 479 3556 alterius
504 3494 624 3557 uocalis
658 3495 772 3572 breuis,
804 3492 888 3578 quod
918 3495 1044 3577 saepius
1077 3500 1247 3587 augmento
1272 3496 1403 3582 accidit,

261 3604 297 3657 ut
311 3592 373 3657 ἄνω
395 3631 424 3638 -
448 3593 583 3680 ’φορεῖθ’
599 3595 695 3683 Soph.
712 3597 761 3662 El.
781 3596 911 3672 orello.
937 3633 974 3642 —
1001 3597 1137 3682 Spiritus
1161 3618 1257 3681 asper
1281 3601 1403 3667 uocalis

262 3698 427 3764 elidendae
441 3698 630 3785 aphaeresin
643 3703 800 3765 rarissime
814 3703 949 3785 patitur:
965 3698 1010 3781 μή
1023 3700 1146 3780 ’rr-'proce
1159 3703 1214 3765 Ar.
1228 3700 1311 3766 Aah.
1323 3706 1402 3771 828.

363 3803 469 3867 ‘Elisio
492 3805 625 3868 inuersa'
655 3805 839 3887 saepissime
872 3805 906 3868 fit
936 3813 1009 3887 post
1040 3805 1170 3869 uoculas
1203 3802 1233 3885 ἤ,
1261 3803 1319 3887 μή,
1348 3807 1405 3892 δή,

260 3906 346 3988 sim.;
377 3929 416 3970 ex
442 3908 604 3972 uocalibus
635 3910 771 3973 'elisione
804 3905 938 3972 inuersa'
962 3907 1045 3973 duae
1069 3907 1291 3972 tantummodo
1316 3901 1406 3976 affici

259 4019 408 4095 possunt:
433 4038 444 4073 a
471 4018 502 4074 et
524 4020 563 4092 ᾰ;
587 4037 612 4087 ο,
636 4041 655 4088 ι,
677 4039 694 4074 υ
718 4032 877 4096 nunquam
901 4033 957 4096 per
981 4013 1165 4095 aphaeresin
1189 4011 1356 4077 tolluntur.

362 4136 391 4179 a.
436 4139 450 4177 s·
486 4114 612 4178 eliditur
647 4115 831 4199 saepissime
866 4116 897 4179 iu
935 4125 1124 4199 augmento,
1163 4117 1193 4178 iu
1233 4117 1403 4190 uocabulis

260 4218 380 4293 ἐκεῖνος,
404 4215 515 4294 ἐθέλω,
538 4219 631 4294 ἐστίν,
653 4218 684 4281 in
708 4219 998 4302 praepositionibus
1022 4220 1082 4294 ἐπί,
1107 4221 1148 4296 ἐξ,
1172 4221 1211 4296 ἐν,
1227 4221 1268 4296 ἐς,
1292 4222 1324 4285 in
1346 4223 1406 4287 ad·

258 4320 374 4386 uerbiis
398 4321 513 4403 ἐπειδή,
537 4319 653 4398 ἔπειτα,
680 4322 776 4399 sodor,
807 4321 933 4400 ἐνθάδε,
963 4325 1112 4401 ἐνταῦθα,
1142 4325 1299 4400 ἐντεῦθεν,
1332 4325 1407 4407 ἔξω,
