<?xml version="1.0" encoding="UTF-8"?>
<!DOCTYPE html PUBLIC "-//W3C//DTD XHTML 1.0 Transitional//EN"
    "http://www.w3.org/TR/xhtml1/DTD/xhtml1-transitional.dtd">
<html xmlns="http://www.w3.org/1999/xhtml" xml:lang="en" lang="en">
 <head>
  <title>
</title>
<meta http-equiv="Content-Type" content="text/html;charset=utf-8" />
  <meta name='ocr-system' content='tesseract 3.04.00' />
  <meta name='ocr-capabilities' content='ocr_page ocr_carea ocr_par ocr_line ocrx_word'/>
</head>
<body>
  <div class='ocr_page' id='page_1' title='image "./dissertationesp00stragoog/dissertationesp00stragoog_0483.png"; bbox 0 0 2956 4822; ppageno 0'>
   <div class='ocr_carea' id='block_1_1' title="bbox 193 240 808 364">
    <p class='ocr_par' dir='ltr' id='par_1_1' title="bbox 193 240 808 364">
     <span class='ocr_line' id='line_1_1' title="bbox 193 240 808 364; baseline -0.005 -15"><span class='ocrx_word' id='word_1_1' title='bbox 193 288 234 350; x_wconf 82' lang='lat' dir='ltr'>ra</span> <span class='ocrx_word' id='word_1_2' title='bbox 267 240 269 243; x_wconf 32' lang='lat'>⁵</span> <span class='ocrx_word' id='word_1_3' title='bbox 719 279 808 364; x_wconf 84' lang='lat' dir='ltr'>[roo]</span> 
     </span>
    </p>
   </div>
   <div class='ocr_carea' id='block_1_2' title="bbox 189 472 1334 2643">
    <p class='ocr_par' dir='ltr' id='par_1_2' title="bbox 189 472 1334 646">
     <span class='ocr_line' id='line_1_2' title="bbox 189 472 1334 560; baseline -0.002 -20"><span class='ocrx_word' id='word_1_4' title='bbox 189 476 221 540; x_wconf 93' lang='lat' dir='ltr'>in</span> <span class='ocrx_word' id='word_1_5' title='bbox 247 476 389 541; x_wconf 88' lang='lat' dir='ltr'>fontibus</span> <span class='ocrx_word' id='word_1_6' title='bbox 413 475 551 540; x_wconf 90' lang='lat' dir='ltr'>occurrit</span> <span class='ocrx_word' id='word_1_7' title='bbox 574 474 762 560; x_wconf 87' lang='lat' dir='ltr'>significatio</span> <span class='ocrx_word' id='word_1_8' title='bbox 786 478 854 538; x_wconf 92' lang='lat' dir='ltr'>tum</span> <span class='ocrx_word' id='word_1_9' title='bbox 886 473 1034 559; x_wconf 90' lang='lat' dir='ltr'>temporis</span> <span class='ocrx_word' id='word_1_10' title='bbox 1058 475 1140 539; x_wconf 90' lang='lat' dir='ltr'>inter</span> <span class='ocrx_word' id='word_1_11' title='bbox 1163 472 1334 539; x_wconf 75' lang='lat' dir='ltr'>Seleucum</span> 
     </span>
     <span class='ocr_line' id='line_1_3' title="bbox 191 580 895 646; baseline -0.003 0"><span class='ocrx_word' id='word_1_12' title='bbox 191 587 224 646; x_wconf 91' lang='lat' dir='ltr'>et</span> <span class='ocrx_word' id='word_1_13' title='bbox 247 580 468 646; x_wconf 86' lang='lat' dir='ltr'>Ptolemaeum</span> <span class='ocrx_word' id='word_1_14' title='bbox 491 580 586 643; x_wconf 90' lang='lat' dir='ltr'>armis</span> <span class='ocrx_word' id='word_1_15' title='bbox 610 585 767 646; x_wconf 84' lang='lat' dir='ltr'>certatum</span> <span class='ocrx_word' id='word_1_16' title='bbox 788 598 862 643; x_wconf 90' lang='lat' dir='ltr'>esse</span> <span class='ocrx_word' id='word_1_17' title='bbox 877 580 895 644; x_wconf 91' lang='lat'>¹.</span> 
     </span>
    </p>

    <p class='ocr_par' dir='ltr' id='par_1_3' title="bbox 189 682 1334 1272">
     <span class='ocr_line' id='line_1_4' title="bbox 293 682 1331 778; baseline -0.002 -31"><span class='ocrx_word' id='word_1_18' title='bbox 293 684 421 750; x_wconf 80' lang='lat' dir='ltr'>Deinde</span> <span class='ocrx_word' id='word_1_19' title='bbox 437 705 507 747; x_wconf 91' lang='lat' dir='ltr'>cum</span> <span class='ocrx_word' id='word_1_20' title='bbox 524 683 703 747; x_wconf 79' lang='lat' dir='ltr'><strong>Antiochus</strong></span> <span class='ocrx_word' id='word_1_21' title='bbox 716 682 842 748; x_wconf 81' lang='lat' dir='ltr'>Seleuci</span> <span class='ocrx_word' id='word_1_22' title='bbox 858 682 956 747; x_wconf 83' lang='lat' dir='ltr'>frater</span> <span class='ocrx_word' id='word_1_23' title='bbox 972 683 1081 768; x_wconf 91' lang='lat' dir='ltr'>paullo</span> <span class='ocrx_word' id='word_1_24' title='bbox 1098 689 1171 778; x_wconf 84' lang='lat' dir='ltr'>post</span> <span class='ocrx_word' id='word_1_25' title='bbox 1188 703 1331 767; x_wconf 84' lang='lat' dir='ltr'>pugnam</span> 
     </span>
     <span class='ocr_line' id='line_1_5' title="bbox 189 784 1334 874; baseline -0.003 -20"><span class='ocrx_word' id='word_1_26' title='bbox 189 788 276 874; x_wconf 90' lang='lat' dir='ltr'>apud</span> <span class='ocrx_word' id='word_1_27' title='bbox 300 788 463 873; x_wconf 86' lang='lat' dir='ltr'>Ancyram</span> <span class='ocrx_word' id='word_1_28' title='bbox 487 788 700 868; x_wconf 87' lang='lat' dir='ltr'>commissam,</span> <span class='ocrx_word' id='word_1_29' title='bbox 734 793 816 852; x_wconf 92' lang='lat' dir='ltr'>teste</span> <span class='ocrx_word' id='word_1_30' title='bbox 841 786 991 864; x_wconf 83' lang='lat' dir='ltr'>Eusebio,</span> <span class='ocrx_word' id='word_1_31' title='bbox 1015 785 1212 871; x_wconf 85' lang='lat' dir='ltr'>Magnesiam</span> <span class='ocrx_word' id='word_1_32' title='bbox 1243 784 1334 869; x_wconf 84' lang='lat' dir='ltr'>(eam</span> 
     </span>
     <span class='ocr_line' id='line_1_6' title="bbox 191 888 1333 977; baseline -0.004 -20"><span class='ocrx_word' id='word_1_33' title='bbox 191 900 225 957; x_wconf 92' lang='lat' dir='ltr'>ut</span> <span class='ocrx_word' id='word_1_34' title='bbox 249 892 378 957; x_wconf 91' lang='lat' dir='ltr'>uidetur</span> <span class='ocrx_word' id='word_1_35' title='bbox 401 913 483 977; x_wconf 92' lang='lat' dir='ltr'>quae</span> <span class='ocrx_word' id='word_1_36' title='bbox 511 890 552 955; x_wconf 92' lang='lat' dir='ltr'>ad</span> <span class='ocrx_word' id='word_1_37' title='bbox 576 890 785 955; x_wconf 80' lang='lat' dir='ltr'>Maeandrum</span> <span class='ocrx_word' id='word_1_38' title='bbox 815 892 876 955; x_wconf 92' lang='lat' dir='ltr'>sita</span> <span class='ocrx_word' id='word_1_39' title='bbox 907 888 991 974; x_wconf 86' lang='lat' dir='ltr'>erat)</span> <span class='ocrx_word' id='word_1_40' title='bbox 1021 890 1156 975; x_wconf 87' lang='lat' dir='ltr'>fugeret,</span> <span class='ocrx_word' id='word_1_41' title='bbox 1190 892 1269 955; x_wconf 92' lang='lat' dir='ltr'>haec</span> <span class='ocrx_word' id='word_1_42' title='bbox 1300 891 1333 954; x_wconf 92' lang='lat' dir='ltr'>in</span> 
     </span>
     <span class='ocr_line' id='line_1_7' title="bbox 189 995 1332 1082; baseline -0.002 -21"><span class='ocrx_word' id='word_1_43' title='bbox 189 997 370 1063; x_wconf 82' lang='lat' dir='ltr'>Ptolemaei</span> <span class='ocrx_word' id='word_1_44' title='bbox 394 1002 556 1082; x_wconf 81' lang='lat' dir='ltr'>potestate</span> <span class='ocrx_word' id='word_1_45' title='bbox 580 997 659 1061; x_wconf 80' lang='lat' dir='ltr'>er&#39;at.</span> <span class='ocrx_word' id='word_1_46' title='bbox 706 995 779 1070; x_wconf 80' lang='lat' dir='ltr'>Qua</span> <span class='ocrx_word' id='word_1_47' title='bbox 802 1017 899 1060; x_wconf 84' lang='lat' dir='ltr'>exre</span> <span class='ocrx_word' id='word_1_48' title='bbox 922 995 984 1060; x_wconf 89' lang='lat' dir='ltr'>hoc</span> <span class='ocrx_word' id='word_1_49' title='bbox 1013 996 1159 1079; x_wconf 84' lang='lat' dir='ltr'>colligam</span> <span class='ocrx_word' id='word_1_50' title='bbox 1189 1016 1332 1079; x_wconf 84' lang='lat' dir='ltr'>pugnam</span> 
     </span>
     <span class='ocr_line' id='line_1_8' title="bbox 191 1098 1332 1188; baseline -0.001 -22"><span class='ocrx_word' id='word_1_51' title='bbox 191 1102 395 1188; x_wconf 81' lang='lat' dir='ltr'>Ancyranam</span> <span class='ocrx_word' id='word_1_52' title='bbox 419 1101 537 1166; x_wconf 88' lang='lat' dir='ltr'>factam</span> <span class='ocrx_word' id='word_1_53' title='bbox 561 1121 631 1166; x_wconf 89' lang='lat' dir='ltr'>esse</span> <span class='ocrx_word' id='word_1_54' title='bbox 653 1107 825 1186; x_wconf 90' lang='lat' dir='ltr'>antequam</span> <span class='ocrx_word' id='word_1_55' title='bbox 853 1100 998 1165; x_wconf 88' lang='lat' dir='ltr'>ciuitates</span> <span class='ocrx_word' id='word_1_56' title='bbox 1021 1100 1119 1165; x_wconf 90' lang='lat' dir='ltr'>Asiae</span> <span class='ocrx_word' id='word_1_57' title='bbox 1150 1100 1182 1163; x_wconf 94' lang='lat' dir='ltr'>in</span> <span class='ocrx_word' id='word_1_58' title='bbox 1206 1098 1332 1165; x_wconf 77' lang='lat' dir='ltr'>Seleuci</span> 
     </span>
     <span class='ocr_line' id='line_1_9' title="bbox 190 1206 558 1272; baseline 0 -2"><span class='ocrx_word' id='word_1_59' title='bbox 190 1206 286 1272; x_wconf 88' lang='lat' dir='ltr'>fidem</span> <span class='ocrx_word' id='word_1_60' title='bbox 311 1210 558 1270; x_wconf 89' lang='lat' dir='ltr'>reuerterentur.</span> 
     </span>
    </p>

    <p class='ocr_par' dir='ltr' id='par_1_4' title="bbox 189 1307 1334 2643">
     <span class='ocr_line' id='line_1_10' title="bbox 294 1307 1333 1388; baseline -0.001 -15"><span class='ocrx_word' id='word_1_61' title='bbox 294 1307 378 1373; x_wconf 84' lang='lat' dir='ltr'>Nam</span> <span class='ocrx_word' id='word_1_62' title='bbox 400 1309 432 1372; x_wconf 90' lang='lat' dir='ltr'>in</span> <span class='ocrx_word' id='word_1_63' title='bbox 456 1330 496 1373; x_wconf 88' lang='lat' dir='ltr'>eo</span> <span class='ocrx_word' id='word_1_64' title='bbox 520 1310 619 1373; x_wconf 91' lang='lat' dir='ltr'>totius</span> <span class='ocrx_word' id='word_1_65' title='bbox 643 1308 709 1372; x_wconf 84' lang='lat' dir='ltr'>fere</span> <span class='ocrx_word' id='word_1_66' title='bbox 733 1307 778 1372; x_wconf 90' lang='lat' dir='ltr'>rei</span> <span class='ocrx_word' id='word_1_67' title='bbox 802 1328 926 1372; x_wconf 90' lang='lat' dir='ltr'>summa</span> <span class='ocrx_word' id='word_1_68' title='bbox 947 1314 1094 1372; x_wconf 88' lang='lat' dir='ltr'>uersatur</span> <span class='ocrx_word' id='word_1_69' title='bbox 1118 1307 1333 1388; x_wconf 85' lang='lat' dir='ltr'>diiudicanda,</span> 
     </span>
     <span class='ocr_line' id='line_1_11' title="bbox 191 1411 1332 1499; baseline -0.002 -20"><span class='ocrx_word' id='word_1_70' title='bbox 191 1422 297 1479; x_wconf 90' lang='lat' dir='ltr'>utrum</span> <span class='ocrx_word' id='word_1_71' title='bbox 321 1435 431 1499; x_wconf 85' lang='lat' dir='ltr'>pugna</span> <span class='ocrx_word' id='word_1_72' title='bbox 446 1414 618 1499; x_wconf 83' lang='lat' dir='ltr'>Ancyrana</span> <span class='ocrx_word' id='word_1_73' title='bbox 640 1433 753 1498; x_wconf 90' lang='lat' dir='ltr'>paoem</span> <span class='ocrx_word' id='word_1_74' title='bbox 767 1413 850 1477; x_wconf 91' lang='lat' dir='ltr'>inter</span> <span class='ocrx_word' id='word_1_75' title='bbox 866 1411 1036 1477; x_wconf 84' lang='lat' dir='ltr'>Seleucum</span> <span class='ocrx_word' id='word_1_76' title='bbox 1055 1419 1087 1477; x_wconf 91' lang='lat' dir='ltr'>et</span> <span class='ocrx_word' id='word_1_77' title='bbox 1108 1412 1332 1478; x_wconf 82' lang='lat' dir='ltr'>Ptolemaeum</span> 
     </span>
     <span class='ocr_line' id='line_1_12' title="bbox 190 1509 1334 1604; baseline -0.003 -21"><span class='ocrx_word' id='word_1_78' title='bbox 190 1518 313 1583; x_wconf 84' lang='lat' dir='ltr'>iactam</span> <span class='ocrx_word' id='word_1_79' title='bbox 327 1518 540 1604; x_wconf 91' lang='lat' dir='ltr'>praecesserit</span> <span class='ocrx_word' id='word_1_80' title='bbox 555 1538 596 1580; x_wconf 89' lang='lat' dir='ltr'>au</span> <span class='ocrx_word' id='word_1_81' title='bbox 612 1524 721 1582; x_wconf 90' lang='lat' dir='ltr'>secuta</span> <span class='ocrx_word' id='word_1_82' title='bbox 737 1515 809 1582; x_wconf 77' lang='lat' dir='ltr'>sit2.</span> <span class='ocrx_word' id='word_1_83' title='bbox 847 1515 926 1580; x_wconf 83' lang='lat' dir='ltr'>Cum</span> <span class='ocrx_word' id='word_1_84' title='bbox 948 1515 1033 1580; x_wconf 91' lang='lat' dir='ltr'>euim</span> <span class='ocrx_word' id='word_1_85' title='bbox 1050 1509 1202 1581; x_wconf 84' lang='lat' dir='ltr'>lustinus</span> <span class='ocrx_word' id='word_1_86' title='bbox 1213 1517 1334 1581; x_wconf 89' lang='lat' dir='ltr'>bellum</span> 
     </span>
     <span class='ocr_line' id='line_1_13' title="bbox 189 1619 1332 1707; baseline -0.003 -21"><span class='ocrx_word' id='word_1_87' title='bbox 189 1623 272 1687; x_wconf 92' lang='lat' dir='ltr'>inter</span> <span class='ocrx_word' id='word_1_88' title='bbox 295 1621 470 1686; x_wconf 84' lang='lat' dir='ltr'>Seleucum</span> <span class='ocrx_word' id='word_1_89' title='bbox 495 1628 526 1686; x_wconf 90' lang='lat' dir='ltr'>et</span> <span class='ocrx_word' id='word_1_90' title='bbox 549 1621 744 1685; x_wconf 79' lang='lat' dir='ltr'>Antiochum</span> <span class='ocrx_word' id='word_1_91' title='bbox 770 1619 902 1685; x_wconf 86' lang='lat' dir='ltr'>fratrem</span> <span class='ocrx_word' id='word_1_92' title='bbox 929 1642 994 1685; x_wconf 90' lang='lat' dir='ltr'>non</span> <span class='ocrx_word' id='word_1_93' title='bbox 1024 1621 1084 1685; x_wconf 92' lang='lat' dir='ltr'>nisi</span> <span class='ocrx_word' id='word_1_94' title='bbox 1113 1627 1188 1707; x_wconf 89' lang='lat' dir='ltr'>post</span> <span class='ocrx_word' id='word_1_95' title='bbox 1219 1640 1332 1706; x_wconf 88' lang='lat' dir='ltr'>pacem</span> 
     </span>
     <span class='ocr_line' id='line_1_14' title="bbox 190 1723 1334 1808; baseline -0.003 -18"><span class='ocrx_word' id='word_1_96' title='bbox 190 1726 276 1791; x_wconf 93' lang='lat' dir='ltr'>illam</span> <span class='ocrx_word' id='word_1_97' title='bbox 301 1725 460 1791; x_wconf 86' lang='lat' dir='ltr'>exarsisse</span> <span class='ocrx_word' id='word_1_98' title='bbox 482 1725 605 1808; x_wconf 83' lang='lat' dir='ltr'>fecerit,</span> <span class='ocrx_word' id='word_1_99' title='bbox 629 1723 824 1790; x_wconf 87' lang='lat' dir='ltr'>Niebuhrius</span> <span class='ocrx_word' id='word_1_100' title='bbox 848 1733 880 1790; x_wconf 93' lang='lat' dir='ltr'>et</span> <span class='ocrx_word' id='word_1_101' title='bbox 897 1724 1078 1790; x_wconf 89' lang='lat' dir='ltr'>Koehlerus</span> <span class='ocrx_word' id='word_1_102' title='bbox 1099 1723 1236 1790; x_wconf 89' lang='lat' dir='ltr'>eundem</span> <span class='ocrx_word' id='word_1_103' title='bbox 1253 1732 1334 1788; x_wconf 90' lang='lat' dir='ltr'>tem·</span> 
     </span>
     <span class='ocr_line' id='line_1_15' title="bbox 189 1829 1333 1917; baseline -0.002 -22"><span class='ocrx_word' id='word_1_104' title='bbox 189 1851 304 1917; x_wconf 91' lang='lat' dir='ltr'>porum</span> <span class='ocrx_word' id='word_1_105' title='bbox 329 1830 473 1895; x_wconf 87' lang='lat' dir='ltr'>ordinem</span> <span class='ocrx_word' id='word_1_106' title='bbox 496 1831 599 1894; x_wconf 88' lang='lat' dir='ltr'>secuti</span> <span class='ocrx_word' id='word_1_107' title='bbox 628 1837 711 1905; x_wconf 91' lang='lat' dir='ltr'>sunt,</span> <span class='ocrx_word' id='word_1_108' title='bbox 745 1851 840 1915; x_wconf 88' lang='lat' dir='ltr'>quam</span> <span class='ocrx_word' id='word_1_109' title='bbox 870 1830 1063 1894; x_wconf 89' lang='lat' dir='ltr'>sententiam</span> <span class='ocrx_word' id='word_1_110' title='bbox 1095 1835 1207 1893; x_wconf 90' lang='lat' dir='ltr'>coutra</span> <span class='ocrx_word' id='word_1_111' title='bbox 1228 1829 1333 1912; x_wconf 85' lang='lat' dir='ltr'>Droy·</span> 
     </span>
     <span class='ocr_line' id='line_1_16' title="bbox 190 1932 1332 2019; baseline -0.004 -18"><span class='ocrx_word' id='word_1_112' title='bbox 190 1956 321 2016; x_wconf 89' lang='lat' dir='ltr'>senum,</span> <span class='ocrx_word' id='word_1_113' title='bbox 357 1934 410 2019; x_wconf 92' lang='lat' dir='ltr'>qui</span> <span class='ocrx_word' id='word_1_114' title='bbox 445 1955 515 1998; x_wconf 85' lang='lat' dir='ltr'>curn</span> <span class='ocrx_word' id='word_1_115' title='bbox 550 1933 707 1999; x_wconf 90' lang='lat' dir='ltr'>Muellero</span> <span class='ocrx_word' id='word_1_116' title='bbox 743 1935 924 1998; x_wconf 90' lang='lat' dir='ltr'>autumauit</span> <span class='ocrx_word' id='word_1_117' title='bbox 953 1954 1094 2019; x_wconf 87' lang='lat' dir='ltr'>pugnam</span> <span class='ocrx_word' id='word_1_118' title='bbox 1128 1932 1332 2019; x_wconf 88' lang='lat' dir='ltr'>Ancyranam</span> 
     </span>
     <span class='ocr_line' id='line_1_17' title="bbox 190 2035 1333 2126; baseline -0.002 -22"><span class='ocrx_word' id='word_1_119' title='bbox 190 2038 416 2126; x_wconf 78' lang='lat' dir='ltr'>praecessisse,</span> <span class='ocrx_word' id='word_1_120' title='bbox 448 2038 607 2123; x_wconf 83' lang='lat' dir='ltr'>expressis</span> <span class='ocrx_word' id='word_1_121' title='bbox 639 2037 745 2100; x_wconf 91' lang='lat' dir='ltr'>uerbis</span> <span class='ocrx_word' id='word_1_122' title='bbox 780 2036 948 2122; x_wconf 86' lang='lat' dir='ltr'>Koeppius</span> <span class='ocrx_word' id='word_1_123' title='bbox 980 2035 1122 2101; x_wconf 88' lang='lat' dir='ltr'>defendit</span> <span class='ocrx_word' id='word_1_124' title='bbox 1155 2035 1202 2122; x_wconf 82' lang='lat' dir='ltr'>(p.</span> <span class='ocrx_word' id='word_1_125' title='bbox 1234 2039 1333 2117; x_wconf 59' lang='lat' dir='ltr'>aab:</span> 
     </span>
     <span class='ocr_line' id='line_1_18' title="bbox 192 2140 1332 2227; baseline 0 -20"><span class='ocrx_word' id='word_1_126' title='bbox 192 2141 370 2207; x_wconf 88' lang='lat' dir='ltr'>cauendum</span> <span class='ocrx_word' id='word_1_127' title='bbox 393 2142 477 2206; x_wconf 88' lang='lat' dir='ltr'>euim</span> <span class='ocrx_word' id='word_1_128' title='bbox 501 2162 580 2222; x_wconf 91' lang='lat' dir='ltr'>esse,</span> <span class='ocrx_word' id='word_1_129' title='bbox 604 2163 644 2206; x_wconf 90' lang='lat' dir='ltr'>ne</span> <span class='ocrx_word' id='word_1_130' title='bbox 673 2140 785 2206; x_wconf 87' lang='lat' dir='ltr'>Iustini</span> <span class='ocrx_word' id='word_1_131' title='bbox 809 2142 927 2223; x_wconf 87' lang='lat' dir='ltr'>uerbis,</span> <span class='ocrx_word' id='word_1_132' title='bbox 960 2142 1013 2227; x_wconf 90' lang='lat' dir='ltr'>qui</span> <span class='ocrx_word' id='word_1_133' title='bbox 1044 2143 1185 2206; x_wconf 90' lang='lat' dir='ltr'>omnium</span> <span class='ocrx_word' id='word_1_134' title='bbox 1215 2143 1332 2226; x_wconf 91' lang='lat' dir='ltr'>planis·</span> 
     </span>
     <span class='ocr_line' id='line_1_19' title="bbox 191 2245 1332 2333; baseline -0.001 -21"><span class='ocrx_word' id='word_1_135' title='bbox 191 2247 270 2312; x_wconf 90' lang='lat' dir='ltr'>sime</span> <span class='ocrx_word' id='word_1_136' title='bbox 292 2267 400 2311; x_wconf 91' lang='lat' dir='ltr'>rerum</span> <span class='ocrx_word' id='word_1_137' title='bbox 423 2266 581 2311; x_wconf 79' lang='lat' dir='ltr'>conexum</span> <span class='ocrx_word' id='word_1_138' title='bbox 598 2246 793 2331; x_wconf 85' lang='lat' dir='ltr'>exposuerit,</span> <span class='ocrx_word' id='word_1_139' title='bbox 818 2247 882 2310; x_wconf 90' lang='lat' dir='ltr'>uim</span> <span class='ocrx_word' id='word_1_140' title='bbox 899 2245 1091 2312; x_wconf 84' lang='lat' dir='ltr'>adieramus.</span> <span class='ocrx_word' id='word_1_141' title='bbox 1130 2247 1332 2333; x_wconf 85' lang='lat' dir='ltr'>Quamquam</span> 
     </span>
     <span class='ocr_line' id='line_1_20' title="bbox 191 2349 1332 2435; baseline -0.003 -19"><span class='ocrx_word' id='word_1_142' title='bbox 191 2357 296 2417; x_wconf 93' lang='lat' dir='ltr'>ortum</span> <span class='ocrx_word' id='word_1_143' title='bbox 320 2371 390 2415; x_wconf 88' lang='lat' dir='ltr'>esse</span> <span class='ocrx_word' id='word_1_144' title='bbox 414 2349 530 2413; x_wconf 89' lang='lat' dir='ltr'>bellurn</span> <span class='ocrx_word' id='word_1_145' title='bbox 553 2349 730 2414; x_wconf 85' lang='lat' dir='ltr'>fraternum</span> <span class='ocrx_word' id='word_1_146' title='bbox 753 2360 827 2414; x_wconf 90' lang='lat' dir='ltr'>ante</span> <span class='ocrx_word' id='word_1_147' title='bbox 851 2350 970 2415; x_wconf 89' lang='lat' dir='ltr'>bellum</span> <span class='ocrx_word' id='word_1_148' title='bbox 995 2349 1231 2435; x_wconf 82' lang='lat' dir='ltr'>Aegyptiacum</span> <span class='ocrx_word' id='word_1_149' title='bbox 1262 2350 1332 2414; x_wconf 84' lang='lat' dir='ltr'>fini-</span> 
     </span>
     <span class='ocr_line' id='line_1_21' title="bbox 191 2453 1332 2541; baseline 0.001 -23"><span class='ocrx_word' id='word_1_150' title='bbox 191 2460 268 2536; x_wconf 92' lang='lat' dir='ltr'>tum,</span> <span class='ocrx_word' id='word_1_151' title='bbox 299 2453 467 2540; x_wconf 88' lang='lat' dir='ltr'>Koeppius</span> <span class='ocrx_word' id='word_1_152' title='bbox 499 2455 567 2539; x_wconf 89' lang='lat' dir='ltr'>ipse</span> <span class='ocrx_word' id='word_1_153' title='bbox 599 2455 644 2519; x_wconf 93' lang='lat' dir='ltr'>eis</span> <span class='ocrx_word' id='word_1_154' title='bbox 676 2476 755 2540; x_wconf 91' lang='lat' dir='ltr'>quas</span> <span class='ocrx_word' id='word_1_155' title='bbox 788 2453 982 2519; x_wconf 87' lang='lat' dir='ltr'>Niebuhrius</span> <span class='ocrx_word' id='word_1_156' title='bbox 1015 2453 1062 2539; x_wconf 82' lang='lat' dir='ltr'>(p.</span> <span class='ocrx_word' id='word_1_157' title='bbox 1087 2455 1164 2536; x_wconf 77' lang='lat'>277)</span> <span class='ocrx_word' id='word_1_158' title='bbox 1196 2456 1332 2541; x_wconf 81' lang='lat' dir='ltr'>primurn</span> 
     </span>
     <span class='ocr_line' id='line_1_22' title="bbox 191 2559 1332 2643; baseline 0.001 -20"><span class='ocrx_word' id='word_1_159' title='bbox 191 2559 307 2623; x_wconf 91' lang='lat' dir='ltr'>adtulit</span> <span class='ocrx_word' id='word_1_160' title='bbox 330 2559 528 2643; x_wconf 87' lang='lat' dir='ltr'>argumentis</span> <span class='ocrx_word' id='word_1_161' title='bbox 551 2581 627 2624; x_wconf 92' lang='lat' dir='ltr'>usus</span> <span class='ocrx_word' id='word_1_162' title='bbox 651 2559 815 2624; x_wconf 86' lang='lat' dir='ltr'>contendit</span> <span class='ocrx_word' id='word_1_163' title='bbox 839 2568 950 2624; x_wconf 87' lang='lat' dir='ltr'>coutra</span> <span class='ocrx_word' id='word_1_164' title='bbox 974 2559 1088 2625; x_wconf 89' lang='lat' dir='ltr'>Iustini</span> <span class='ocrx_word' id='word_1_165' title='bbox 1118 2560 1332 2624; x_wconf 89' lang='lat' dir='ltr'>testimouium</span> 
     </span>
    </p>
   </div>
   <div class='ocr_carea' id='block_1_3' title="bbox 190 2695 1335 4330">
    <p class='ocr_par' dir='ltr' id='par_1_5' title="bbox 191 2695 1332 3111">
     <span class='ocr_line' id='line_1_23' title="bbox 295 2695 1331 2769; baseline 0.002 -19"><span class='ocrx_word' id='word_1_166' title='bbox 295 2701 305 2735; x_wconf 89' lang='lat'>¹</span> <span class='ocrx_word' id='word_1_167' title='bbox 324 2697 404 2760; x_wconf 82' lang='lat' dir='ltr'>Quod</span> <span class='ocrx_word' id='word_1_168' title='bbox 423 2696 565 2764; x_wconf 86' lang='lat' dir='ltr'>Koeppius</span> <span class='ocrx_word' id='word_1_169' title='bbox 584 2697 622 2764; x_wconf 94' lang='lat' dir='ltr'>(p.</span> <span class='ocrx_word' id='word_1_170' title='bbox 635 2695 700 2764; x_wconf 76' lang='lat'>221)</span> <span class='ocrx_word' id='word_1_171' title='bbox 719 2700 915 2750; x_wconf 90' lang='lat' dir='ltr'>emonumenti</span> <span class='ocrx_word' id='word_1_172' title='bbox 929 2697 1072 2751; x_wconf 84' lang='lat' dir='ltr'>Adulitaui</span> <span class='ocrx_word' id='word_1_173' title='bbox 1084 2699 1210 2752; x_wconf 89' lang='lat' dir='ltr'>uersibus</span> <span class='ocrx_word' id='word_1_174' title='bbox 1225 2699 1258 2754; x_wconf 85' lang='lat'>13</span> <span class='ocrx_word' id='word_1_175' title='bbox 1271 2716 1331 2769; x_wconf 86' lang='lat' dir='ltr'>sqq.</span> 
     </span>
     <span class='ocr_line' id='line_1_24' title="bbox 192 2784 1331 2852; baseline 0.002 -16"><span class='ocrx_word' id='word_1_176' title='bbox 192 2784 314 2837; x_wconf 82' lang='lat' dir='ltr'>effecisse</span> <span class='ocrx_word' id='word_1_177' title='bbox 341 2785 394 2839; x_wconf 90' lang='lat' dir='ltr'>sibi</span> <span class='ocrx_word' id='word_1_178' title='bbox 421 2787 495 2837; x_wconf 89' lang='lat' dir='ltr'>uisus</span> <span class='ocrx_word' id='word_1_179' title='bbox 523 2789 578 2844; x_wconf 84' lang='lat' dir='ltr'>est,</span> <span class='ocrx_word' id='word_1_180' title='bbox 607 2784 765 2851; x_wconf 79' lang='lat' dir='ltr'>Euergetes</span> <span class='ocrx_word' id='word_1_181' title='bbox 796 2785 883 2852; x_wconf 89' lang='lat' dir='ltr'>ipsum</span> <span class='ocrx_word' id='word_1_182' title='bbox 910 2786 1001 2837; x_wconf 83' lang='lat' dir='ltr'>Tauro</span> <span class='ocrx_word' id='word_1_183' title='bbox 1029 2792 1120 2838; x_wconf 88' lang='lat' dir='ltr'>moute</span> <span class='ocrx_word' id='word_1_184' title='bbox 1148 2787 1267 2838; x_wconf 89' lang='lat' dir='ltr'>traiecto</span> <span class='ocrx_word' id='word_1_185' title='bbox 1296 2786 1331 2839; x_wconf 88' lang='lat' dir='ltr'>ad</span> 
     </span>
     <span class='ocr_line' id='line_1_25' title="bbox 192 2871 1332 2940; baseline 0.003 -16"><span class='ocrx_word' id='word_1_186' title='bbox 192 2873 402 2938; x_wconf 87' lang='lat' dir='ltr'>Hellespontum</span> <span class='ocrx_word' id='word_1_187' title='bbox 420 2879 448 2923; x_wconf 90' lang='lat' dir='ltr'>et</span> <span class='ocrx_word' id='word_1_188' title='bbox 466 2871 492 2922; x_wconf 92' lang='lat' dir='ltr'>in</span> <span class='ocrx_word' id='word_1_189' title='bbox 512 2871 657 2923; x_wconf 88' lang='lat' dir='ltr'>Thraciam</span> <span class='ocrx_word' id='word_1_190' title='bbox 676 2887 763 2939; x_wconf 90' lang='lat' dir='ltr'>usque</span> <span class='ocrx_word' id='word_1_191' title='bbox 785 2888 960 2938; x_wconf 86' lang='lat' dir='ltr'>progressum</span> <span class='ocrx_word' id='word_1_192' title='bbox 987 2888 1055 2937; x_wconf 88' lang='lat' dir='ltr'>esso,</span> <span class='ocrx_word' id='word_1_193' title='bbox 1082 2873 1191 2925; x_wconf 87' lang='lat' dir='ltr'>minimo</span> <span class='ocrx_word' id='word_1_194' title='bbox 1217 2876 1332 2940; x_wconf 85' lang='lat' dir='ltr'>probari</span> 
     </span>
     <span class='ocr_line' id='line_1_26' title="bbox 191 2955 1331 3026; baseline 0.004 -16"><span class='ocrx_word' id='word_1_195' title='bbox 191 2962 292 3025; x_wconf 88' lang='lat' dir='ltr'>potest,</span> <span class='ocrx_word' id='word_1_196' title='bbox 312 2973 372 3009; x_wconf 85' lang='lat' dir='ltr'>cunr</span> <span class='ocrx_word' id='word_1_197' title='bbox 390 2958 417 3010; x_wconf 93' lang='lat' dir='ltr'>id</span> <span class='ocrx_word' id='word_1_198' title='bbox 437 2955 511 3025; x_wconf 92' lang='lat' dir='ltr'>quod</span> <span class='ocrx_word' id='word_1_199' title='bbox 530 2956 628 3008; x_wconf 88' lang='lat' dir='ltr'>classis</span> <span class='ocrx_word' id='word_1_200' title='bbox 647 2957 800 3024; x_wconf 75' lang='lat' dir='ltr'>Aegyptiae</span> <span class='ocrx_word' id='word_1_201' title='bbox 819 2957 903 3010; x_wconf 91' lang='lat' dir='ltr'>ducas</span> <span class='ocrx_word' id='word_1_202' title='bbox 921 2959 996 3024; x_wconf 81' lang='lat' dir='ltr'>regis</span> <span class='ocrx_word' id='word_1_203' title='bbox 1016 2958 1090 3010; x_wconf 91' lang='lat' dir='ltr'>iussu</span> <span class='ocrx_word' id='word_1_204' title='bbox 1115 2957 1250 3026; x_wconf 84' lang='lat' dir='ltr'>fecerunt,</span> <span class='ocrx_word' id='word_1_205' title='bbox 1276 2963 1331 3014; x_wconf 91' lang='lat' dir='ltr'>sol·</span> 
     </span>
     <span class='ocr_line' id='line_1_27' title="bbox 192 3045 956 3111; baseline 0 -14"><span class='ocrx_word' id='word_1_206' title='bbox 192 3046 274 3098; x_wconf 90' lang='lat' dir='ltr'>lemni</span> <span class='ocrx_word' id='word_1_207' title='bbox 292 3045 369 3097; x_wconf 90' lang='lat' dir='ltr'>illius</span> <span class='ocrx_word' id='word_1_208' title='bbox 388 3045 463 3098; x_wconf 87' lang='lat' dir='ltr'>tituli</span> <span class='ocrx_word' id='word_1_209' title='bbox 481 3059 607 3095; x_wconf 90' lang='lat' dir='ltr'>sermone</span> <span class='ocrx_word' id='word_1_210' title='bbox 626 3045 685 3110; x_wconf 86' lang='lat' dir='ltr'>regi</span> <span class='ocrx_word' id='word_1_211' title='bbox 706 3045 759 3111; x_wconf 89' lang='lat' dir='ltr'>ipsi</span> <span class='ocrx_word' id='word_1_212' title='bbox 777 3045 956 3098; x_wconf 85' lang='lat' dir='ltr'>adtribuatur.</span> 
     </span>
    </p>

    <p class='ocr_par' dir='ltr' id='par_1_6' title="bbox 190 3130 1335 4330">
     <span class='ocr_line' id='line_1_28' title="bbox 294 3130 1333 3201; baseline 0.004 -18"><span class='ocrx_word' id='word_1_213' title='bbox 294 3131 305 3168; x_wconf 85' lang='lat'>²</span> <span class='ocrx_word' id='word_1_214' title='bbox 324 3131 406 3184; x_wconf 78' lang='lat' dir='ltr'>Certe</span> <span class='ocrx_word' id='word_1_215' title='bbox 419 3130 546 3183; x_wconf 84' lang='lat' dir='ltr'>Muelleri</span> <span class='ocrx_word' id='word_1_216' title='bbox 565 3131 733 3197; x_wconf 87' lang='lat' dir='ltr'>coniectura,</span> <span class='ocrx_word' id='word_1_217' title='bbox 752 3148 834 3200; x_wconf 88' lang='lat' dir='ltr'>quam</span> <span class='ocrx_word' id='word_1_218' title='bbox 852 3131 1007 3185; x_wconf 86' lang='lat' dir='ltr'>Koehlerus</span> <span class='ocrx_word' id='word_1_219' title='bbox 1020 3134 1139 3200; x_wconf 87' lang='lat' dir='ltr'>repetiit,</span> <span class='ocrx_word' id='word_1_220' title='bbox 1158 3133 1333 3201; x_wconf 90' lang='lat' dir='ltr'>repudianda</span> 
     </span>
     <span class='ocr_line' id='line_1_29' title="bbox 193 3216 1331 3288; baseline 0.004 -19"><span class='ocrx_word' id='word_1_221' title='bbox 193 3233 251 3271; x_wconf 85' lang='lat' dir='ltr'>esse</span> <span class='ocrx_word' id='word_1_222' title='bbox 271 3216 389 3282; x_wconf 89' lang='lat' dir='ltr'>uidetur,</span> <span class='ocrx_word' id='word_1_223' title='bbox 409 3235 441 3269; x_wconf 89' lang='lat' dir='ltr'>eo</span> <span class='ocrx_word' id='word_1_224' title='bbox 460 3220 584 3285; x_wconf 87' lang='lat' dir='ltr'>tempore</span> <span class='ocrx_word' id='word_1_225' title='bbox 603 3218 670 3269; x_wconf 90' lang='lat' dir='ltr'>satis</span> <span class='ocrx_word' id='word_1_226' title='bbox 688 3218 766 3269; x_wconf 88' lang='lat' dir='ltr'>breui</span> <span class='ocrx_word' id='word_1_227' title='bbox 785 3217 859 3285; x_wconf 89' lang='lat' dir='ltr'>quod</span> <span class='ocrx_word' id='word_1_228' title='bbox 871 3219 945 3270; x_wconf 86' lang='lat' dir='ltr'>inter</span> <span class='ocrx_word' id='word_1_229' title='bbox 959 3218 1171 3288; x_wconf 79' lang='lat' dir='ltr'>Callinicopolin</span> <span class='ocrx_word' id='word_1_230' title='bbox 1191 3220 1331 3276; x_wconf 85' lang='lat' dir='ltr'>conditam</span> 
     </span>
     <span class='ocr_line' id='line_1_30' title="bbox 192 3305 1330 3375; baseline 0.004 -18"><span class='ocrx_word' id='word_1_231' title='bbox 192 3310 219 3357; x_wconf 87' lang='lat' dir='ltr'>et</span> <span class='ocrx_word' id='word_1_232' title='bbox 245 3305 404 3358; x_wconf 86' lang='lat' dir='ltr'>Orthosiam</span> <span class='ocrx_word' id='word_1_233' title='bbox 431 3305 591 3357; x_wconf 86' lang='lat' dir='ltr'>obsessione</span> <span class='ocrx_word' id='word_1_234' title='bbox 618 3305 763 3357; x_wconf 89' lang='lat' dir='ltr'>liberatam</span> <span class='ocrx_word' id='word_1_235' title='bbox 787 3305 956 3371; x_wconf 80' lang='lat' dir='ltr'>intercessit,</span> <span class='ocrx_word' id='word_1_236' title='bbox 982 3307 1056 3358; x_wconf 85' lang='lat' dir='ltr'>illam</span> <span class='ocrx_word' id='word_1_237' title='bbox 1083 3324 1202 3375; x_wconf 79' lang='lat' dir='ltr'>pugnarn</span> <span class='ocrx_word' id='word_1_238' title='bbox 1229 3309 1330 3361; x_wconf 82' lang='lat' dir='ltr'>iactam</span> 
     </span>
     <span class='ocr_line' id='line_1_31' title="bbox 192 3389 1332 3458; baseline 0.004 -14"><span class='ocrx_word' id='word_1_239' title='bbox 192 3407 258 3444; x_wconf 85' lang='lat' dir='ltr'>esse.</span> <span class='ocrx_word' id='word_1_240' title='bbox 296 3391 503 3458; x_wconf 82' lang='lat' dir='ltr'>Callinicopolis</span> <span class='ocrx_word' id='word_1_241' title='bbox 531 3392 603 3442; x_wconf 85' lang='lat' dir='ltr'>enim</span> <span class='ocrx_word' id='word_1_242' title='bbox 631 3389 745 3443; x_wconf 87' lang='lat' dir='ltr'>condita</span> <span class='ocrx_word' id='word_1_243' title='bbox 772 3398 813 3444; x_wconf 86' lang='lat' dir='ltr'>cst</span> <span class='ocrx_word' id='word_1_244' title='bbox 841 3391 869 3444; x_wconf 84' lang='lat'>0.</span> <span class='ocrx_word' id='word_1_245' title='bbox 896 3393 1008 3446; x_wconf 86' lang='lat' dir='ltr'>Lutatio</span> <span class='ocrx_word' id='word_1_246' title='bbox 1035 3392 1063 3446; x_wconf 82' lang='lat' dir='ltr'>G.</span> <span class='ocrx_word' id='word_1_247' title='bbox 1088 3394 1107 3446; x_wconf 81' lang='grc'>1.</span> <span class='ocrx_word' id='word_1_248' title='bbox 1132 3394 1162 3447; x_wconf 83' lang='lat' dir='ltr'>O.</span> <span class='ocrx_word' id='word_1_249' title='bbox 1189 3413 1214 3448; x_wconf 90' lang='lat' dir='ltr'>n.</span> <span class='ocrx_word' id='word_1_250' title='bbox 1234 3395 1332 3449; x_wconf 86' lang='lat' dir='ltr'>Catulo</span> 
     </span>
     <span class='ocr_line' id='line_1_32' title="bbox 191 3476 1333 3540; baseline 0.004 -10"><span class='ocrx_word' id='word_1_251' title='bbox 191 3478 385 3530; x_wconf 68' lang='lat' dir='ltr'>apostamia</span> <span class='ocrx_word' id='word_1_252' title='bbox 414 3479 447 3529; x_wconf 78' lang='grc' dir='ltr'>Δ.</span> <span class='ocrx_word' id='word_1_253' title='bbox 469 3478 487 3528; x_wconf 84' lang='grc'>1.</span> <span class='ocrx_word' id='word_1_254' title='bbox 506 3476 537 3528; x_wconf 85' lang='lat' dir='ltr'>L.</span> <span class='ocrx_word' id='word_1_255' title='bbox 557 3493 583 3528; x_wconf 92' lang='lat' dir='ltr'>n.</span> <span class='ocrx_word' id='word_1_256' title='bbox 604 3478 706 3530; x_wconf 83' lang='lat' dir='ltr'>Albino</span> <span class='ocrx_word' id='word_1_257' title='bbox 732 3477 899 3540; x_wconf 88' lang='lat' dir='ltr'>consulibus,</span> <span class='ocrx_word' id='word_1_258' title='bbox 924 3479 1031 3531; x_wconf 88' lang='lat' dir='ltr'>seilicet</span> <span class='ocrx_word' id='word_1_259' title='bbox 1057 3480 1130 3531; x_wconf 86' lang='lat' dir='ltr'>iuter</span> <span class='ocrx_word' id='word_1_260' title='bbox 1156 3497 1204 3532; x_wconf 87' lang='lat' dir='ltr'>uer</span> <span class='ocrx_word' id='word_1_261' title='bbox 1229 3480 1281 3534; x_wconf 71' lang='lat'>242</span> <span class='ocrx_word' id='word_1_262' title='bbox 1306 3486 1333 3534; x_wconf 86' lang='lat' dir='ltr'>et</span> 
     </span>
     <span class='ocr_line' id='line_1_33' title="bbox 193 3564 1332 3635; baseline 0.004 -18"><span class='ocrx_word' id='word_1_263' title='bbox 193 3581 243 3617; x_wconf 90' lang='lat' dir='ltr'>uer</span> <span class='ocrx_word' id='word_1_264' title='bbox 269 3564 330 3618; x_wconf 75' lang='lat'>241.</span> <span class='ocrx_word' id='word_1_265' title='bbox 373 3566 407 3618; x_wconf 80' lang='lat' dir='ltr'>cl.</span> <span class='ocrx_word' id='word_1_266' title='bbox 434 3565 560 3632; x_wconf 76' lang='lat' dir='ltr'>Droysen</span> <span class='ocrx_word' id='word_1_267' title='bbox 589 3564 647 3631; x_wconf 89' lang='lat'>111,</span> <span class='ocrx_word' id='word_1_268' title='bbox 673 3569 685 3618; x_wconf 95' lang='lat'>1</span> <span class='ocrx_word' id='word_1_269' title='bbox 715 3583 741 3632; x_wconf 88' lang='lat' dir='ltr'>p.</span> <span class='ocrx_word' id='word_1_270' title='bbox 759 3566 818 3620; x_wconf 87' lang='grc'>391.</span> <span class='ocrx_word' id='word_1_271' title='bbox 861 3566 961 3620; x_wconf 72' lang='lat' dir='ltr'>chron.</span> <span class='ocrx_word' id='word_1_272' title='bbox 988 3569 1114 3635; x_wconf 79' lang='lat' dir='ltr'>paschi</span> <span class='ocrx_word' id='word_1_273' title='bbox 1139 3585 1165 3634; x_wconf 90' lang='lat' dir='ltr'>p.</span> <span class='ocrx_word' id='word_1_274' title='bbox 1189 3567 1242 3623; x_wconf 87' lang='grc'>330</span> <span class='ocrx_word' id='word_1_275' title='bbox 1266 3568 1332 3621; x_wconf 81' lang='lat' dir='ltr'>Ddf.</span> 
     </span>
     <span class='ocr_line' id='line_1_34' title="bbox 190 3651 1331 3721; baseline 0.002 -17"><span class='ocrx_word' id='word_1_276' title='bbox 190 3651 301 3714; x_wconf 84' lang='lat' dir='ltr'>Idaler,</span> <span class='ocrx_word' id='word_1_277' title='bbox 328 3652 457 3704; x_wconf 83' lang='lat' dir='ltr'>Chronol.</span> <span class='ocrx_word' id='word_1_278' title='bbox 477 3652 506 3703; x_wconf 92' lang='lat' dir='ltr'>Il</span> <span class='ocrx_word' id='word_1_279' title='bbox 531 3669 557 3719; x_wconf 87' lang='lat' dir='ltr'>p.</span> <span class='ocrx_word' id='word_1_280' title='bbox 578 3651 638 3715; x_wconf 76' lang='lat'>463,</span> <span class='ocrx_word' id='word_1_281' title='bbox 664 3652 710 3718; x_wconf 90' lang='lat' dir='ltr'>qui</span> <span class='ocrx_word' id='word_1_282' title='bbox 736 3653 770 3704; x_wconf 89' lang='lat' dir='ltr'>ab</span> <span class='ocrx_word' id='word_1_283' title='bbox 796 3654 972 3721; x_wconf 86' lang='lat' dir='ltr'>aequinoctio</span> <span class='ocrx_word' id='word_1_284' title='bbox 997 3671 1083 3706; x_wconf 90' lang='lat' dir='ltr'>uerno</span> <span class='ocrx_word' id='word_1_285' title='bbox 1107 3655 1183 3706; x_wconf 90' lang='lat' dir='ltr'>illius</span> <span class='ocrx_word' id='word_1_286' title='bbox 1208 3655 1331 3707; x_wconf 86' lang='lat' dir='ltr'>chronici</span> 
     </span>
     <span class='ocr_line' id='line_1_35' title="bbox 191 3736 1331 3806; baseline 0.003 -16"><span class='ocrx_word' id='word_1_287' title='bbox 191 3753 278 3790; x_wconf 86' lang='lat' dir='ltr'>annos</span> <span class='ocrx_word' id='word_1_288' title='bbox 296 3737 420 3806; x_wconf 86' lang='lat' dir='ltr'>incipere</span> <span class='ocrx_word' id='word_1_289' title='bbox 434 3736 534 3790; x_wconf 84' lang='lat' dir='ltr'>docuit.</span> <span class='ocrx_word' id='word_1_290' title='bbox 570 3737 701 3791; x_wconf 87' lang='lat' dir='ltr'>Orthosia</span> <span class='ocrx_word' id='word_1_291' title='bbox 715 3743 785 3790; x_wconf 87' lang='lat' dir='ltr'>teste</span> <span class='ocrx_word' id='word_1_292' title='bbox 798 3739 919 3791; x_wconf 84' lang='lat' dir='ltr'>Eusebio</span> <span class='ocrx_word' id='word_1_293' title='bbox 938 3738 965 3804; x_wconf 89' lang='grc' dir='ltr'>(Ι.</span> <span class='ocrx_word' id='word_1_294' title='bbox 978 3740 1014 3802; x_wconf 74' lang='grc' dir='ltr'>ο.)</span> <span class='ocrx_word' id='word_1_295' title='bbox 1034 3741 1192 3793; x_wconf 81' lang='lat' dir='ltr'>obsessione</span> <span class='ocrx_word' id='word_1_296' title='bbox 1211 3740 1331 3793; x_wconf 83' lang='lat' dir='ltr'>liberata</span> 
     </span>
     <span class='ocr_line' id='line_1_36' title="bbox 192 3823 1331 3895; baseline 0.006 -21"><span class='ocrx_word' id='word_1_297' title='bbox 192 3827 234 3874; x_wconf 87' lang='lat' dir='ltr'>est</span> <span class='ocrx_word' id='word_1_298' title='bbox 252 3825 287 3875; x_wconf 92' lang='lat' dir='ltr'>ol.</span> <span class='ocrx_word' id='word_1_299' title='bbox 307 3824 365 3888; x_wconf 83' lang='lat'>134,</span> <span class='ocrx_word' id='word_1_300' title='bbox 384 3823 401 3878; x_wconf 81' lang='grc'><strong>3</strong></span> <span class='ocrx_word' id='word_1_301' title='bbox 419 3826 436 3876; x_wconf 91' lang='lat' dir='ltr'>i.</span> <span class='ocrx_word' id='word_1_302' title='bbox 453 3840 476 3876; x_wconf 89' lang='lat' dir='ltr'>e.</span> <span class='ocrx_word' id='word_1_303' title='bbox 501 3826 574 3877; x_wconf 86' lang='lat' dir='ltr'>inter</span> <span class='ocrx_word' id='word_1_304' title='bbox 597 3832 756 3877; x_wconf 88' lang='lat' dir='ltr'>autumnum</span> <span class='ocrx_word' id='word_1_305' title='bbox 775 3824 826 3877; x_wconf 74' lang='lat'>242</span> <span class='ocrx_word' id='word_1_306' title='bbox 844 3831 872 3878; x_wconf 87' lang='lat' dir='ltr'>et</span> <span class='ocrx_word' id='word_1_307' title='bbox 896 3832 1053 3878; x_wconf 89' lang='lat' dir='ltr'>autumnum</span> <span class='ocrx_word' id='word_1_308' title='bbox 1073 3826 1133 3879; x_wconf 67' lang='lat'>241.</span> <span class='ocrx_word' id='word_1_309' title='bbox 1169 3826 1238 3879; x_wconf 89' lang='lat' dir='ltr'>Nam</span> <span class='ocrx_word' id='word_1_310' title='bbox 1257 3828 1331 3895; x_wconf 89' lang='lat' dir='ltr'>quod</span> 
     </span>
     <span class='ocr_line' id='line_1_37' title="bbox 191 3909 1331 3981; baseline 0.004 -19"><span class='ocrx_word' id='word_1_311' title='bbox 191 3914 224 3962; x_wconf 80' lang='lat' dir='ltr'>A.</span> <span class='ocrx_word' id='word_1_312' title='bbox 244 3910 279 3962; x_wconf 91' lang='lat' dir='ltr'>de</span> <span class='ocrx_word' id='word_1_313' title='bbox 298 3909 474 3963; x_wconf 84' lang='lat' dir='ltr'>Gutsohmidt</span> <span class='ocrx_word' id='word_1_314' title='bbox 494 3911 546 3976; x_wconf 88' lang='lat' dir='ltr'>(De</span> <span class='ocrx_word' id='word_1_315' title='bbox 565 3916 719 3979; x_wconf 86' lang='lat' dir='ltr'>temporum</span> <span class='ocrx_word' id='word_1_316' title='bbox 738 3913 810 3965; x_wconf 87' lang='lat' dir='ltr'>uotis</span> <span class='ocrx_word' id='word_1_317' title='bbox 829 3914 929 3981; x_wconf 91' lang='lat' dir='ltr'>quibus</span> <span class='ocrx_word' id='word_1_318' title='bbox 950 3914 1083 3967; x_wconf 75' lang='lat' dir='ltr'>Eusebius</span> <span class='ocrx_word' id='word_1_319' title='bbox 1108 3916 1201 3967; x_wconf 81' lang='lat' dir='ltr'>utitur.</span> <span class='ocrx_word' id='word_1_320' title='bbox 1238 3914 1331 3968; x_wconf 82' lang='lat' dir='ltr'>Kiliae</span> 
     </span>
     <span class='ocr_line' id='line_1_38' title="bbox 192 3995 1331 4068; baseline 0.004 -18"><span class='ocrx_word' id='word_1_321' title='bbox 192 3995 270 4055; x_wconf 87' lang='grc'>1868)</span> <span class='ocrx_word' id='word_1_322' title='bbox 289 4001 316 4049; x_wconf 90' lang='lat' dir='ltr'>et</span> <span class='ocrx_word' id='word_1_323' title='bbox 334 3999 493 4064; x_wconf 78' lang='lat' dir='ltr'>Droysenus</span> <span class='ocrx_word' id='word_1_324' title='bbox 513 3997 600 4060; x_wconf 73' lang='lat'><em>(1112</em></span> <span class='ocrx_word' id='word_1_325' title='bbox 619 4016 644 4065; x_wconf 88' lang='lat' dir='ltr'>p.</span> <span class='ocrx_word' id='word_1_326' title='bbox 663 3997 714 4052; x_wconf 84' lang='grc'>367</span> <span class='ocrx_word' id='word_1_327' title='bbox 734 3998 805 4067; x_wconf 88' lang='lat' dir='ltr'>sqq.)</span> <span class='ocrx_word' id='word_1_328' title='bbox 840 4001 1021 4068; x_wconf 84' lang='lat' dir='ltr'>Porphyrium</span> <span class='ocrx_word' id='word_1_329' title='bbox 1041 4008 1067 4054; x_wconf 90' lang='lat' dir='ltr'>et</span> <span class='ocrx_word' id='word_1_330' title='bbox 1086 4002 1234 4054; x_wconf 82' lang='lat' dir='ltr'>Eusebium</span> <span class='ocrx_word' id='word_1_331' title='bbox 1249 4003 1331 4055; x_wconf 90' lang='lat' dir='ltr'>annis</span> 
     </span>
     <span class='ocr_line' id='line_1_39' title="bbox 191 4083 1330 4155; baseline 0.004 -20"><span class='ocrx_word' id='word_1_332' title='bbox 191 4083 305 4137; x_wconf 91' lang='lat' dir='ltr'>Iulianis</span> <span class='ocrx_word' id='word_1_333' title='bbox 324 4099 388 4136; x_wconf 91' lang='lat' dir='ltr'>usos</span> <span class='ocrx_word' id='word_1_334' title='bbox 401 4100 459 4136; x_wconf 83' lang='lat' dir='ltr'>esse</span> <span class='ocrx_word' id='word_1_335' title='bbox 473 4084 695 4147; x_wconf 67' lang='lat' dir='ltr'>contenderunt,</span> <span class='ocrx_word' id='word_1_336' title='bbox 704 4086 744 4138; x_wconf 90' lang='lat' dir='ltr'>eis</span> <span class='ocrx_word' id='word_1_337' title='bbox 757 4102 828 4154; x_wconf 88' lang='lat' dir='ltr'>quae</span> <span class='ocrx_word' id='word_1_338' title='bbox 840 4087 1000 4140; x_wconf 84' lang='lat' dir='ltr'>adtulerunt</span> <span class='ocrx_word' id='word_1_339' title='bbox 1012 4090 1183 4152; x_wconf 72' lang='lat' dir='ltr'>argumentis</span> <span class='ocrx_word' id='word_1_340' title='bbox 1195 4089 1330 4155; x_wconf 89' lang='lat' dir='ltr'>probasse</span> 
     </span>
     <span class='ocr_line' id='line_1_40' title="bbox 192 4169 1332 4240; baseline 0.005 -20"><span class='ocrx_word' id='word_1_341' title='bbox 192 4169 257 4221; x_wconf 89' lang='lat' dir='ltr'>mihi</span> <span class='ocrx_word' id='word_1_342' title='bbox 278 4186 334 4222; x_wconf 90' lang='lat' dir='ltr'>nou</span> <span class='ocrx_word' id='word_1_343' title='bbox 353 4170 487 4223; x_wconf 87' lang='lat' dir='ltr'>uidentur.</span> <span class='ocrx_word' id='word_1_344' title='bbox 526 4171 700 4239; x_wconf 87' lang='lat' dir='ltr'>Quapropter</span> <span class='ocrx_word' id='word_1_345' title='bbox 718 4171 858 4240; x_wconf 83' lang='lat' dir='ltr'>Idelqrum</span> <span class='ocrx_word' id='word_1_346' title='bbox 875 4174 967 4240; x_wconf 92' lang='lat' dir='ltr'>potius</span> <span class='ocrx_word' id='word_1_347' title='bbox 987 4172 1025 4240; x_wconf 85' lang='lat'>(11</span> <span class='ocrx_word' id='word_1_348' title='bbox 1043 4172 1105 4240; x_wconf 80' lang='grc'>466)</span> <span class='ocrx_word' id='word_1_349' title='bbox 1125 4179 1153 4227; x_wconf 90' lang='lat' dir='ltr'>et</span> <span class='ocrx_word' id='word_1_350' title='bbox 1172 4174 1332 4228; x_wconf 82' lang='lat' dir='ltr'>Clintouum</span> 
     </span>
     <span class='ocr_line' id='line_1_41' title="bbox 193 4252 1335 4330; baseline 0.008 -21"><span class='ocrx_word' id='word_1_351' title='bbox 193 4252 281 4322; x_wconf 80' lang='lat' dir='ltr'>(Fast.</span> <span class='ocrx_word' id='word_1_352' title='bbox 300 4257 373 4310; x_wconf 86' lang='lat' dir='ltr'>Heli.</span> <span class='ocrx_word' id='word_1_353' title='bbox 391 4258 406 4310; x_wconf 89' lang='lat'>1</span> <span class='ocrx_word' id='word_1_354' title='bbox 423 4273 449 4325; x_wconf 87' lang='lat' dir='ltr'>p.</span> <span class='ocrx_word' id='word_1_355' title='bbox 470 4257 530 4325; x_wconf 84' lang='grc'>160)</span> <span class='ocrx_word' id='word_1_356' title='bbox 555 4263 666 4313; x_wconf 87' lang='lat' dir='ltr'>secutus</span> <span class='ocrx_word' id='word_1_357' title='bbox 691 4274 759 4323; x_wconf 87' lang='lat' dir='ltr'>sum,</span> <span class='ocrx_word' id='word_1_358' title='bbox 792 4258 839 4330; x_wconf 89' lang='lat' dir='ltr'>qui</span> <span class='ocrx_word' id='word_1_359' title='bbox 864 4259 1012 4315; x_wconf 86' lang='lat' dir='ltr'>Eusebium</span> <span class='ocrx_word' id='word_1_360' title='bbox 1031 4261 1066 4316; x_wconf 87' lang='lat' dir='ltr'>ab</span> <span class='ocrx_word' id='word_1_361' title='bbox 1091 4264 1221 4317; x_wconf 83' lang='lat' dir='ltr'>autumno</span> <span class='ocrx_word' id='word_1_362' title='bbox 1247 4278 1335 4318; x_wconf 86' lang='lat' dir='ltr'>annos</span> 
     </span>
    </p>
   </div>
   <div class='ocr_carea' id='block_1_4' title="bbox 94 4339 498 4416">
    <p class='ocr_par' dir='ltr' id='par_1_7' title="bbox 94 4339 498 4416">
     <span class='ocr_line' id='line_1_42' title="bbox 94 4339 498 4416; baseline 0.002 -21"><span class='ocrx_word' id='word_1_363' title='bbox 94 4352 96 4356; x_wconf 78' lang='grc'>’</span> <span class='ocrx_word' id='word_1_364' title='bbox 194 4339 318 4416; x_wconf 88' lang='lat' dir='ltr'>incipere</span> <span class='ocrx_word' id='word_1_365' title='bbox 338 4343 498 4401; x_wconf 82' lang='lat' dir='ltr'>docueruut</span> 
     </span>
    </p>
   </div>
   <div class='ocr_carea' id='block_1_5' title="bbox 0 0 1486 4822">
    <p class='ocr_par' dir='ltr' id='par_1_8' title="bbox 0 0 1486 4822">
     <span class='ocr_line' id='line_1_43' title="bbox 0 0 1486 4822; baseline 0 0"><span class='ocrx_word' id='word_1_366' title='bbox 0 0 1486 4822; x_wconf 95' lang='lat' dir='ltr'> </span> 
     </span>
    </p>
   </div>
  </div>
 </body>
</html>
