<?xml version="1.0" encoding="UTF-8"?>
<!DOCTYPE html PUBLIC "-//W3C//DTD XHTML 1.0 Transitional//EN"
    "http://www.w3.org/TR/xhtml1/DTD/xhtml1-transitional.dtd">
<html xmlns="http://www.w3.org/1999/xhtml" xml:lang="en" lang="en">
 <head>
  <title>
</title>
<meta http-equiv="Content-Type" content="text/html;charset=utf-8" />
  <meta name='ocr-system' content='tesseract 3.04.00' />
  <meta name='ocr-capabilities' content='ocr_page ocr_carea ocr_par ocr_line ocrx_word'/>
</head>
<body>
  <div class='ocr_page' id='page_1' title='image "./dissertationesp00stragoog/dissertationesp00stragoog_0797.png"; bbox 0 0 2962 4800; ppageno 0'>
   <div class='ocr_carea' id='block_1_1' title="bbox 207 271 810 354">
    <p class='ocr_par' dir='ltr' id='par_1_1' title="bbox 207 271 810 354">
     <span class='ocr_line' id='line_1_1' title="bbox 207 271 810 354; baseline -0.007 -14"><span class='ocrx_word' id='word_1_1' title='bbox 207 279 249 340; x_wconf 82' lang='lat'>24</span> <span class='ocrx_word' id='word_1_2' title='bbox 738 271 810 354; x_wconf 85' lang='lat'>[80]</span> 
     </span>
    </p>
   </div>
   <div class='ocr_carea' id='block_1_2' title="bbox 206 463 1369 632">
    <p class='ocr_par' dir='ltr' id='par_1_2' title="bbox 206 463 1369 632">
     <span class='ocr_line' id='line_1_2' title="bbox 206 463 1369 544; baseline -0.005 -12"><span class='ocrx_word' id='word_1_3' title='bbox 206 469 292 532; x_wconf 87' lang='lat' dir='ltr'>Triu.</span> <span class='ocrx_word' id='word_1_4' title='bbox 318 470 379 530; x_wconf 81' lang='grc'><em>9114</em></span> <span class='ocrx_word' id='word_1_5' title='bbox 467 466 520 528; x_wconf 86' lang='lat' dir='ltr'>Aa</span> <span class='ocrx_word' id='word_1_6' title='bbox 541 466 593 529; x_wconf 87' lang='lat' dir='ltr'>iiie</span> <span class='ocrx_word' id='word_1_7' title='bbox 615 472 679 527; x_wconf 85' lang='lat' dir='ltr'>tam</span> <span class='ocrx_word' id='word_1_8' title='bbox 703 469 804 527; x_wconf 90' lang='lat' dir='ltr'>esset</span> <span class='ocrx_word' id='word_1_9' title='bbox 826 465 940 528; x_wconf 82' lang='lat' dir='ltr'>stultus</span> <span class='ocrx_word' id='word_1_10' title='bbox 956 464 1009 544; x_wconf 82' lang='lat' dir='ltr'>qui</span> <span class='ocrx_word' id='word_1_11' title='bbox 1024 464 1066 524; x_wconf 88' lang='lat' dir='ltr'>mi</span> <span class='ocrx_word' id='word_1_12' title='bbox 1082 463 1173 526; x_wconf 83' lang='lat' dir='ltr'>ruiile</span> <span class='ocrx_word' id='word_1_13' title='bbox 1190 485 1369 528; x_wconf 81' lang='lat' dir='ltr'>uururuuur</span> 
     </span>
     <span class='ocr_line' id='line_1_3' title="bbox 1032 565 1257 632; baseline 0.004 -3"><span class='ocrx_word' id='word_1_14' title='bbox 1032 565 1257 632; x_wconf 78' lang='lat' dir='ltr'>erederet?</span> 
     </span>
    </p>
   </div>
   <div class='ocr_carea' id='block_1_3' title="bbox 205 688 1366 1286">
    <p class='ocr_par' dir='ltr' id='par_1_3' title="bbox 205 688 1366 1286">
     <span class='ocr_line' id='line_1_4' title="bbox 205 688 1133 774; baseline -0.008 -16"><span class='ocrx_word' id='word_1_15' title='bbox 205 695 301 760; x_wconf 89' lang='lat' dir='ltr'>Poen.</span> <span class='ocrx_word' id='word_1_16' title='bbox 329 695 409 757; x_wconf 80' lang='lat'>1137</span> <span class='ocrx_word' id='word_1_17' title='bbox 472 690 543 755; x_wconf 84' lang='lat' dir='ltr'>Tuo</span> <span class='ocrx_word' id='word_1_18' title='bbox 563 692 669 774; x_wconf 80' lang='lat' dir='ltr'>pietus</span> <span class='ocrx_word' id='word_1_19' title='bbox 684 691 784 774; x_wconf 77' lang='lat' dir='ltr'>piaue</span> <span class='ocrx_word' id='word_1_20' title='bbox 806 689 892 754; x_wconf 82' lang='lat' dir='ltr'>uobis</span> <span class='ocrx_word' id='word_1_21' title='bbox 916 689 1034 752; x_wconf 80' lang='lat' dir='ltr'>auritio</span> <span class='ocrx_word' id='word_1_22' title='bbox 1053 688 1133 770; x_wconf 80' lang='lat' dir='ltr'>fuit,</span> 
     </span>
     <span class='ocr_line' id='line_1_5' title="bbox 463 793 1334 877; baseline -0.003 -17"><span class='ocrx_word' id='word_1_23' title='bbox 463 796 561 875; x_wconf 81' lang='lat' dir='ltr'>Quom</span> <span class='ocrx_word' id='word_1_24' title='bbox 584 802 618 858; x_wconf 85' lang='lat' dir='ltr'>tu</span> <span class='ocrx_word' id='word_1_25' title='bbox 640 795 700 859; x_wconf 80' lang='grc'><em>1333</em></span> <span class='ocrx_word' id='word_1_26' title='bbox 723 794 877 857; x_wconf 74' lang='lat' dir='ltr'><em>advenisti</em></span> <span class='ocrx_word' id='word_1_27' title='bbox 898 793 988 857; x_wconf 84' lang='lat' dir='ltr'>hodio</span> <span class='ocrx_word' id='word_1_28' title='bbox 1010 794 1044 856; x_wconf 89' lang='lat' dir='ltr'>iu</span> <span class='ocrx_word' id='word_1_29' title='bbox 1065 793 1136 875; x_wconf 81' lang='lat' dir='ltr'>ipso</span> <span class='ocrx_word' id='word_1_30' title='bbox 1162 799 1334 877; x_wconf 84' lang='lat' dir='ltr'>tempore:</span> 
     </span>
     <span class='ocr_line' id='line_1_6' title="bbox 461 898 1314 980; baseline -0.002 -17"><span class='ocrx_word' id='word_1_31' title='bbox 461 899 604 980; x_wconf 80' lang='lat' dir='ltr'><strong><em>Namque</em></strong></span> <span class='ocrx_word' id='word_1_32' title='bbox 625 898 716 962; x_wconf 80' lang='lat' dir='ltr'>hodie</span> <span class='ocrx_word' id='word_1_33' title='bbox 738 919 848 962; x_wconf 85' lang='lat' dir='ltr'>eorum</span> <span class='ocrx_word' id='word_1_34' title='bbox 869 903 1131 961; x_wconf 73' lang='lat' dir='ltr'><strong><em>mutarentur</em></strong></span> <span class='ocrx_word' id='word_1_35' title='bbox 1154 899 1314 977; x_wconf 80' lang='lat' dir='ltr'>uomina,</span> 
     </span>
     <span class='ocr_line' id='line_1_7' title="bbox 462 1001 1366 1086; baseline -0.003 -18"><span class='ocrx_word' id='word_1_36' title='bbox 462 1003 743 1083; x_wconf 78' lang='lat' dir='ltr'>Facereutque</span> <span class='ocrx_word' id='word_1_37' title='bbox 800 1001 966 1086; x_wconf 70' lang='lat' dir='ltr'>iudiyuum</span> <span class='ocrx_word' id='word_1_38' title='bbox 1020 1021 1131 1084; x_wconf 76' lang='lat' dir='ltr'>qeuere</span> <span class='ocrx_word' id='word_1_39' title='bbox 1187 1008 1366 1082; x_wconf 79' lang='lat' dir='ltr'>quaestum</span> 
     </span>
     <span class='ocr_line' id='line_1_8' title="bbox 1097 1123 1249 1186; baseline 0.013 -20"><span class='ocrx_word' id='word_1_40' title='bbox 1097 1123 1249 1186; x_wconf 86' lang='lat' dir='ltr'>corpore.</span> 
     </span>
     <span class='ocr_line' id='line_1_9' title="bbox 307 1203 1120 1286; baseline -0.007 -10"><span class='ocrx_word' id='word_1_41' title='bbox 307 1213 327 1277; x_wconf 93' lang='grc'>1.</span> <span class='ocrx_word' id='word_1_42' title='bbox 351 1233 379 1277; x_wconf 89' lang='grc'>3.</span> <span class='ocrx_word' id='word_1_43' title='bbox 402 1209 469 1276; x_wconf 88' lang='lat' dir='ltr'>‘nisi</span> <span class='ocrx_word' id='word_1_44' title='bbox 492 1210 679 1286; x_wconf 81' lang='lat' dir='ltr'><strong>advenisses,</strong></span> <span class='ocrx_word' id='word_1_45' title='bbox 704 1209 830 1273; x_wconf 88' lang='lat' dir='ltr'>uomina</span> <span class='ocrx_word' id='word_1_46' title='bbox 854 1214 975 1272; x_wconf 88' lang='lat' dir='ltr'>mutata</span> <span class='ocrx_word' id='word_1_47' title='bbox 997 1203 1120 1272; x_wconf 90' lang='lat' dir='ltr'>essent.&#39;</span> 
     </span>
    </p>
   </div>
   <div class='ocr_carea' id='block_1_4' title="bbox 204 1327 1228 1621">
    <p class='ocr_par' dir='ltr' id='par_1_4' title="bbox 204 1327 1228 1621">
     <span class='ocr_line' id='line_1_10' title="bbox 204 1327 1208 1413; baseline -0.007 -15"><span class='ocrx_word' id='word_1_48' title='bbox 204 1333 319 1398; x_wconf 87' lang='lat' dir='ltr'>Baeoh.</span> <span class='ocrx_word' id='word_1_49' title='bbox 344 1335 406 1397; x_wconf 85' lang='lat'>312</span> <span class='ocrx_word' id='word_1_50' title='bbox 461 1333 544 1412; x_wconf 83' lang='lat' dir='ltr'>Quia</span> <span class='ocrx_word' id='word_1_51' title='bbox 573 1333 608 1395; x_wconf 93' lang='lat' dir='ltr'>iu</span> <span class='ocrx_word' id='word_1_52' title='bbox 637 1351 728 1413; x_wconf 79' lang='lat' dir='ltr'>eopse</span> <span class='ocrx_word' id='word_1_53' title='bbox 757 1330 830 1394; x_wconf 87' lang='lat' dir='ltr'>oede</span> <span class='ocrx_word' id='word_1_54' title='bbox 852 1329 978 1393; x_wconf 87' lang='lat' dir='ltr'>Diouoi</span> <span class='ocrx_word' id='word_1_55' title='bbox 1003 1327 1208 1411; x_wconf 77' lang='lat' dir='ltr'>constitueret,</span> 
     </span>
     <span class='ocr_line' id='line_1_11' title="bbox 461 1431 1228 1518; baseline -0.004 -18"><span class='ocrx_word' id='word_1_56' title='bbox 461 1435 581 1500; x_wconf 73' lang='lat' dir='ltr'>mirem</span> <span class='ocrx_word' id='word_1_57' title='bbox 601 1433 773 1518; x_wconf 78' lang='lat' dir='ltr'><em>publicitus</em></span> <span class='ocrx_word' id='word_1_58' title='bbox 794 1440 964 1498; x_wconf 75' lang='lat' dir='ltr'>servants:</span> <span class='ocrx_word' id='word_1_59' title='bbox 976 1431 1143 1496; x_wconf 83' lang='lat' dir='ltr'>Occidistis</span> <span class='ocrx_word' id='word_1_60' title='bbox 1168 1454 1228 1514; x_wconf 82' lang='lat' dir='ltr'>me,</span> 
     </span>
     <span class='ocr_line' id='line_1_12' title="bbox 461 1538 1216 1621; baseline -0.003 -18"><span class='ocrx_word' id='word_1_61' title='bbox 461 1538 568 1603; x_wconf 87' lang='lat' dir='ltr'>Nimio</span> <span class='ocrx_word' id='word_1_62' title='bbox 590 1539 624 1602; x_wconf 81' lang='lat' dir='ltr'>id</span> <span class='ocrx_word' id='word_1_63' title='bbox 643 1540 795 1621; x_wconf 76' lang='lat' dir='ltr'>priuatim</span> <span class='ocrx_word' id='word_1_64' title='bbox 818 1545 1061 1601; x_wconf 85' lang='lat' dir='ltr'>servaretur</span> <span class='ocrx_word' id='word_1_65' title='bbox 1084 1539 1216 1601; x_wconf 81' lang='lat' dir='ltr'>rectius.</span> 
     </span>
    </p>
   </div>
   <div class='ocr_carea' id='block_1_5' title="bbox 203 1660 1352 1952">
    <p class='ocr_par' dir='ltr' id='par_1_5' title="bbox 203 1660 1352 1952">
     <span class='ocr_line' id='line_1_13' title="bbox 308 1660 1352 1743; baseline -0.001 -18"><span class='ocrx_word' id='word_1_66' title='bbox 308 1661 479 1726; x_wconf 81' lang='lat' dir='ltr'>Praeteriti</span> <span class='ocrx_word' id='word_1_67' title='bbox 511 1663 612 1725; x_wconf 88' lang='lat' dir='ltr'>inesse</span> <span class='ocrx_word' id='word_1_68' title='bbox 645 1661 803 1725; x_wconf 89' lang='lat' dir='ltr'>notionem</span> <span class='ocrx_word' id='word_1_69' title='bbox 838 1660 1040 1724; x_wconf 86' lang='lat' dir='ltr'>menifestum</span> <span class='ocrx_word' id='word_1_70' title='bbox 1070 1666 1135 1733; x_wconf 82' lang='lat' dir='ltr'>est,</span> <span class='ocrx_word' id='word_1_71' title='bbox 1167 1660 1195 1723; x_wconf 92' lang='lat' dir='ltr'>si</span> <span class='ocrx_word' id='word_1_72' title='bbox 1225 1680 1352 1743; x_wconf 80' lang='lat' dir='ltr'>genere</span> 
     </span>
     <span class='ocr_line' id='line_1_14' title="bbox 203 1763 1242 1850; baseline -0.003 -22"><span class='ocrx_word' id='word_1_73' title='bbox 203 1766 293 1830; x_wconf 85' lang='lat' dir='ltr'>verbi</span> <span class='ocrx_word' id='word_1_74' title='bbox 315 1767 417 1829; x_wconf 84' lang='lat' dir='ltr'>activo</span> <span class='ocrx_word' id='word_1_75' title='bbox 439 1785 581 1828; x_wconf 80' lang='lat' dir='ltr'>servares</span> <span class='ocrx_word' id='word_1_76' title='bbox 603 1786 676 1829; x_wconf 90' lang='lat' dir='ltr'>eum</span> <span class='ocrx_word' id='word_1_77' title='bbox 698 1765 752 1850; x_wconf 90' lang='lat' dir='ltr'>qui</span> <span class='ocrx_word' id='word_1_78' title='bbox 774 1764 911 1850; x_wconf 88' lang='lat' dir='ltr'>loquitur</span> <span class='ocrx_word' id='word_1_79' title='bbox 933 1785 1023 1827; x_wconf 90' lang='lat' dir='ltr'>usum</span> <span class='ocrx_word' id='word_1_80' title='bbox 1045 1784 1113 1827; x_wconf 91' lang='lat' dir='ltr'>esse</span> <span class='ocrx_word' id='word_1_81' title='bbox 1135 1763 1242 1846; x_wconf 90' lang='lat' dir='ltr'>fingis.</span> 
     </span>
     <span class='ocr_line' id='line_1_15' title="bbox 204 1866 1290 1952; baseline 0.002 -22"><span class='ocrx_word' id='word_1_82' title='bbox 204 1867 302 1933; x_wconf 88' lang='lat' dir='ltr'>Persa</span> <span class='ocrx_word' id='word_1_83' title='bbox 326 1870 387 1933; x_wconf 77' lang='lat'>710</span> <span class='ocrx_word' id='word_1_84' title='bbox 467 1866 547 1932; x_wconf 84' lang='lat' dir='ltr'>Cras</span> <span class='ocrx_word' id='word_1_85' title='bbox 569 1869 787 1952; x_wconf 66' lang='lat' dir='ltr'>insuetius,</span> <span class='ocrx_word' id='word_1_86' title='bbox 809 1867 899 1932; x_wconf 81' lang='lat' dir='ltr'>hodie</span> <span class='ocrx_word' id='word_1_87' title='bbox 920 1867 971 1931; x_wconf 79' lang='lat' dir='ltr'>isio</span> <span class='ocrx_word' id='word_1_88' title='bbox 994 1887 1171 1931; x_wconf 82' lang='lat' dir='ltr'>sonores.</span> <span class='ocrx_word' id='word_1_89' title='bbox 1206 1868 1290 1932; x_wconf 83' lang='lat' dir='ltr'>vale.</span> 
     </span>
    </p>
   </div>
   <div class='ocr_carea' id='block_1_6' title="bbox 204 1987 1347 2178">
    <p class='ocr_par' dir='ltr' id='par_1_6' title="bbox 204 1987 1347 2178">
     <span class='ocr_line' id='line_1_16' title="bbox 307 1987 1347 2074; baseline -0.001 -22"><span class='ocrx_word' id='word_1_90' title='bbox 307 1988 506 2074; x_wconf 83' lang='lat' dir='ltr'>Quamquam</span> <span class='ocrx_word' id='word_1_91' title='bbox 523 2011 596 2053; x_wconf 87' lang='lat' dir='ltr'>oras</span> <span class='ocrx_word' id='word_1_92' title='bbox 611 1988 797 2053; x_wconf 83' lang='lat' dir='ltr'>adverbium</span> <span class='ocrx_word' id='word_1_93' title='bbox 813 1989 976 2053; x_wconf 88' lang='lat' dir='ltr'>enuntiato</span> <span class='ocrx_word' id='word_1_94' title='bbox 987 1987 1131 2051; x_wconf 86' lang='lat' dir='ltr'>additum</span> <span class='ocrx_word' id='word_1_95' title='bbox 1146 1992 1206 2067; x_wconf 84' lang='lat' dir='ltr'>est,</span> <span class='ocrx_word' id='word_1_96' title='bbox 1223 1992 1347 2067; x_wconf 85' lang='lat' dir='ltr'>tamen,</span> 
     </span>
     <span class='ocr_line' id='line_1_17' title="bbox 204 2092 1343 2178; baseline 0 -23"><span class='ocrx_word' id='word_1_97' title='bbox 204 2112 275 2155; x_wconf 89' lang='lat' dir='ltr'>oum</span> <span class='ocrx_word' id='word_1_98' title='bbox 298 2093 325 2157; x_wconf 92' lang='lat' dir='ltr'>is</span> <span class='ocrx_word' id='word_1_99' title='bbox 347 2093 400 2178; x_wconf 92' lang='lat' dir='ltr'>qui</span> <span class='ocrx_word' id='word_1_100' title='bbox 423 2095 629 2178; x_wconf 83' lang='lat' dir='ltr'>compelletur</span> <span class='ocrx_word' id='word_1_101' title='bbox 652 2092 812 2156; x_wconf 81' lang='lat' dir='ltr'>discedere</span> <span class='ocrx_word' id='word_1_102' title='bbox 835 2094 899 2155; x_wconf 89' lang='lat' dir='ltr'>iam</span> <span class='ocrx_word' id='word_1_103' title='bbox 922 2092 1070 2176; x_wconf 86' lang='lat' dir='ltr'>eoeperit,</span> <span class='ocrx_word' id='word_1_104' title='bbox 1101 2092 1270 2175; x_wconf 78' lang='lat' dir='ltr'>praeteriti</span> <span class='ocrx_word' id='word_1_105' title='bbox 1296 2092 1343 2155; x_wconf 85' lang='lat' dir='ltr'>vis</span> 
     </span>
    </p>
   </div>
   <div class='ocr_carea' id='block_1_7' title="bbox 198 2194 1346 4152">
    <p class='ocr_par' dir='ltr' id='par_1_7' title="bbox 203 2194 1346 2485">
     <span class='ocr_line' id='line_1_18' title="bbox 204 2194 1041 2280; baseline 0.002 -23"><span class='ocrx_word' id='word_1_106' title='bbox 204 2194 285 2259; x_wconf 87' lang='lat' dir='ltr'>inest</span> <span class='ocrx_word' id='word_1_107' title='bbox 307 2224 349 2247; x_wconf 91' lang='lat'><strong><em>=</em></strong></span> <span class='ocrx_word' id='word_1_108' title='bbox 378 2196 493 2262; x_wconf 85' lang='lat' dir='ltr'>Besser</span> <span class='ocrx_word' id='word_1_109' title='bbox 515 2204 630 2261; x_wconf 78' lang='lat' dir='ltr'>uirest</span> <span class='ocrx_word' id='word_1_110' title='bbox 652 2197 696 2261; x_wconf 82' lang='lat' dir='ltr'>du</span> <span class='ocrx_word' id='word_1_111' title='bbox 718 2217 846 2280; x_wconf 74' lang='lat' dir='ltr'>ruoryeu</span> <span class='ocrx_word' id='word_1_112' title='bbox 869 2217 1041 2280; x_wconf 67' lang='lat' dir='ltr'>yeyouqeu.</span> 
     </span>
     <span class='ocr_line' id='line_1_19' title="bbox 203 2298 1346 2385; baseline 0.002 -24"><span class='ocrx_word' id='word_1_113' title='bbox 203 2298 288 2363; x_wconf 86' lang='lat' dir='ltr'>Meu.</span> <span class='ocrx_word' id='word_1_114' title='bbox 317 2303 376 2364; x_wconf 81' lang='lat'>160</span> <span class='ocrx_word' id='word_1_115' title='bbox 462 2301 524 2383; x_wconf 85' lang='lat' dir='ltr'>Eu,</span> <span class='ocrx_word' id='word_1_116' title='bbox 548 2301 654 2384; x_wconf 81' lang='lat' dir='ltr'>edepol</span> <span class='ocrx_word' id='word_1_117' title='bbox 669 2322 706 2365; x_wconf 91' lang='lat' dir='ltr'>ue</span> <span class='ocrx_word' id='word_1_118' title='bbox 721 2308 764 2379; x_wconf 89' lang='lat' dir='ltr'>tu,</span> <span class='ocrx_word' id='word_1_119' title='bbox 788 2307 823 2364; x_wconf 88' lang='lat' dir='ltr'>ut</span> <span class='ocrx_word' id='word_1_120' title='bbox 841 2321 896 2385; x_wconf 71' lang='lat' dir='ltr'>eoo</span> <span class='ocrx_word' id='word_1_121' title='bbox 920 2302 1041 2383; x_wconf 82' lang='lat' dir='ltr'>opinor,</span> <span class='ocrx_word' id='word_1_122' title='bbox 1064 2319 1171 2362; x_wconf 89' lang='lat' dir='ltr'>esses</span> <span class='ocrx_word' id='word_1_123' title='bbox 1195 2300 1346 2381; x_wconf 68' lang='grc'><em>33113133</em></span> 
     </span>
     <span class='ocr_line' id='line_1_20' title="bbox 1105 2400 1235 2485; baseline 0.015 -21"><span class='ocrx_word' id='word_1_124' title='bbox 1105 2400 1235 2485; x_wconf 81' lang='lat' dir='ltr'>probus.</span> 
     </span>
    </p>

    <p class='ocr_par' dir='ltr' id='par_1_8' title="bbox 201 2506 1344 2990">
     <span class='ocr_line' id='line_1_21' title="bbox 307 2506 1344 2574; baseline 0 -3"><span class='ocrx_word' id='word_1_125' title='bbox 307 2507 482 2573; x_wconf 85' lang='lat' dir='ltr'>Adnotavit</span> <span class='ocrx_word' id='word_1_126' title='bbox 516 2508 556 2572; x_wconf 84' lang='lat' dir='ltr'>ed</span> <span class='ocrx_word' id='word_1_127' title='bbox 589 2509 672 2573; x_wconf 87' lang='lat' dir='ltr'>hune</span> <span class='ocrx_word' id='word_1_128' title='bbox 705 2511 808 2574; x_wconf 89' lang='lat' dir='ltr'>looum</span> <span class='ocrx_word' id='word_1_129' title='bbox 842 2508 938 2573; x_wconf 86' lang='lat' dir='ltr'>Brix:</span> <span class='ocrx_word' id='word_1_130' title='bbox 977 2526 1089 2572; x_wconf 86' lang='grc'><em>33333</em></span> <span class='ocrx_word' id='word_1_131' title='bbox 1122 2506 1165 2570; x_wconf 85' lang='lat' dir='ltr'>du</span> <span class='ocrx_word' id='word_1_132' title='bbox 1201 2507 1344 2571; x_wconf 74' lang='grc'><em>1311311331</em></span> 
     </span>
     <span class='ocr_line' id='line_1_22' title="bbox 202 2610 1344 2696; baseline -0.002 -20"><span class='ocrx_word' id='word_1_133' title='bbox 202 2613 268 2676; x_wconf 87' lang='lat' dir='ltr'>seia</span> <span class='ocrx_word' id='word_1_134' title='bbox 289 2611 399 2694; x_wconf 77' lang='lat' dir='ltr'>(uersu</span> <span class='ocrx_word' id='word_1_135' title='bbox 430 2613 474 2677; x_wconf 84' lang='lat' dir='ltr'>du</span> <span class='ocrx_word' id='word_1_136' title='bbox 503 2615 538 2676; x_wconf 94' lang='lat' dir='ltr'>iu</span> <span class='ocrx_word' id='word_1_137' title='bbox 566 2613 626 2677; x_wconf 80' lang='lat' dir='ltr'>deu</span> <span class='ocrx_word' id='word_1_138' title='bbox 649 2612 726 2677; x_wconf 80' lang='lat' dir='ltr'>Fuit</span> <span class='ocrx_word' id='word_1_139' title='bbox 752 2612 904 2694; x_wconf 76' lang='lat' dir='ltr'>timasi),</span> <span class='ocrx_word' id='word_1_140' title='bbox 935 2613 1075 2696; x_wconf 76' lang='lat' dir='ltr'>doqeqeu</span> <span class='ocrx_word' id='word_1_141' title='bbox 1098 2610 1168 2675; x_wconf 86' lang='lat' dir='ltr'><em>Mil.</em></span> <span class='ocrx_word' id='word_1_142' title='bbox 1193 2611 1275 2673; x_wconf 84' lang='grc'><em>1112</em></span> <span class='ocrx_word' id='word_1_143' title='bbox 1299 2611 1344 2674; x_wconf 83' lang='lat' dir='ltr'>od</span> 
     </span>
     <span class='ocr_line' id='line_1_23' title="bbox 201 2711 1344 2800; baseline 0 -22"><span class='ocrx_word' id='word_1_144' title='bbox 201 2734 296 2797; x_wconf 80' lang='lat' dir='ltr'>equos</span> <span class='ocrx_word' id='word_1_145' title='bbox 314 2717 413 2799; x_wconf 87' lang='lat' dir='ltr'>fuisti</span> <span class='ocrx_word' id='word_1_146' title='bbox 434 2719 531 2782; x_wconf 83' lang='lat' dir='ltr'>scitus</span> <span class='ocrx_word' id='word_1_147' title='bbox 553 2717 765 2782; x_wconf 77' lang='lat' dir='ltr'>admissarius</span> <span class='ocrx_word' id='word_1_148' title='bbox 789 2746 827 2770; x_wconf 84' lang='lat'>=</span> <span class='ocrx_word' id='word_1_149' title='bbox 851 2715 903 2780; x_wconf 84' lang='lat' dir='ltr'>‘du</span> <span class='ocrx_word' id='word_1_150' title='bbox 926 2722 1040 2780; x_wconf 78' lang='lat' dir='ltr'>uiirest</span> <span class='ocrx_word' id='word_1_151' title='bbox 1068 2711 1229 2800; x_wconf 71' lang='lat' dir='ltr'>yeweseu&#39;‚</span> <span class='ocrx_word' id='word_1_152' title='bbox 1264 2715 1344 2778; x_wconf 73' lang='lat' dir='ltr'>diru-</span> 
     </span>
     <span class='ocr_line' id='line_1_24' title="bbox 201 2818 1344 2904; baseline -0.001 -22"><span class='ocrx_word' id='word_1_153' title='bbox 201 2819 263 2883; x_wconf 80' lang='lat' dir='ltr'>iiois</span> <span class='ocrx_word' id='word_1_154' title='bbox 285 2820 452 2885; x_wconf 78' lang='grc'><em>0133110</em></span> <span class='ocrx_word' id='word_1_155' title='bbox 475 2842 582 2884; x_wconf 80' lang='lat' dir='ltr'>oeruem</span> <span class='ocrx_word' id='word_1_156' title='bbox 604 2842 666 2886; x_wconf 81' lang='grc'><em>3333</em></span> <span class='ocrx_word' id='word_1_157' title='bbox 688 2821 769 2886; x_wconf 84' lang='lat' dir='ltr'>iraue</span> <span class='ocrx_word' id='word_1_158' title='bbox 784 2821 904 2903; x_wconf 80' lang='lat' dir='ltr'>quidem</span> <span class='ocrx_word' id='word_1_159' title='bbox 923 2823 1027 2904; x_wconf 75' lang='lat' dir='ltr'>uroqis</span> <span class='ocrx_word' id='word_1_160' title='bbox 1047 2841 1110 2903; x_wconf 85' lang='lat' dir='ltr'>por</span> <span class='ocrx_word' id='word_1_161' title='bbox 1128 2818 1213 2902; x_wconf 84' lang='lat' dir='ltr'>suit:</span> <span class='ocrx_word' id='word_1_162' title='bbox 1236 2839 1344 2902; x_wconf 73' lang='grc'><em>33933</em></span> 
     </span>
     <span class='ocr_line' id='line_1_25' title="bbox 201 2924 436 2990; baseline 0.017 -4"><span class='ocrx_word' id='word_1_163' title='bbox 201 2944 315 2988; x_wconf 87' lang='lat' dir='ltr'>uosum</span> <span class='ocrx_word' id='word_1_164' title='bbox 337 2924 436 2990; x_wconf 80' lang='grc'><em>113131.</em></span> 
     </span>
    </p>

    <p class='ocr_par' dir='ltr' id='par_1_9' title="bbox 198 3025 1342 3426">
     <span class='ocr_line' id='line_1_26' title="bbox 304 3025 1342 3114; baseline 0.003 -23"><span class='ocrx_word' id='word_1_165' title='bbox 304 3028 350 3092; x_wconf 89' lang='grc' dir='ltr'>Α1</span> <span class='ocrx_word' id='word_1_166' title='bbox 372 3030 449 3094; x_wconf 91' lang='lat' dir='ltr'>mihi</span> <span class='ocrx_word' id='word_1_167' title='bbox 472 3035 503 3094; x_wconf 89' lang='lat' dir='ltr'>et</span> <span class='ocrx_word' id='word_1_168' title='bbox 525 3030 601 3114; x_wconf 90' lang='lat' dir='ltr'>ipsis</span> <span class='ocrx_word' id='word_1_169' title='bbox 623 3031 684 3095; x_wconf 93' lang='lat' dir='ltr'>illis</span> <span class='ocrx_word' id='word_1_170' title='bbox 706 3031 781 3096; x_wconf 88' lang='grc'><em>13313</em></span> <span class='ocrx_word' id='word_1_171' title='bbox 805 3039 836 3094; x_wconf 90' lang='grc'>31</span> <span class='ocrx_word' id='word_1_172' title='bbox 860 3050 954 3093; x_wconf 89' lang='lat' dir='ltr'>versu</span> <span class='ocrx_word' id='word_1_173' title='bbox 971 3027 1036 3093; x_wconf 85' lang='lat' dir='ltr'>Mil.</span> <span class='ocrx_word' id='word_1_174' title='bbox 1054 3031 1113 3092; x_wconf 88' lang='lat'>911</span> <span class='ocrx_word' id='word_1_175' title='bbox 1133 3025 1232 3092; x_wconf 76' lang='lat' dir='ltr'>bonius</span> <span class='ocrx_word' id='word_1_176' title='bbox 1253 3035 1342 3094; x_wconf 86' lang='grc'><em>33133</em></span> 
     </span>
     <span class='ocr_line' id='line_1_27' title="bbox 198 3131 1341 3219; baseline 0.003 -25"><span class='ocrx_word' id='word_1_177' title='bbox 198 3138 328 3214; x_wconf 85' lang='lat' dir='ltr'>poteras</span> <span class='ocrx_word' id='word_1_178' title='bbox 353 3153 417 3197; x_wconf 85' lang='lat' dir='ltr'>esse</span> <span class='ocrx_word' id='word_1_179' title='bbox 447 3135 639 3219; x_wconf 78' lang='lat' dir='ltr'>comparatis</span> <span class='ocrx_word' id='word_1_180' title='bbox 670 3136 734 3198; x_wconf 87' lang='lat' dir='ltr'>veri</span> <span class='ocrx_word' id='word_1_181' title='bbox 764 3155 834 3198; x_wconf 92' lang='lat' dir='ltr'>esse</span> <span class='ocrx_word' id='word_1_182' title='bbox 866 3133 997 3198; x_wconf 89' lang='lat' dir='ltr'>similius</span> <span class='ocrx_word' id='word_1_183' title='bbox 1028 3131 1153 3197; x_wconf 86' lang='lat' dir='ltr'>videtur</span> <span class='ocrx_word' id='word_1_184' title='bbox 1184 3131 1341 3197; x_wconf 85' lang='lat' dir='ltr'>Plautum</span> 
     </span>
     <span class='ocr_line' id='line_1_28' title="bbox 201 3236 1341 3317; baseline 0.004 -20"><span class='ocrx_word' id='word_1_185' title='bbox 201 3236 363 3317; x_wconf 88' lang='lat' dir='ltr'>praeteriti</span> <span class='ocrx_word' id='word_1_186' title='bbox 396 3238 428 3300; x_wconf 86' lang='lat' dir='ltr'>vi</span> <span class='ocrx_word' id='word_1_187' title='bbox 458 3239 504 3301; x_wconf 90' lang='lat' dir='ltr'>uti</span> <span class='ocrx_word' id='word_1_188' title='bbox 534 3237 683 3301; x_wconf 89' lang='lat' dir='ltr'>maluisse</span> <span class='ocrx_word' id='word_1_189' title='bbox 709 3240 741 3302; x_wconf 91' lang='lat' dir='ltr'>in</span> <span class='ocrx_word' id='word_1_190' title='bbox 774 3237 928 3303; x_wconf 90' lang='lat' dir='ltr'>eiusmodi</span> <span class='ocrx_word' id='word_1_191' title='bbox 959 3236 1144 3315; x_wconf 88' lang='lat' dir='ltr'>enuntiatis,</span> <span class='ocrx_word' id='word_1_192' title='bbox 1176 3244 1213 3300; x_wconf 89' lang='grc'>31</span> <span class='ocrx_word' id='word_1_193' title='bbox 1245 3239 1341 3302; x_wconf 88' lang='lat' dir='ltr'>nobis</span> 
     </span>
     <span class='ocr_line' id='line_1_29' title="bbox 200 3336 906 3426; baseline 0.01 -28"><span class='ocrx_word' id='word_1_194' title='bbox 200 3336 401 3423; x_wconf 85' lang='lat' dir='ltr'>interpretari</span> <span class='ocrx_word' id='word_1_195' title='bbox 423 3340 532 3405; x_wconf 84' lang='lat' dir='ltr'>liceat:</span> <span class='ocrx_word' id='word_1_196' title='bbox 557 3342 601 3405; x_wconf 83' lang='lat' dir='ltr'>du</span> <span class='ocrx_word' id='word_1_197' title='bbox 625 3349 738 3407; x_wconf 77' lang='lat' dir='ltr'>uuirest</span> <span class='ocrx_word' id='word_1_198' title='bbox 761 3362 906 3426; x_wconf 72' lang='lat' dir='ltr'>qeweseu.</span> 
     </span>
    </p>

    <p class='ocr_par' dir='ltr' id='par_1_10' title="bbox 200 3441 1342 3632">
     <span class='ocr_line' id='line_1_30' title="bbox 302 3441 1342 3530; baseline 0.006 -24"><span class='ocrx_word' id='word_1_199' title='bbox 302 3441 414 3529; x_wconf 88' lang='lat' dir='ltr'>Neque</span> <span class='ocrx_word' id='word_1_200' title='bbox 438 3444 556 3510; x_wconf 90' lang='lat' dir='ltr'>Pseud.</span> <span class='ocrx_word' id='word_1_201' title='bbox 571 3449 631 3509; x_wconf 92' lang='lat'>491</span> <span class='ocrx_word' id='word_1_202' title='bbox 657 3467 725 3530; x_wconf 88' lang='lat' dir='ltr'>sqq.</span> <span class='ocrx_word' id='word_1_203' title='bbox 742 3467 761 3509; x_wconf 97' lang='lat' dir='ltr'>a</span> <span class='ocrx_word' id='word_1_204' title='bbox 783 3446 940 3510; x_wconf 87' lang='lat' dir='ltr'>Loreuaio</span> <span class='ocrx_word' id='word_1_205' title='bbox 964 3451 1111 3510; x_wconf 85' lang='lat' dir='ltr'>aoeurate</span> <span class='ocrx_word' id='word_1_206' title='bbox 1130 3445 1170 3508; x_wconf 90' lang='lat' dir='ltr'>ad</span> <span class='ocrx_word' id='word_1_207' title='bbox 1189 3445 1342 3512; x_wconf 84' lang='lat' dir='ltr'>codicum</span> 
     </span>
     <span class='ocr_line' id='line_1_31' title="bbox 200 3548 988 3632; baseline 0.004 -24"><span class='ocrx_word' id='word_1_208' title='bbox 200 3548 383 3610; x_wconf 82' lang='lat' dir='ltr'>memoriam</span> <span class='ocrx_word' id='word_1_209' title='bbox 407 3548 594 3613; x_wconf 84' lang='lat' dir='ltr'>conformati</span> <span class='ocrx_word' id='word_1_210' title='bbox 617 3555 704 3632; x_wconf 88' lang='lat' dir='ltr'>suut,</span> <span class='ocrx_word' id='word_1_211' title='bbox 726 3571 797 3614; x_wconf 91' lang='lat' dir='ltr'>oum</span> <span class='ocrx_word' id='word_1_212' title='bbox 820 3550 988 3614; x_wconf 79' lang='lat' dir='ltr'>scriberet:</span> 
     </span>
    </p>

    <p class='ocr_par' dir='ltr' id='par_1_11' title="bbox 454 3671 1314 4152">
     <span class='ocr_line' id='line_1_32' title="bbox 678 3671 1232 3754; baseline -0.004 -18"><span class='ocrx_word' id='word_1_213' title='bbox 678 3673 766 3752; x_wconf 81' lang='lat' dir='ltr'>Quor</span> <span class='ocrx_word' id='word_1_214' title='bbox 788 3693 852 3736; x_wconf 92' lang='lat' dir='ltr'>uou</span> <span class='ocrx_word' id='word_1_215' title='bbox 874 3671 1010 3736; x_wconf 80' lang='lat' dir='ltr'>resciri?</span> <span class='ocrx_word' id='word_1_216' title='bbox 1025 3694 1053 3735; x_wconf 89' lang='lat'>::</span> <span class='ocrx_word' id='word_1_217' title='bbox 1068 3671 1232 3754; x_wconf 79' lang='lat' dir='ltr'>Eloquar:</span> 
     </span>
     <span class='ocr_line' id='line_1_33' title="bbox 454 3775 1296 3861; baseline 0.005 -23"><span class='ocrx_word' id='word_1_218' title='bbox 454 3775 535 3853; x_wconf 78' lang='lat' dir='ltr'>Quia</span> <span class='ocrx_word' id='word_1_219' title='bbox 559 3775 698 3839; x_wconf 82' lang='lat' dir='ltr'>uolebam</span> <span class='ocrx_word' id='word_1_220' title='bbox 721 3796 758 3838; x_wconf 83' lang='grc'>33</span> <span class='ocrx_word' id='word_1_221' title='bbox 780 3796 827 3839; x_wconf 86' lang='lat' dir='ltr'>me</span> <span class='ocrx_word' id='word_1_222' title='bbox 849 3794 964 3839; x_wconf 87' lang='lat' dir='ltr'>morem</span> <span class='ocrx_word' id='word_1_223' title='bbox 985 3777 1139 3860; x_wconf 76' lang='lat' dir='ltr'>proqiyui</span> <span class='ocrx_word' id='word_1_224' title='bbox 1160 3779 1296 3861; x_wconf 80' lang='lat' dir='ltr'>reolum,</span> 
     </span>
     <span class='ocr_line' id='line_1_34' title="bbox 455 3877 1314 3965; baseline 0.006 -25"><span class='ocrx_word' id='word_1_225' title='bbox 455 3877 559 3942; x_wconf 85' lang='lat' dir='ltr'>Erum</span> <span class='ocrx_word' id='word_1_226' title='bbox 581 3887 616 3942; x_wconf 91' lang='lat' dir='ltr'>ut</span> <span class='ocrx_word' id='word_1_227' title='bbox 638 3877 742 3964; x_wconf 73' lang='lat' dir='ltr'>(suos)</span> <span class='ocrx_word' id='word_1_228' title='bbox 762 3900 867 3943; x_wconf 85' lang='lat' dir='ltr'>seruos</span> <span class='ocrx_word' id='word_1_229' title='bbox 892 3881 1076 3944; x_wconf 78' lang='lat' dir='ltr'>oriruiuoret</span> <span class='ocrx_word' id='word_1_230' title='bbox 1099 3879 1187 3965; x_wconf 79' lang='lat' dir='ltr'>opud</span> <span class='ocrx_word' id='word_1_231' title='bbox 1210 3902 1314 3946; x_wconf 73' lang='grc'><em>33133.</em></span> 
     </span>
     <span class='ocr_line' id='line_1_35' title="bbox 457 3980 1295 4067; baseline 0.004 -22"><span class='ocrx_word' id='word_1_232' title='bbox 457 3981 510 4047; x_wconf 84' lang='lat' dir='ltr'>SI.</span> <span class='ocrx_word' id='word_1_233' title='bbox 534 3980 710 4047; x_wconf 85' lang='lat' dir='ltr'>Iubereu</span> <span class='ocrx_word' id='word_1_234' title='bbox 732 3983 815 4047; x_wconf 78' lang='lat' dir='ltr'>turre</span> <span class='ocrx_word' id='word_1_235' title='bbox 836 3985 1040 4067; x_wconf 80' lang='lat' dir='ltr'>praeeipitem</span> <span class='ocrx_word' id='word_1_236' title='bbox 1063 3986 1097 4047; x_wconf 92' lang='lat' dir='ltr'>iu</span> <span class='ocrx_word' id='word_1_237' title='bbox 1118 3985 1295 4066; x_wconf 83' lang='lat' dir='ltr'>pistriruuu</span> 
     </span>
     <span class='ocr_line' id='line_1_36' title="bbox 1117 4088 1230 4152; baseline 0 -1"><span class='ocrx_word' id='word_1_238' title='bbox 1117 4088 1230 4152; x_wconf 77' lang='lat' dir='ltr'>troisi?</span> 
     </span>
    </p>
   </div>
   <div class='ocr_carea' id='block_1_8' title="bbox 199 4205 1340 4399">
    <p class='ocr_par' dir='ltr' id='par_1_12' title="bbox 199 4205 1340 4399">
     <span class='ocr_line' id='line_1_37' title="bbox 301 4205 1337 4294; baseline 0.012 -28"><span class='ocrx_word' id='word_1_239' title='bbox 301 4225 374 4268; x_wconf 88' lang='lat' dir='ltr'>suos</span> <span class='ocrx_word' id='word_1_240' title='bbox 396 4205 426 4269; x_wconf 92' lang='grc'>13</span> <span class='ocrx_word' id='word_1_241' title='bbox 451 4227 480 4271; x_wconf 87' lang='lat' dir='ltr'>v.</span> <span class='ocrx_word' id='word_1_242' title='bbox 505 4209 567 4271; x_wconf 87' lang='lat'>493</span> <span class='ocrx_word' id='word_1_243' title='bbox 590 4208 711 4273; x_wconf 86' lang='lat' dir='ltr'>addidit</span> <span class='ocrx_word' id='word_1_244' title='bbox 736 4208 878 4287; x_wconf 79' lang='lat' dir='ltr'>Mueller,</span> <span class='ocrx_word' id='word_1_245' title='bbox 902 4211 1052 4294; x_wconf 80' lang='lat' dir='ltr'>Beitriige</span> <span class='ocrx_word' id='word_1_246' title='bbox 1074 4231 1130 4273; x_wconf 90' lang='lat' dir='ltr'>zur</span> <span class='ocrx_word' id='word_1_247' title='bbox 1151 4209 1260 4275; x_wconf 82' lang='lat' dir='ltr'>Pleut.</span> <span class='ocrx_word' id='word_1_248' title='bbox 1281 4211 1337 4279; x_wconf 91' lang='lat' dir='ltr'>Pr.</span> 
     </span>
     <span class='ocr_line' id='line_1_38' title="bbox 199 4309 1340 4399; baseline 0.014 -32"><span class='ocrx_word' id='word_1_249' title='bbox 199 4326 227 4396; x_wconf 86' lang='lat' dir='ltr'>p.</span> <span class='ocrx_word' id='word_1_250' title='bbox 251 4311 301 4374; x_wconf 88' lang='lat'>41.</span> <span class='ocrx_word' id='word_1_251' title='bbox 351 4309 487 4374; x_wconf 82' lang='lat' dir='ltr'>Simonis</span> <span class='ocrx_word' id='word_1_252' title='bbox 512 4317 584 4375; x_wconf 86' lang='lat' dir='ltr'>ueta</span> <span class='ocrx_word' id='word_1_253' title='bbox 615 4323 688 4378; x_wconf 88' lang='grc'><em>3313</em></span> <span class='ocrx_word' id='word_1_254' title='bbox 720 4336 749 4378; x_wconf 85' lang='lat' dir='ltr'>v.</span> <span class='ocrx_word' id='word_1_255' title='bbox 774 4316 835 4377; x_wconf 87' lang='lat'>494</span> <span class='ocrx_word' id='word_1_256' title='bbox 862 4316 892 4378; x_wconf 93' lang='grc'>13</span> <span class='ocrx_word' id='word_1_257' title='bbox 918 4315 951 4394; x_wconf 83' lang='lat' dir='ltr'>O,</span> <span class='ocrx_word' id='word_1_258' title='bbox 982 4315 1099 4378; x_wconf 89' lang='grc'><em>33313</em></span> <span class='ocrx_word' id='word_1_259' title='bbox 1124 4312 1182 4377; x_wconf 90' lang='lat' dir='ltr'>BD</span> <span class='ocrx_word' id='word_1_260' title='bbox 1210 4315 1340 4399; x_wconf 82' lang='lat' dir='ltr'>legitur.</span> 
     </span>
    </p>
   </div>
   <div class='ocr_carea' id='block_1_9' title="bbox 0 0 1486 4800">
    <p class='ocr_par' dir='ltr' id='par_1_13' title="bbox 0 0 1486 4800">
     <span class='ocr_line' id='line_1_39' title="bbox 0 0 1486 4800; baseline 0 3"><span class='ocrx_word' id='word_1_261' title='bbox 0 0 1486 4800; x_wconf 95' lang='lat' dir='ltr'> </span> 
     </span>
    </p>
   </div>
  </div>
 </body>
</html>
