2970 4814
539 326 579 336 -
626 287 713 375 [aar]
762 328 800 336 -
1198 295 1239 354 aa

103 478 229 543 Meletii
254 478 420 564 prooemio
443 478 525 542 haee
548 478 649 542 rerba
673 486 856 545 exstarent:
887 474 1059 565 Σωκράτης
1081 479 1117 545 δὲ
1183 532 1190 546 .
1206 533 1238 548 ..

103 581 137 648 ἑν
159 576 234 661 τοῖς
256 578 485 668 ε’τομολογίαις
506 583 565 647 τοῦ
587 578 740 666 σώματος
766 586 825 650 τοῦ
852 576 1034 668 ἀνθρώπου
1065 577 1167 650 αὐτοῦ
1196 578 1240 665 ὡς

104 681 331 772 γραμματικὸς
352 679 375 775 ἢ
396 681 580 774 φιλόσοφος
602 684 810 769 συνετάξατο,
833 696 902 753 tum
926 695 1016 753 eerte
1033 710 1073 753 ne
1086 689 1239 775 Voigtius

107 791 239 877 quidem
263 791 448 856 dubitasset
471 786 644 879 Σωκράτης
667 814 785 858 nomen
809 794 841 857 in
865 787 1016 879 Σωρανὸς
1039 799 1175 859 mutare.

190 905 342 990 Voigtius
374 905 472 990 igitur
504 904 632 969 Orionis
661 904 881 991 Etymologiei
911 905 1093 969 testimonio
1123 908 1188 988 (34,
1205 905 1240 989 9)

102 1010 206 1074 fretus
238 1007 355 1072 Sorani
383 1009 500 1074 librum
528 1010 718 1096 inscriptum
741 1011 823 1074 vult:
853 1006 1061 1095 ἓτυμολογίαι
1088 1011 1147 1076 τοτ’·
1174 1004 1241 1076 σά-

106 1111 290 1195 protectori
313 1104 503 1192 άνθριάτου.
549 1111 596 1176 At
620 1133 691 1176 eum
724 1113 826 1177 tribus
854 1113 983 1178 omnino
1011 1114 1092 1177 loois
1123 1114 1155 1177 iu
1179 1113 1240 1177 hoo

103 1215 332 1302 Etymologioo
357 1216 440 1281 liber
462 1215 516 1280 ille
534 1215 649 1281 Sorani
672 1217 832 1297 laudetur,
855 1217 960 1282 tribus
976 1217 1078 1281 titulis
1101 1218 1240 1282 interae

104 1320 243 1384 diversis
266 1319 443 1385 excitatur:

196 1455 222 1516 l.
259 1451 314 1516 Or.
339 1453 428 1530 34‚9
464 1444 549 1515 οἵτω
576 1444 728 1534 Σωρανός
759 1447 799 1514 ἕν
832 1453 922 1529 ταῖς
955 1445 1242 1536 ἑτυμολογίαις

103 1555 178 1622 τοῦ
200 1549 386 1639 σώματος
407 1554 475 1620 τοῦ
498 1545 730 1639 άνθράντοο.

194 1678 224 1742 2.
259 1675 315 1742 Or.
343 1679 449 1770 '3¹24
473 1668 559 1740 odeo
583 1670 733 1762 Σωροςνός
763 1673 802 1740 ἐν
832 1677 883 1763 τῷ
913 1673 1011 1760 περὶ
1039 1673 1240 1759 ἐτυμολο-

104 1781 201 1866 γιῶν
222 1781 293 1846 τοῦ
316 1772 543 1862 ἀνθρώπου.

191 1904 219 1967 3.
255 1901 310 1967 Or.
337 1904 465 1981 159,1·7
490 1894 574 1966 οὕτω
603 1899 686 1986 λέγει
714 1896 865 1985 Σωρανὸς
893 1899 1143 1986 ἐτυμολογῶν
1177 1893 1241 1965 τὸν
1300 1917 1306 1930 ·

104 1998 325 2091 άνθρωπον
347 1999 446 2071 ὅλον.

189 2134 305 2219 Itaque
331 2156 371 2199 ne
396 2135 423 2198 is
442 2133 583 2219 quidem,
607 2136 661 2220 qui
683 2135 786 2220 primo
803 2136 873 2200 loeo
893 2136 1018 2221 positus
1041 2141 1102 2216 est,
1125 2134 1239 2197 titulus

104 2238 204 2303 nimia
232 2237 295 2302 fide
322 2236 440 2321 dignus
469 2236 704 2303 videturesse.
752 2237 818 2305 cfr.
848 2241 946 2304 etiam
975 2261 1057 2325 quae
1082 2261 1113 2325 p.
1137 2241 1176 2301 27
1201 2237 1240 2301 de

106 2342 199 2406 titulo
224 2339 375 2424 Σωρανὸς
403 2338 437 2406 ἐν
463 2341 511 2429 τῷ
536 2338 614 2426 περὶ
642 2333 827 2425 ὀνομασιῶν
848 2338 1036 2430 μονοβίβλτμ
1059 2341 1145 2428 apud
1168 2341 1243 2406 Rufi

106 2446 325 2511 scholiastam·
338 2450 591 2510 eommemorato
615 2445 693 2511 dixi.

191 2557 353 2644 Equidem
368 2559 493 2623 eonieio
508 2558 667 2623 Soranum
680 2559 787 2644 ipsum
801 2558 918 2622 librum
931 2579 1023 2623 suum
1036 2560 1241 2645 inscripsisse

107 2658 182 2745 περὶ
200 2656 329 2750 φάσεως
344 2655 535 2749 ἀνθρώπου,
557 2683 653 2748 quem
671 2662 801 2726 titulum
817 2661 971 2726 Meletius
989 2670 1077 2728 reete
1094 2661 1193 2726 tradit
1210 2663 1244 2726 in

108 2766 320 2852 praefatione.
364 2767 417 2831 Ex
442 2788 505 2852 quo
529 2788 602 2831 eum
625 2765 725 2831 Orion
749 2766 821 2830 illas
845 2772 988 2831 sumeret
1012 2767 1243 2831 vocabulorum

107 2871 354 2956 originationem
379 2892 462 2956 quae
487 2870 527 2935 ad
544 2892 661 2956 eorpus
678 2870 854 2934 humanum
879 2876 1038 2957 spectant,
1055 2872 1178 2936 veritus
1202 2893 1242 2936 ne

107 2996 180 3039 eum
203 2981 321 3040 natura
343 2983 376 3041 et
398 2974 507 3040 indole
531 2974 761 3060 Etymologioi,
785 2975 817 3037 in
840 2995 902 3059 quo
925 2976 1007 3040 nihil
1030 2977 1093 3040 nisi
1117 2981 1243 3062 etymo-

106 3080 213 3165 logiae
249 3080 438 3159 exstabant,
473 3099 587 3165 parum
622 3086 817 3164 congrueret
853 3079 964 3142 titulus
999 3079 1072 3144 libri
1105 3080 1244 3145 alieuius

107 3183 309 3269 disciplinam
347 3203 437 3248 mera
472 3181 631 3247 medicam
667 3183 867 3268 profitentis,
906 3203 964 3267 pro
999 3182 1070 3269 ipso
1107 3182 1244 3248 Soranei

110 3286 184 3352 libri
207 3287 301 3351 titulo
329 3285 421 3372 (περὶ
450 3281 580 3373 φάσεως
607 3279 802 3369 ἀνθρώπων)
833 3286 1028 3372 significavit
1060 3309 1130 3351 eam
1160 3308 1244 3372 quae

111 3391 174 3477 ipsi
202 3391 397 3476 gravissima
425 3391 597 3456 videbatur
625 3392 699 3456 libri
732 3398 858 3477 partem
886 3391 944 3471 ita⁷
982 3397 1018 3454 ut
1047 3390 1194 3455 frustulis
1225 3414 1243 3456 e

109 3494 232 3559 Sorano
257 3494 438 3582 desumptis
461 3495 557 3560 modo
581 3497 661 3561 haee
688 3495 843 3560 adderet:
874 3489 959 3559 otto
986 3492 1069 3581 λέγει
1094 3490 1244 3578 Σωρανὸς

106 3596 309 3684 ἐτυμολογῶν
320 3593 377 3665 τὸν
388 3591 567 3685 άνθρωττον
583 3594 657 3666 ὅλον
669 3599 739 3685 (Or.
755 3598 1011 3682 159,17),m0d0
1028 3600 1125 3664 haec:
1150 3596 1183 3663 ἐν
1198 3600 1245 3686 τῷ

107 3702 184 3788 περὶ
208 3702 426 3790 ἐτυμολογιῶν
447 3706 506 3770 τοῦ
528 3697 719 3790 ἄνθρωπον,
743 3703 839 3768 modo
857 3704 954 3769 haee:
978 3702 1011 3769 ἓν
1032 3708 1108 3783 ταῖς
1126 3702 1245 3787 ἐτυμο-

107 3803 235 3893 λογίαις
255 3809 314 3873 τοῦ
337 3802 489 3890 σώματος
512 3809 571 3874 τοῦ
598 3801 789 3893 ἀνθρώπου,
824 3806 933 3893 Atque
952 3807 1024 3873 vide
1049 3808 1125 3873 mihi
1149 3830 1244 3894 quarn

108 3919 183 3996 apte
202 3911 301 3975 Orion
326 3911 358 3974 id
379 3913 591 3997 expresserit,
615 3911 699 3997 quod
715 3911 830 3975 Sorani
853 3912 937 3976 liber
960 3934 1037 3998 prae
1062 3918 1244 3976 ceterorum

107 4016 311 4099 potissimum
335 4016 529 4101 scriptorum
552 4015 592 4079 de
614 4015 773 4080 medicina
797 4015 887 4079 libris
909 4016 1075 4101 proprium
1091 4015 1244 4080 habebat.

110 4118 196 4183 Sane
233 4119 406 4182 simillimis
435 4120 544 4184 verbis
580 4119 736 4185 Meletius
771 4119 1002 4206 proprietatem
1039 4119 1135 4183 huius
1170 4121 1244 4184 libri

108 4223 228 4289 indicat
251 4221 341 4302 (Mel.
369 4225 397 4302 i,
414 4223 482 4308 2¹):
508 4217 659 4307 Σωρανὸς
680 4222 717 4289 δὲ
739 4217 952 4307 ἐτυμολογίας
974 4222 1098 4306 μᾶλλον
1119 4218 1244 4309 μορίων
