2956 4822
187 293 207 354 4
707 285 796 369 [aas]

187 490 242 547 aut
254 483 412 546 silentium
428 503 447 545 a
461 479 688 566 spectatoribus
704 479 810 543 multis
825 479 928 543 verbis
943 483 1119 559 expetatur,
1134 477 1189 541 sed
1204 498 1315 542 ornnes

186 608 205 651 a
227 587 355 651 fabulae
377 593 563 669 argumento
587 585 682 648 alieni
704 584 736 648 id
758 591 865 666 agunt,
889 590 924 645 ut
946 589 978 645 et
993 581 1165 646 defendant
1182 587 1311 665 poetam

186 690 226 754 ab
249 690 384 755 aliorum
414 695 579 773 poetarum
610 687 832 751 malevolentia
854 693 887 750 et
909 685 1025 749 iudicia
1047 686 1113 749 eius
1137 685 1176 749 de
1191 685 1314 750 littera·

185 814 256 857 rum
287 794 426 877 artisque
459 792 595 856 maxime
626 812 701 856 suae
733 791 846 855 aetatis
877 791 1014 855 comicae
1045 789 1219 855 rationibus
1241 810 1314 874 pro·

185 895 300 962 ferant.
344 896 417 981 Ipse
440 896 606 961 Terentius
628 896 660 959 in
682 895 783 960 Andr.
806 894 885 979 prol.
909 916 939 959 v.
962 897 981 958 5
1004 915 1050 979 sq.
1073 893 1255 979 profitetur:

312 1033 397 1100 Nam
422 1035 455 1096 ia
474 1035 616 1118 protopis
639 1033 818 1098 enatandis
840 1053 965 1116 operam
989 1033 1140 1115 abutitur,

313 1137 386 1204 Noa
407 1139 461 1222 qai
484 1144 702 1221 arpamaatam
724 1143 845 1219 narret,
867 1136 920 1201 aad
942 1139 996 1222 qai
1017 1138 1160 1203 maliuoli

317 1241 436 1306 Uetera
453 1248 563 1326 poetae
585 1242 760 1307 maledictis
780 1241 978 1326 respondeat,

185 1387 217 1446 et
239 1382 272 1445 in
294 1380 431 1466 Adelph.
455 1380 536 1467 prol.
559 1402 589 1444 r.
613 1381 672 1443 22:

314 1517 436 1584 Dehinc
458 1539 496 1583 aa
517 1520 696 1602 exspectatis
716 1525 937 1603 arpameatam
956 1518 1097 1602 fabulae.

184 1657 270 1722 Hinc
291 1657 335 1740 fit,
359 1664 479 1721 utnon
501 1657 667 1742 prologum
689 1658 923 1724 adulescentem
946 1680 1054 1724 verum
1077 1664 1234 1723 oratorem
1249 1659 1269 1724 i.
1284 1679 1312 1724 e.

183 1761 324 1846 legatum
352 1761 455 1846 ipsum
485 1762 724 1847 proloquentem
757 1761 863 1843 faciat,
898 1763 952 1847 qui
981 1784 1108 1827 oausam
1138 1763 1214 1826 artis
1236 1783 1314 1827 suae

184 1865 270 1950 apud
292 1872 484 1951 spectatores
505 1872 590 1950 agat,
612 1865 731 1931 Heaut.
753 1866 833 1950 prol.
856 1868 916 1929 al
940 1887 1002 1950 sq.:

356 2003 406 2070 Ne
427 2006 500 2090 quoi
521 2005 563 2069 ait
585 2009 726 2068 dostram
747 2005 872 2086 miram,
894 2023 972 2089 quor
993 2007 1099 2088 partis
1121 2007 1187 2070 serii

357 2107 456 2173 Poeta
479 2108 609 2191 dederit,
630 2129 709 2193 quaa
731 2114 804 2172 suat
827 2107 1080 2174 adulescentiam.

184 2236 217 2295 et
232 2252 262 2294 v.
280 2231 335 2294 11:
361 2227 527 2294 Oratorem
548 2250 612 2295 esse
633 2230 733 2293 aalait
754 2249 810 2312 me,
836 2249 899 2293 aaa
918 2231 1106 2314 proloquar:

361 2331 511 2398 antram
532 2334 687 2398 iudiciaria
707 2334 784 2414 facit
805 2355 850 2418 sq.

183 2474 323 2558 itemque
344 2471 464 2558 Hecyr.
487 2472 566 2556 prol.
589 2471 624 2535 Π
647 2493 677 2537 v.
702 2475 735 2534 1:

357 2607 476 2675 Orator
498 2610 542 2674 ad
564 2629 622 2674 uos
643 2611 733 2674 acaia
756 2615 872 2674 ornata
888 2611 1036 2695 protopi:
1110 2596 1113 2602 ’

355 2712 456 2778 Sinite
478 2719 625 2778 exorator
645 2714 715 2795 sira,
737 2713 839 2777 eodem
861 2720 896 2777 at
917 2715 986 2778 iare
1008 2716 1057 2778 ati
1079 2735 1178 2780 senam

354 2816 474 2898 licam,
496 2837 556 2902 quo
578 2818 648 2882 iare
670 2838 739 2882 eam
759 2835 836 2881 aeus
858 2818 1097 2885 adulescentior.

184 2956 278 3022 Certe
306 2957 339 3020 in
361 2955 505 3020 omnibus
528 2956 594 3020 fere
616 2955 760 3040 prologis
781 2961 877 3039 poeta
903 2957 1034 3020 crimina
1058 2958 1099 3022 ab
1122 2958 1310 3026 adversariis

181 3061 303 3125 intenta
334 3080 353 3123 a
384 3080 452 3124 sese
475 3059 626 3141 defendit,
657 3079 727 3123 cum
750 3068 805 3123 aut
827 3081 860 3123 se
883 3067 1014 3124 excuset
1034 3067 1090 3125 aut
1113 3062 1310 3128 inimicorum

181 3166 260 3230 vitia
282 3164 419 3247 detegat.
454 3163 492 3228 In
515 3164 574 3229 hac
596 3171 703 3229 autem
720 3170 886 3248 poetarum
909 3170 1071 3251 tamquam
1094 3167 1149 3231 lite
1164 3166 1232 3231 fieri
1246 3189 1309 3232 non

181 3268 293 3354 potuit,
317 3267 393 3351 quin
414 3288 477 3331 non
500 3287 600 3353 pauca
623 3268 662 3332 de
685 3268 862 3332 litterarum
884 3268 969 3332 illius
988 3270 1099 3334 aetatis
1115 3275 1310 3357 statuatque

181 3372 302 3436 ratione
325 3371 462 3455 prologis
485 3371 705 3436 insererentur.
762 3372 974 3457 Quaecunque
995 3373 1093 3456 igitur
1115 3375 1147 3438 in
1169 3375 1310 3460 prologis

182 3475 222 3539 ad
245 3474 428 3539 comoediae
449 3474 614 3540 Romanae
647 3476 741 3540 etad
765 3476 973 3540 Terentianae
996 3479 1108 3542 aetatis
1131 3478 1308 3544 litterarum

180 3579 317 3642 rationes
339 3578 541 3643 illustrandas
563 3579 680 3643 idonea
701 3579 893 3662 viderentur,
916 3579 976 3643 hac
996 3580 1027 3643 in
1044 3583 1309 3647 commentatione

180 3703 350 3765 congerere
374 3682 500 3766 placuit,
531 3683 618 3746 cuius
640 3684 740 3747 omnis
763 3682 922 3767 dispositio
945 3684 1103 3768 tripertita
1126 3685 1195 3749 erit.
1239 3685 1309 3750 Pri·

180 3806 268 3848 mum
303 3786 386 3849 enim
419 3805 578 3871 quaeram,
608 3785 757 3871 quomodo
791 3787 824 3849 ia
854 3789 1025 3869 exemplari
1052 3786 1174 3852 Graeco
1204 3790 1309 3871 expri-

136 3887 138 3893 “
180 3888 290 3952 mando
312 3890 429 3953 casati
449 3890 513 3952 aiat
535 3896 562 3954 et
589 3889 752 3954 Terentius
773 3897 800 3954 et
825 3891 917 3974 catari
933 3892 1040 3954 comici
1054 3889 1177 3974 Latini,
1199 3892 1310 3957 danda

180 4011 258 4076 qaae
280 3993 363 4056 ratio
387 3991 531 4057 Terentio
555 4013 623 4057 cam
644 3996 744 4076 poetis
767 3995 890 4058 comicie
912 4001 940 4058 et
960 3994 1122 4078 prioribus
1144 4002 1172 4060 at
1194 4016 1308 4081 aequa·

180 4093 259 4159 libas
278 4103 500 4181 poetarumque
515 4096 705 4180 fautoribus
726 4098 908 4179 intercedat,
933 4099 1061 4183 denique
1078 4098 1155 4183 qaid
1176 4119 1212 4163 ea
1230 4119 1306 4182 pro·

180 4198 260 4281 topia
282 4198 326 4262 ad
347 4220 412 4262 rara
432 4202 610 4266 scaenicara
626 4206 892 4288 spectatoramqae
913 4222 1014 4268 mores
1029 4208 1057 4267 at
1072 4202 1179 4267 stadia
1195 4223 1306 4287 copae-

182 4301 296 4367 sceada
319 4301 489 4389 efficiatur.
