2954 4808
245 286 283 347 12
761 282 852 367 [124]

240 475 267 540 c)
304 477 351 528 DE
382 476 608 530 lueuun'uc'rl
636 478 681 529 ET
710 477 891 530 Puuuuuul
920 477 966 529 ΕΤ
997 478 1408 540 ΡΒΠΕΟΠΔΜΡΕΒΕΕΟΤΙ

689 562 928 615 conuuslouu.

344 683 478 749 Etiamsi
496 705 556 749 non
572 685 740 767 negaveris
755 685 927 770 scriptores
945 684 1014 749 ilios
1032 685 1257 770 antiquiores,
1286 689 1405 774 quibus

238 788 398 852 imitandis
422 789 608 852 Ammianus
633 809 762 874 operam
787 797 892 868 novat,
922 789 985 850 vim
1009 797 1041 851 et
1072 810 1174 852 usum
1211 799 1403 876 temporum

237 894 368 958 actionis
401 893 593 977 praeteritae
624 915 686 956 non
715 893 813 957 scarei
842 891 1042 976 neglexisse,
1075 899 1191 957 tamen
1212 896 1402 960 artissimis

239 998 352 1062 tinibus
385 998 464 1061 haec
495 998 621 1061 licentia
649 998 885 1081 circumscripta
909 1002 956 1060 cst
987 996 1042 1076 (ci.
1067 996 1103 1060 Ο.
1128 996 1300 1062 Fothium
1333 999 1401 1063 'Die

240 1101 487 1184 Verschiebung
508 1101 565 1164 der
589 1099 795 1164 lateinischen
819 1099 978 1184 Tempora
1005 1101 1036 1163 in
1065 1099 1128 1164 den
1161 1104 1397 1167 romanischen

237 1205 407 1288 Spraciren'
431 1207 459 1269 in
486 1205 657 1268 Bochmcri
683 1204 903 1269 ‘Romanische
921 1203 1065 1268 Studien'
1090 1202 1180 1268 VIII
1205 1227 1287 1290 pag.
1307 1210 1394 1278 3011.

236 1310 426 1374 Ammianus
451 1319 557 1373 autem
581 1310 723 1393 quamvis
747 1308 879 1372 dictioni
905 1309 1022 1392 politae
1045 1315 1144 1392 atque
1179 1309 1334 1394 eleganti
1364 1313 1393 1374 in

238 1415 421 1477 universum
446 1413 612 1496 diiigenter·
637 1413 775 1491 studeat,
806 1434 876 1475 cum
901 1412 970 1492 iilis,
1002 1409 1118 1495 quibus
1142 1412 1216 1496 ipse
1245 1415 1390 1498 vigebat,

236 1517 431 1603 temporibus
469 1539 574 1582 sermo
613 1518 729 1580 latinus
767 1518 918 1580 atrociter
956 1524 1123 1600 corruptus
1159 1526 1252 1582 esset
1293 1527 1389 1600 atque

236 1621 387 1706 pristinae
411 1628 590 1706 temporum
613 1628 645 1684 et
668 1620 835 1685 modorum
861 1642 936 1683 usus
960 1641 1090 1707 nprmae
1115 1619 1277 1687 contusae
1305 1624 1386 1687 iacc-

236 1733 319 1803 rent,
343 1725 424 1789 hanc
447 1733 625 1810 temporum
650 1734 683 1789 et
705 1725 872 1789 modorum
903 1723 1120 1789 confusionem
1153 1747 1220 1789 non
1252 1747 1384 1811 prorsus

237 1831 358 1894 evitare
385 1836 519 1915 poterat.
565 1829 677 1914 Itaque
710 1830 929 1914 imperfectum
961 1837 993 1893 et
1025 1827 1203 1911 perfectum
1235 1843 1271 1894 et
1301 1831 1385 1917 pius·

236 1934 508 2017 quemperfcctum
533 1953 596 1995 non
621 1953 693 1995 raro
725 1933 905 2017 promiscua
934 1952 1037 2016 neque
1060 1930 1127 1993 ulia
1158 1933 1383 1998 intercedente

235 2037 415 2099 sententiae
437 2036 615 2100 differentis
631 2035 672 2099 ab
689 2058 728 2100 eo
747 2046 918 2120 ponuntur,
942 2036 1007 2100 sive
1023 2035 1231 2099 indicativum
1251 2038 1382 2101 modum

235 2140 303 2204 sive
327 2141 564 2204 coniunctivum
588 2140 729 2224 requirat
752 2138 914 2223 periodus.

347 2394 350 2404 ,
395 2366 418 2392 n.
446 2353 483 2392 DE
500 2352 799 2400 Puusouauuuurucro
818 2352 874 2391 Puo
892 2351 1038 2392 PERFECTO
1058 2351 1216 2391 usnemu.

340 2451 389 2516 [ie
413 2453 475 2517 hoc
492 2474 549 2516 usu
567 2454 629 2516 ism
646 2451 896 2516 Hassensteinus
914 2451 1002 2535 (pag.
1020 2449 1077 2533 51)
1095 2471 1199 2534 pauca
1219 2456 1322 2519 verba
1340 2457 1382 2518 ita

233 2557 323 2634 feeit,
349 2563 382 2619 ut
404 2555 561 2620 nonnullis
581 2557 737 2640 exemptis
754 2555 871 2619 additis
888 2562 1055 2618 contentus
1079 2563 1173 2618 esset.
1221 2556 1380 2643 Equidem

234 2680 335 2743 paene
359 2681 480 2739 omnes,
504 2662 557 2744 qui
581 2660 656 2723 mihi
682 2671 899 2734 occurrerunt,
923 2660 1010 2722 locos
1034 2678 1217 2740 congeram.
1265 2663 1330 2727 Sed
1348 2662 1377 2725 id

234 2765 320 2849 prius
344 2764 536 2829 monendum
559 2772 618 2844 est,
651 2765 730 2827 hanc
760 2763 1062 2848 plusquamperfecti
1092 2766 1376 2830 commutationem

233 2889 390 2953 nusquam
414 2869 447 2931 in
471 2890 588 2950 genere
610 2868 736 2951 passivo
753 2867 831 2932 fieri.
870 2865 928 2929 ust
945 2867 1028 2930 enim
1045 2867 1173 2930 omnino
1191 2868 1377 2954 plusquam·

234 2971 363 3057 perdocti
388 2973 506 3057 passivi
529 2980 561 3036 et
583 2972 744 3037 indicativi
770 2980 801 3036 et
824 2972 1018 3035 coniunctivi
1042 2991 1191 3054 perrarus
1216 2994 1306 3039 usus.

338 3078 386 3140 14.
412 3078 440 3149 7,
468 3079 572 3156 11,12
595 3076 758 3140 subiratus
780 3075 928 3140 abscessit
951 3097 1004 3139 uec
1027 3076 1062 3138 iu
1086 3084 1286 3159 conspectum
1312 3081 1377 3143 eius

231 3187 338 3264 postea
361 3183 442 3244 venit
467 3230 474 3244 .
500 3229 507 3244 .
532 3228 539 3243 .
562 3180 636 3244 iiiuc
658 3182 710 3244 itte
733 3186 901 3244 commotus
923 3228 931 3243 .
957 3230 963 3244 .
988 3179 1176 3263 praefecti
1199 3183 1377 3247 custodiam

227 3282 459 3368 protecto-ribus
481 3283 691 3347 maudaverat
705 3284 806 3367 fidis,·
829 3284 881 3347 20.
905 3287 934 3359 4,
953 3285 992 3346 14
1015 3288 1103 3346 nocte
1124 3302 1197 3346 vero
1215 3292 1376 3368 coeptante

230 3390 264 3452 in
298 3395 441 3470 apertum
475 3408 605 3471 erupere
635 3388 833 3452 discidium.
859 3438 866 3452 .
892 3435 899 3449 .
922 3387 966 3450 ad
998 3387 1059 3449 teta
1092 3394 1322 3453 coarmantur
1350 3397 1376 3453 et

230 3512 344 3556 munus
359 3491 555 3576 fremituque
585 3493 705 3574 inpeuti
735 3512 839 3555 omncs
855 3493 1033 3574 petiverant
1051 3490 1234 3573 palatium·
1271 3497 1322 3558 16.
1345 3496 1375 3571 8,

232 3597 268 3672 ὃς
296 3598 342 3658 19.
367 3598 439 3676 9,5
472 3596 570 3660 evasit
602 3602 782 3679 euoptatum
814 3596 941 3658 mulieri
972 3596 1118 3657 nuntium
1143 3594 1265 3676 ferens,
1297 3620 1375 3683 quac

230 3698 287 3761 hcc
311 3700 432 3783 cognito
459 3721 518 3783 per
550 3697 774 3783 Tamsaporem
795 3699 903 3762 ducem
934 3699 1170 3781 supplicaverat
1199 3701 1271 3783 repi
1292 3750 1300 3765 .
1320 3749 1328 3765 .
1349 3724 1375 3784 .,·

232 3803 281 3866 19.
310 3803 399 3882 1,a;
434 3803 485 3867 20.
513 3806 561 3883 11,
594 3806 643 3884 ll,
671 3805 709 3866 12
742 3802 870 3866 Decimo
900 3803 1005 3887 itaque
1033 3808 1201 3886 postquam
1234 3808 1378 3889 pupnari

232 3912 371 3989 coeptum
408 3913 452 3969 est
491 3905 540 3969 die
573 3957 579 3971 .
613 3955 620 3970 .
654 3954 661 3968 .
700 3906 878 3988 transferri
915 3906 1082 3989 placuerat
1118 3908 1229 3972 rrrolem
1268 3911 1378 3974 arietis

229 4029 382 4092 mapnam
405 4059 412 4073 .
439 4058 477 4074 ..
512 4030 592 4094 quac
626 4009 726 4073 subito
762 4011 830 4073 visa
855 4060 862 4074 .
887 4055 893 4069 .
919 4060 926 4074 .
962 4011 1143 4074 clausorum
1180 4011 1376 4079 hebetaverat

231 4119 343 4176 mentes
368 4163 375 4176 .
400 4161 407 4175 .
431 4166 437 4177 .
461 4114 496 4176 ni
519 4161 526 4177 .
551 4160 558 4174 .
582 4163 588 4177 .
613 4114 824 4198 opponenda.
850 4164 856 4178 .
883 4122 1169 4199 praeparassent.
1208 4137 1267 4181 nce
1289 4124 1376 4182 teme·

231 4217 313 4279 ritas
332 4222 404 4299 post
426 4216 503 4280 buec
527 4224 703 4281 cessaverat
734 4238 790 4280 nec
820 4218 1010 4298 consitium;
1041 4221 1090 4282 16.
1115 4220 1146 4293 b,
1173 4222 1236 4298 12;
1270 4223 1324 4285 22.
1356 4223 1374 4285 8

235 4320 272 4380 19
295 4317 452 4383 Residuuc
476 4320 687 4401 (Amazones)
711 4372 718 4386 .
743 4371 750 4384 .
774 4369 781 4384 .
806 4320 849 4384 ad
868 4323 1066 4403 pacatiorem
1088 4322 1191 4386 sedem
1221 4326 1378 4390 transiere
