2956 4822
207 297 247 373 as
727 290 817 391 [aar]

207 520 264 584 per
287 498 437 582 ambages
459 499 504 561 ita
527 496 672 579 reddidit,
696 503 733 561 ut
756 497 854 561 teleta
868 494 972 579 μα’τηρ
996 496 1153 561 diceretur
1169 537 1210 547 -
1227 494 1338 566 Hebes

208 603 302 682 enim,
325 604 413 667 caius
433 624 504 665 cum
520 600 661 666 Hercule
677 599 790 665 initum
808 602 1044 664 matrimonium
1059 600 1117 666 hoc
1132 602 1202 666 loco
1220 624 1340 667 memo·

207 715 304 788 ratur,
329 714 430 771 mater
452 703 532 767 Iuno
557 712 686 768 erat-
711 709 819 770 tamen
844 712 876 769 et
899 706 930 768 in
953 726 982 768 r.
1008 707 1048 768 23
1071 712 1104 769 ct
1125 707 1157 769 in
1179 728 1210 772 v.
1235 710 1277 771 36
1297 708 1338 772 ad

207 831 324 875 noman
344 808 426 892 Ἥρα
454 808 557 873 rediit.
588 805 701 893 ltaque
725 830 798 871 cum
820 808 899 872 haec
921 810 1068 893 repetitio
1092 809 1173 873 intra
1196 811 1339 875 eiusdem

207 913 389 1000 systematis
418 913 569 977 ambitum
602 913 665 989 fiat,
696 913 757 977 hoo
786 912 913 998 quidem
942 915 1014 978 loco
1039 914 1196 978 Pindarus
1229 922 1339 980 contra

207 1020 312 1102 legem
334 1018 420 1081 illam
443 1018 518 1080 alibi
541 1018 742 1082 observatam
771 1017 860 1099 fecit,
890 1017 945 1081 sed
979 1039 1052 1081 cum
1079 1018 1163 1082 duaa
1187 1018 1339 1103 strophae

208 1122 288 1185 inter
310 1129 481 1206 utrumque
504 1142 632 1183 versum
655 1121 808 1195 intersint,
833 1121 979 1204 repetitio
1005 1121 1109 1185 minus
1129 1122 1264 1186 molesta
1279 1128 1336 1187 cst.

309 1224 411 1289 Porro
436 1223 594 1300 ΒΙΑΝΑ,
624 1231 794 1309 postquam
826 1225 972 1289 carminis
1004 1225 1163 1310 Olympici
1193 1227 1277 1290 tertii
1307 1228 1338 1290 in

207 1351 237 1394 v.
261 1331 301 1392 26
324 1335 450 1404 Λατοῦς
473 1327 605 1391 ἱπποσόα
628 1327 770 1410 θυγάτηρ
793 1328 878 1392 dicta
902 1337 961 1408 est,
983 1330 1015 1393 in
1038 1350 1067 1394 v.
1085 1332 1126 1392 30
1150 1331 1339 1413 cognomine

202 1430 360 1513 Ὀρθοοία
376 1432 553 1515 insignitur.
584 1431 681 1496 Cuius
698 1434 895 1515 cognominis
912 1431 1066 1515 originem
1085 1432 1272 1497 scholiastes
1288 1434 1338 1498 vel

208 1536 248 1600 ab
263 1536 421 1600 Arcadiae
444 1543 553 1599 monte
564 1533 736 1616 Ὀρθώσιον
758 1536 824 1601 sive
841 1534 979 1617 Ὄρθον
993 1538 1044 1599 vel
1060 1558 1079 1599 a
1094 1537 1192 1600 verbo
1209 1536 1338 1621 ὀρθοῦν,

209 1664 280 1706 cum
300 1640 405 1704 Diana
429 1641 554 1704 seminis
576 1648 701 1726 partum
725 1640 893 1704 edentibus
917 1641 1028 1705 adesse
1050 1649 1226 1723 putaretur,
1250 1663 1339 1727 repe·

208 1746 288 1812 tivit.
335 1744 468 1808 Constat
492 1752 598 1807 autem
616 1743 739 1808 Dianae
762 1745 814 1807 illo
837 1746 964 1810 nomine
980 1745 1115 1830 Spartae
1135 1746 1240 1809 cultae
1264 1747 1339 1809 olim

208 1850 362 1913 humanas
400 1848 521 1912 oblatas
554 1869 622 1912 esse
657 1849 810 1912 victimas.
867 1849 928 1922 Qui
963 1870 1039 1912 usus
1072 1869 1134 1911 nou
1170 1850 1274 1913 solum
1309 1853 1339 1914 in

207 1954 315 2017 fabula
332 1953 370 2016 de
386 1951 580 2015 immolanda
593 1951 760 2036 Iphigenia
775 1952 973 2036 conspicitur,
986 1951 1039 2016 sed
1057 1953 1150 2016 etiam
1165 1974 1339 2037 puerorum

207 2059 262 2121 illa
285 2059 313 2120 in
339 2079 394 2121 ara
417 2056 538 2119 Dianae
561 2057 740 2119 verberatio
765 2056 838 2120 inde
861 2057 1017 2140 originem
1048 2055 1149 2120 duxit.
1195 2056 1276 2121 Item
1307 2060 1337 2121 in

209 2162 345 2224 carmine
362 2160 496 2245 Pythice
521 2159 620 2223 altero
638 2160 798 2224 Pindarus
821 2181 1007 2245 progressus
1030 2162 1060 2225 in
1085 2165 1149 2224 nl
1174 2161 1214 2224 ab
1230 2163 1339 2247 appel-

208 2265 324 2328 latione
348 2262 510 2344 Ἄρτεμις,
539 2264 568 2327 in
593 2286 623 2328 v.
647 2266 665 2327 9
688 2263 812 2327 Dianae
835 2286 949 2329 nomen
975 2265 1182 2350 exquisitiore
1205 2267 1337 2330 artificio

207 2368 354 2434 reddidit.
399 2367 543 2450 Ἰοχέαιρα
567 2367 720 2450 παρθένος
752 2369 834 2432 enim
859 2368 963 2432 Diana
994 2377 1058 2451 est,
1090 2390 1171 2454 quae
1201 2369 1340 2435 venandi

207 2472 311 2537 studio
336 2473 418 2536 inter
441 2471 517 2535 deas
546 2479 614 2536 erat
645 2472 786 2553 insignis.
831 2473 973 2536 Proximi
1003 2474 1150 2536 carminis
1181 2473 1212 2536 in
1243 2496 1274 2538 v.
1300 2477 1339 2537 10

205 2586 378 2694 postquam
407 2575 517 2640 eadem
541 2576 646 2639 denuo
676 2576 808 2677 primum
832 2572 977 2656 ’Ἄρτεμις
1006 2583 1116 2641 vocata
1149 2583 1213 2660 cst,
1244 2586 1338 2660 poeta

206 2682 283 2746 inv.
302 2682 351 2760 32,
375 2703 444 2743 cunr
461 2680 567 2765 paullo
584 2687 679 2744 antea
695 2667 853 2764 Apollinis
871 2682 1062 2744 mentionem
1080 2681 1197 2763 lecerit,
1221 2702 1338 2745 nomen

116 2860 118 2863 ι
208 2786 251 2848 iat
274 2785 415 2864 variavit,
440 2793 475 2847 ut
497 2805 566 2847 eam
591 2809 775 2868 καοιγνηταν
797 2785 925 2848 diceret.

310 2888 416 2971 Atque
439 2908 455 2949 e
460 2888 535 2950 tiam
557 2885 774 2949 LATONAM
790 2886 915 2949 Dianae
939 2894 1072 2950 matrem
1089 2888 1182 2952 variis
1196 2838 1339 2973 appella·

206 2992 342 3054 tionibus
359 3012 378 3052 a
393 2990 531 3053 Pindaro
556 2997 700 3053 ornatam
724 3012 793 3053 esse
813 2989 967 3054 docemur
983 3012 1020 3053 eo
1038 2989 1228 3074 fragmento,
1252 2992 1339 3076 quod

206 3104 254 3160 cst
270 3097 405 3179 primum
420 3095 502 3158 inter
517 3092 663 3175 προσόδια
676 3095 729 3174 (fr.
742 3097 781 3157 58
795 3094 877 3179 apud
893 3093 1115 3178 Bocchhium).
1141 3095 1239 3159 Cuius
1254 3096 1340 3180 frag·

206 3201 303 3265 menti
324 3202 428 3284 priore
444 3201 473 3263 in
490 3207 579 3284 parte
597 3206 692 3285 poeta
708 3200 835 3262 nomine
852 3204 979 3275 Λατοῦς
995 3200 1103 3282 utitur,
1120 3200 1150 3263 in
1167 3200 1339 3286 posteriorc

207 3302 245 3384 „ri
273 3303 454 3388 1(οτογενής“
488 3324 545 3387 pro
576 3325 612 3366 eo
642 3304 849 3366 substitutum
880 3311 938 3367 est.
993 3303 1069 3366 Coei
1104 3305 1187 3367 enim
1216 3303 1338 3367 Titanis

206 3411 270 3472 filia
292 3409 418 3471 Latona
444 3418 519 3473 erat.
560 3408 646 3470 Duas
670 3417 776 3471 autem
801 3407 868 3470 illas
885 3407 1055 3490 fragmenti
1070 3413 1176 3490 partes
1191 3408 1223 3471 in
1240 3429 1338 3471 unum

206 3521 344 3598 systema
367 3513 550 3575 coniunctas
575 3510 691 3589 luisse,
721 3511 780 3574 nisi
812 3512 896 3596 quod
929 3511 1080 3595 strophae
1111 3511 1181 3574 finis
1205 3519 1235 3574 et
1259 3512 1340 3574 anti·

205 3615 355 3700 strophae
379 3614 500 3677 initium
525 3615 687 3692 interierit,
711 3637 752 3677 ex
769 3614 865 3677 totius
880 3613 939 3676 loci
957 3615 1115 3676 sententia
1133 3614 1338 3697 intellegitur.

309 3718 376 3781 Nec
398 3739 489 3781 secus
505 3717 534 3779 N
538 3737 666 3781 emeaco
682 3719 714 3780 in
734 3719 871 3780 earnrine
888 3724 1000 3780 octavo
1017 3726 1115 3801 poeta
1130 3716 1337 3801 VENERIS,

205 3844 286 3908 quae
309 3823 340 3885 in
363 3844 393 3886 v.
422 3827 432 3885 l
460 3821 675 3906 appellatione
708 3820 894 3904 ’Λρροδίτας
917 3820 1098 3884 introducta
1127 3828 1189 3900 cst,
1221 3843 1338 3886 nomen

204 3947 261 4011 per
285 3927 434 4009 ambages
457 3924 611 3999 reddidit3
635 3925 789 4009 siquidem
816 3925 941 4004 Κυπρία
955 3925 990 3991 in
1006 3945 1036 3988 v.
1054 3926 1070 3986 7
1088 3922 1199 3987 Venas
1215 3925 1339 3990 intelle·

205 4029 311 4113 ganda
336 4040 402 4108 cst,
434 4030 551 4114 quippe
575 4029 659 4112 quod
684 4051 799 4094 nornen
823 4029 883 4092 dea
907 4028 946 4091 ad
969 4028 1108 4093 insulam
1131 4029 1272 4113 Cyprum
1296 4051 1338 4094 ex

205 4135 299 4197 maris
321 4153 432 4219 spuma
457 4142 550 4197 enata
573 4140 667 4197 nacta
691 4142 785 4209 esset,
809 4133 949 4217 itemque
968 4133 1000 4195 in
1017 4132 1163 4196 carminis
1180 4132 1339 4218 Olympici

205 4237 316 4301 decimi
339 4259 370 4301 v.
390 4240 448 4300 105
469 4236 664 4319 Kvupoyrvp'g
688 4245 720 4300 ot
742 4237 773 4300 iu
797 4238 944 4328 carminis
960 4237 1085 4321 Pythici
1109 4236 1211 4321 quarti
1226 4257 1257 4301 v.
1274 4239 1338 4302 216

101 4342 110 4365 ⁸
206 4338 416 4422 Κυπρογένεια
440 4347 621 4425 nuncupata
639 4349 696 4404 est.
735 4341 907 4406 Praeterea
922 4343 954 4405 in
972 4340 1161 4424 fragmento,
1184 4340 1267 4426 quod
1289 4347 1338 4406 est
