2956 4822
649 294 740 379 [ros]
1155 262 1163 278 s
1221 299 1262 361 rs

130 493 176 579 (p.
201 496 263 558 223
286 492 357 579 sq.).
381 529 421 539 —-
446 493 514 557 Iam
537 490 599 556 hoc
621 489 824 556 manifestum
854 494 911 572 est,
940 488 1080 574 Trogum
1112 488 1176 553 duo
1208 487 1263 553 illa

130 600 215 665 bella
238 599 378 662 interae
409 602 557 681 separata
586 616 743 676 narrasse,
774 596 910 680 primum
936 593 1061 678 quidem
1085 593 1263 677 Aegyptia·

127 727 214 783 cum,
246 703 363 767 deinde
393 703 586 781 fraternum,
617 701 649 765 id
682 701 768 786 quod
797 701 914 765 diserte
949 700 1101 764 docemur
1126 699 1260 784 prologo

128 812 188 875 27:
216 806 369 890 ,XXVII
391 806 553 870 uolumine
581 806 785 870 continentur
807 804 903 869 haec:
933 803 1057 868 Seleuci
1081 803 1202 868 bellurn
1230 804 1262 868 in

131 916 224 1000 Syrie
246 915 400 980 aduersus
423 913 664 978 Ptolemaeum:
693 913 769 976 item
792 913 826 975 in
849 912 927 994 Asia
948 910 1101 975 aduersus
1131 909 1261 973 fratrem

128 1040 218 1083 suum
244 1017 440 1082 Antiochum
463 1015 664 1081 Hieracem.“
712 1016 784 1090 Qua
808 1036 847 1079 ex
871 1015 989 1100 reipsa
1005 1019 1111 1077 tamen
1127 1014 1264 1078 multum

128 1123 229 1203 abest,
254 1129 289 1186 ut
312 1129 458 1207 tempore
481 1143 610 1207 quoque
632 1142 670 1185 ea
700 1127 849 1206 separata
877 1120 976 1185 fuisse
1008 1119 1173 1197 efficiatur.
1217 1118 1263 1184 At

128 1226 270 1291 Iustinus
294 1226 377 1291 inter
400 1226 481 1288 haec
504 1224 588 1288 bolla
611 1225 709 1290 etiam
732 1245 804 1288 eum
834 1244 991 1289 conexum
1022 1223 1196 1301 constituit,
1227 1230 1263 1286 ut

129 1331 247 1396 bellum
270 1331 445 1396 fraternum
468 1331 559 1416 quasi
582 1351 600 1394 e
622 1351 700 1414 paoe
724 1330 924 1416 Aegyptiace
956 1330 1026 1414 ipsa
1057 1334 1161 1393 ortum
1192 1347 1263 1393 esse

129 1437 287 1523 uideatur.
332 1436 397 1500 Sed
419 1436 514 1500 huius
536 1435 699 1521 scriptoris
729 1436 836 1500 uerbis
867 1455 930 1498 uon
962 1441 1084 1498 tautum
1115 1433 1262 1515 tribuam,

128 1548 163 1605 ut
186 1542 213 1606 si
235 1541 400 1626 grauiores
423 1561 538 1629 causae
562 1540 765 1604 inueniuntur
789 1539 904 1624 quibus
924 1538 964 1601 ad
989 1539 1176 1604 contrariam
1192 1558 1263 1603 seu·

130 1646 264 1709 tentiam
288 1643 492 1720 adducamur,
515 1666 578 1709 non
601 1643 694 1708 huius
718 1643 890 1707 uerborum
913 1644 1024 1727 figuris
1047 1644 1263 1728 potiusquam

129 1768 234 1813 rerum
257 1749 398 1833 ipsarum
421 1749 557 1814 conexui
581 1755 612 1810 at
634 1747 749 1813 rationi
772 1745 925 1812 diffidam.

234 1851 317 1918 Nam
334 1850 520 1918 Orthosiam
545 1852 731 1916 obsessione
746 1851 980 1937 Aegyptiorum
1003 1851 1170 1917 liberatam
1194 1872 1264 1916 esse

129 1963 201 2043 post
231 1977 373 2042 pugnam
402 1955 488 2041 apud
517 1955 678 2040 Ancyram
710 1955 926 2036 commissam,
956 1953 1116 2019 Eusebius
1146 1953 1265 2018 diserte

129 2066 273 2125 testatur.
321 2059 379 2124 Oui
403 2060 582 2124 testimonio
607 2058 690 2142 quod
713 2058 754 2123 ad
785 2059 867 2122 hanc
898 2058 1120 2143 quaestionem
1150 2057 1265 2122 diiudi-

129 2164 261 2228 candum
286 2163 469 2230 Koehlerus
492 2167 537 2228 ita
559 2163 624 2227 uim
647 2163 817 2229 detrahere
840 2167 972 2228 conatus
996 2170 1054 2243 est,
1085 2168 1121 2227 ut
1152 2182 1265 2245 pacem

128 2289 147 2331 a
169 2269 357 2334 Ptolemaeo
381 2270 535 2332 uiolatam
552 2291 620 2334 esse
640 2274 830 2346 autumaret,
846 2268 922 2332 huic
938 2268 1142 2332 coniecturae
1158 2266 1264 2329 locum

127 2394 189 2438 nou
223 2393 292 2436 csse
322 2372 410 2451 duco,
440 2392 504 2436 non
536 2380 601 2436 tam
633 2372 707 2456 quia
737 2372 890 2437 Orthosia
919 2372 1055 2437 tortasse
1087 2372 1155 2456 ipsa
1185 2392 1263 2455 pace

128 2474 296 2562 Aegyptiis
320 2476 500 2540 adiudicata
531 2481 579 2539 est
589 2476 610 2557 ¹,
640 2497 735 2561 quam
765 2477 916 2561 quoniam
946 2475 1097 2561 temporis
1126 2474 1263 2559 spatium

129 2582 214 2666 quod
244 2583 426 2646 intercessit
455 2583 537 2645 inter
559 2581 739 2645 Ptolemaei
768 2583 900 2666 primam
924 2581 1036 2667 Syriae
1065 2580 1264 2645 inuasiouem

130 2685 219 2767 (246)
243 2691 274 2749 et
291 2685 475 2751 Orthosiam
499 2685 683 2751 obsessione
705 2685 872 2750 liberatam
887 2684 1030 2768 (taust),
1054 2685 1149 2749 rebus
1165 2683 1264 2769 gestis

129 2790 174 2853 ito
196 2789 325 2854 minime
341 2788 487 2855 sufficere
503 2789 640 2854 uidetur.
679 2789 751 2863 Qua
766 2791 798 2853 in
815 2811 850 2854 re
865 2796 951 2855 recte
967 2787 1164 2854 aestimanda
1183 2788 1265 2852 hene

131 2892 281 2956 obseruas
296 2890 439 2957 Danielis
463 2894 516 2977 qui
539 2892 639 2957 fertur
663 2892 762 2958 uerba
779 2892 845 2974 (XI
858 2896 877 2957 8
890 2892 962 2979 sq.)‚
985 2913 1067 2979 quac
1088 2892 1263 2957 secundum

132 3003 252 3061 rectam
266 2997 563 3081 interpretationem
579 2997 658 3062 haec
678 3003 766 3061 sunt:
794 3004 845 3079 ,et
861 3019 961 3063 annos
985 2999 1110 3084 aliquos
1133 2998 1265 3064 desistet

130 3122 237 3185 aroge
248 3100 415 3187 Aquilonis
426 3101 559 3183 (scilicet
569 3101 803 3184 Ptolemaeus),
816 3109 848 3166 et
856 3102 986 3167 intrabit
995 3103 1027 3167 in
1038 3124 1171 3188 reguum
1180 3104 1265 3187 regis

129 3204 239 3270 Austri
251 3204 384 3286 (seilicet
398 3205 566 3288 Seleucus)
582 3213 613 3271 et
625 3215 806 3273 reuertatur
821 3207 862 3272 ad
874 3216 992 3273 terram
1003 3210 1123 3274 suam.“
1151 3208 1264 3294 Itaque

232 3331 242 3364 ¹
263 3330 323 3381 Hoc
343 3330 413 3381 enim
432 3344 481 3395 pro
501 3332 576 3381 certo
596 3328 692 3381 baberi
711 3330 815 3398 nequit,
834 3345 894 3382 curn
915 3350 928 3382 e
948 3330 1054 3398 Polybii
1074 3331 1152 3382 Vde
1178 3348 1213 3385 eo
1236 3347 1266 3383 re

131 3415 199 3466 nihil
218 3414 365 3478 efficiatur,
385 3431 549 3483 quamquam
564 3415 611 3482 qui
625 3417 692 3467 fines
712 3417 738 3468 in
759 3417 812 3469 bac
825 3433 893 3483 pooe
906 3417 964 3470 lere
978 3418 1121 3469 constituti
1141 3419 1205 3481 sint,
1224 3419 1265 3470 in·

130 3502 162 3554 dc
182 3503 307 3569 colligas.
345 3504 388 3564 (In
409 3508 483 3555 terra
502 3503 704 3555 mediterranea
723 3503 862 3556 Laodicea
881 3505 914 3556 ud
934 3505 1068 3557 Libanum
1091 3507 1145 3557 sita
1170 3506 1266 3558 ultima

130 3588 270 3641 meridiem
294 3605 390 3641 uersus
415 3590 623 3642 Seleucidarum
648 3592 714 3643 urbs
739 3596 813 3642 erat:
833 3606 855 3641 o.
875 3591 917 3655 to,
936 3591 960 3643 t.
979 3591 1011 3656 83
1036 3591 1078 3655 46,
1097 3591 1121 3643 2.
1158 3591 1189 3642 In
1217 3609 1266 3644 ora

131 3676 266 3727 maritima
283 3674 393 3728 Aradus
413 3676 573 3741 Seleucidis,
591 3676 718 3728 Calamus
737 3677 903 3729 Ptolemaeis
923 3678 1052 3744 parebat:
1071 3677 1113 3742 68,
1131 3677 1156 3729 8.
1176 3680 1265 3730 otiu·

130 3762 175 3813 tra
193 3779 218 3829 p.
238 3760 272 3815 82
290 3760 373 3822 adn).
411 3763 512 3814 Strabo
531 3779 548 3813 a
572 3763 761 3828 septentrione
781 3762 814 3814 sd
841 3763 979 3816 meridiem
998 3763 1177 3830 progrediens
1198 3764 1266 3816 XVI

129 3847 194 3901 753:
219 3853 324 3908 τούτοις,
350 3849 446 3916 inquit,
463 3848 600 3914 (Aradiis)
626 3847 783 3917 ἡὈρθωοία
801 3857 902 3920 συνεχής
926 3853 1035 3903 ἐστικαὶ
1054 3849 1068 3903 ὁ
1090 3848 1265 3918 Ἐίεὺθεροςὸ

130 3941 231 4002 πλησίον
249 3933 377 4002 ποταμός,
401 3940 479 4002 ὅνπερ
505 3940 571 4002 ὅριον
589 3942 726 3989 ποιοῦνταί
740 3958 802 3997 τινες
823 3939 966 3998 Σοίεοκίδος
991 3936 1053 4005 πρὸς
1077 3936 1120 4003 την
1147 3943 1266 4004 Φοινίκην

129 4028 169 4074 καὶ
187 4020 232 4087 την
244 4026 336 4085 Κοίλην
346 4027 447 4089 Συρίαν,
460 4028 487 4074 et
500 4038 562 4074 mox
575 4021 639 4075 754:
659 4020 738 4077 Marri
757 4023 933 4090 δὲὈρθιοοίαν
945 4027 996 4077 ἐστὶ
1015 4031 1053 4077 nai
1068 4024 1112 4080 τόν
1121 4023 1267 4092 Ἐλεύθερον

134 4113 253 4178 Τρίπολις.
289 4107 437 4174 Kiepertus
456 4113 548 4160 tamen
568 4106 635 4170 (att.
654 4115 710 4160 ant.
723 4110 777 4173 ΙΙΙ)
796 4110 973 4161 Eleutherum
994 4111 1080 4177 magia
1099 4109 1134 4162 ad
1154 4113 1265 4178 septen·

131 4195 247 4247 trionem
274 4209 370 4247 uersus
395 4195 487 4262 posuit
513 4211 593 4264 quarn
612 4194 775 4248 Orthosiam.
801 4225 833 4232 —
859 4197 992 4249 Praetera
1017 4200 1078 4248 utut
1101 4196 1169 4248 haee
1194 4200 1266 4262 sunt,

142 4282 279 4335 maritimo
298 4283 361 4336 loco
378 4280 522 4351 quaedum,
543 4287 574 4336 ut
591 4282 752 4346 Seleuciam,
777 4284 965 4351 Ptolemaeum
983 4285 1129 4338 retinuisse
1152 4288 1269 4350 constat,

133 4367 167 4420 de
185 4369 298 4437 siugulis
316 4368 429 4421 urbibus
447 4369 525 4423 nibil.
