2954 4808
191 258 231 320 ss
706 192 806 331 [me]

191 447 242 509 25.
268 448 297 526 3,
323 447 425 509 19..
452 491 459 507 .
482 450 527 506 eet
551 492 558 506 .
583 489 590 505 .
617 491 624 506 .
647 442 794 523 ipnaaus,
819 488 827 504 .
852 487 891 504 ..
922 440 977 525 qui
1006 439 1185 524 resupiat,
1221 463 1303 505 aum
1332 443 1374 505 su

191 557 380 634 oportunum
402 548 461 624 (sc.
483 543 592 629 mori).

295 674 322 718 c.
357 650 559 718 Perfecti
581 648 869 714 indicativus:
894 649 945 713 28.
963 652 993 730 4,
1012 649 1054 712 10
1073 647 1137 712 Ex
1155 648 1212 713 liele
1230 650 1372 736 quidam

191 778 262 822 eum
283 758 422 822 salutari
441 753 619 839 pectoribus
642 755 792 837 oppositis
815 762 990 837 coeperunt,
1020 754 1218 819 osculanda
1255 757 1370 839 capita

191 909 231 926 ..
256 910 264 926 .
288 859 489 946 obliquantur,
514 857 734 924 adulatoribus
757 857 894 942 offerunt
919 878 1022 940 penna
1054 859 1276 941 suavianda,
1312 859 1367 922 ubi

190 967 345 1050 coeperint
367 961 572 1028 scribendum
595 983 665 1028 csse
693 981 816 1041 censeo,
839 981 912 1026 cum
929 960 980 1024 hic
994 959 1085 1024 locus
1104 982 1199 1028 unus
1218 962 1364 1048 perfecti

191 1068 398 1134 indicativum
421 1064 573 1131 exhibeat
596 1064 651 1146 (cs.
675 1065 771 1151 paulo
795 1064 901 1148 infra).

295 1171 326 1237 d.
367 1169 559 1236 Perfecti
600 1169 917 1233 coniunctivus:
953 1170 1001 1233 14.
1025 1170 1063 1251 2,
1095 1170 1116 1232 7
1155 1191 1236 1234 cum
1269 1171 1361 1235 edita

190 1276 343 1341 montium
370 1280 472 1358 petere
501 1274 658 1357 coeperint
689 1280 890 1357 praecatores
897 1321 906 1354 ,
938 1273 998 1336 laci
1028 1274 1203 1358 iniquitati
1239 1276 1361 1340 milites

190 1380 322 1462 cedunt3
349 1382 398 1445 14.
422 1381 452 1460 6,
478 1380 518 1442 13
543 1399 613 1442 cum
635 1377 741 1442 eadem
758 1377 915 1461 postridie
932 1379 1058 1462 feceris,
1090 1385 1128 1442 ut
1160 1381 1360 1464 ineopnitue

188 1484 345 1562 haerebis,
371 1485 422 1549 14.
447 1486 477 1563 6,
503 1484 542 1547 14
565 1503 635 1547 cum
658 1483 829 1567 coepertum
854 1484 905 1546 20.
930 1482 996 1565 3,4
1020 1503 1090 1546 cum
1112 1485 1282 1566 verterint,
1303 1488 1355 1564 (9)

190 1596 219 1654 et
242 1610 312 1654 cum
335 1587 379 1652 ud
393 1586 475 1652 idem
497 1588 624 1672 eipnum
647 1588 755 1672 aequis
771 1585 922 1671 partitus
936 1586 997 1650 soli
1013 1588 1222 1651 concurrerit
1241 1587 1355 1671 (lune)

190 1691 398 1771 obscuratum
422 1688 549 1772 ...(16)
572 1711 643 1754 eum
664 1692 871 1774 mtprnvertn
894 1711 1024 1755 ...eum
1040 1696 1148 1753 auum
1162 1693 1233 1756 sele
1253 1694 1354 1776 lanpo

190 1798 324 1881 eoeperit
342 1796 509 1860 interstitia
531 1795 718 1859 eremmaceri
734 1800 761 1858 et
778 1793 821 1858 ad
836 1801 985 1879 quartum
1000 1797 1182 1876 pervenerit
1200 1798 1352 1882 siquam,

189 1900 293 1964 radin
316 1901 384 1964 eiua
406 1899 450 1962 ad
472 1919 504 1963 ee
531 1900 689 1962 conuersis
714 1901 819 1963 maius
848 1901 982 1983 concipit
1002 1900 1115 1963 lumen.
1231 1902 1310 1983 (11)
1334 1922 1351 1966 e

189 2007 316 2090 repione
327 2024 399 2070 aero
412 2024 483 2068 aum
493 2003 680 2067 normaliter
690 2004 807 2068 steterit
823 2009 944 2087 contra,
956 2004 1072 2068 lumine
1080 2004 1178 2087 pleno
1184 2004 1349 2088 fnlpeln‘t3

189 2110 286 2188 21.1‚
307 2109 342 2170 11
369 2109 416 2172 sal
437 2108 542 2171 enim.
567 2155 574 2170 .
600 2156 608 2171 .
631 2112 761 2171 nostrae
783 2113 971 2172 mentes...
994 2127 1063 2171 cuin
1085 2127 1140 2171 eae
1162 2109 1349 2175 incenderit

190 2209 404 2292 uehementius,
423 2211 535 2294 futuri
557 2211 699 2275 conscias
714 2210 838 2288 reddit3
860 2211 912 2275 22.
931 2211 1015 2286 14,8
1039 2231 1230 2296 cumque...
1249 2210 1346 2296 (bos)

189 2314 337 2379 deductus
366 2316 399 2378 in
431 2313 606 2378 thalamum
631 2334 694 2379 esse
718 2315 851 2398 coeperit
878 2334 978 2395 sacer,
1001 2362 1009 2378 .
1035 2364 1042 2380 .
1068 2364 1075 2380 .
1099 2316 1197 2397 eipna
1230 2337 1347 2382 rerum

186 2421 379 2503 futurarum
401 2418 520 2483 dicitur
543 2418 767 2483 demonstrare.

297 2521 467 2588 Similiter:
490 2523 542 2586 22.
568 2523 618 2603 15,
643 2523 682 2585 12
710 2524 844 2606 eoeperit
867 2559 907 2569 -
932 2526 962 2605 6,
986 2524 1027 2586 42
1046 2523 1222 2607 placuerit,
1247 2559 1286 2569 -
1313 2528 1345 2608 8,

190 2628 232 2693 43
247 2629 357 2713 fuerit
378 2635 503 2694 centum
528 2661 564 2672 -
593 2628 643 2709 15,
666 2628 706 2690 22
731 2628 875 2711 caeperit,
902 2661 938 2671 -
968 2628 1019 2692 23.
1044 2629 1074 2709 4,
1099 2629 1118 2692 3
1150 2632 1275 2694 amera
1300 2667 1342 2678 —

189 2735 219 2813 4,
244 2733 262 2796 6
286 2738 409 2797 centum
426 2729 532 2814 suerit
555 2765 595 2777 —
620 2734 649 2809 5,
672 2730 710 2793 21
731 2729 838 2813 fuerit
859 2738 983 2796 centnm
1007 2767 1047 2778 —
1070 2733 1101 2814 6,
1127 2733 1164 2794 11
1190 2737 1341 2815 patuerit

190 2870 230 2882 -
254 2836 285 2919 6,
310 2835 349 2898 16
374 2834 517 2917 coeperit,
534 2870 574 2883 -
596 2834 647 2897 25.
664 2833 694 2914 2,
711 2833 730 2897 6
754 2832 933 2913 cohaeserit,
950 2868 989 2880 —
1007 2832 1056 2898 30.
1073 2837 1104 2917 4,
1124 2836 1166 2901 15
1189 2835 1340 2902 dederint

188 2976 229 2988 —
253 2942 284 3022 4,
311 2941 349 3002 16
373 2939 521 3018 amarint,
546 2942 693 3002 sescenta
716 2936 787 3001 alia.
816 2996 819 3001 .

292 3041 491 3107 Particulam
514 3062 586 3105 aum
607 3039 793 3126 saepissime
815 3062 888 3105 cum
911 3040 1008 3108 verba
1033 3043 1168 3125 coeperit
1191 3042 1342 3109 iunctam

189 3146 254 3232 legi
277 3166 341 3211 non
365 3143 559 3226 mirabimur,
583 3145 610 3209 si
632 3143 802 3229 peculiaris
824 3167 902 3210 usus
926 3146 1101 3231 particulae
1123 3147 1232 3233 quoad
1261 3145 1343 3213 alis·

189 3270 324 3335 rumque
347 3248 594 3315 meminerimus.

293 3353 403 3438 Atque
424 3351 458 3417 hi
481 3352 609 3437 quidem
632 3352 692 3418 loci
715 3353 853 3418 maxime
877 3375 945 3419 eam
969 3353 1159 3419 sententiam
1191 3375 1343 3441 campro-

190 3456 278 3536 bant‚
309 3476 405 3542 quam
428 3477 534 3542 supra,
566 3456 621 3522 ubi
644 3455 684 3520 de
712 3463 893 3543 temporum
923 3480 983 3523 usu
1016 3457 1162 3541 disserui,
1195 3461 1340 3543 protuli:

190 3559 397 3625 Ammianum
419 3560 538 3626 formas
570 3562 763 3646 compositas
795 3562 914 3646 passivi
944 3569 1040 3648 atque
1072 3562 1228 3647 imprimis
1260 3585 1341 3631 oon·

190 3663 319 3729 iunctivi
334 3669 462 3750 praeter
477 3670 580 3729 certes
597 3664 752 3749 quasdam
768 3665 889 3733 formas
904 3665 1055 3732 Livianae
1072 3665 1201 3730 omnino
1220 3667 1340 3754 vitare,

192 3766 232 3834 el.
256 3788 329 3854 pag.
362 3769 403 3832 37
434 3789 481 3853 sq.
530 3767 687 3834 Videmus
718 3770 802 3835 enim
830 3770 1019 3857 particulam
1051 3791 1120 3836 cum
1150 3790 1222 3836 esse
1257 3792 1339 3839 con-

190 3872 331 3937 iunctam
354 3870 407 3936 vel
430 3892 502 3936 cum
518 3871 650 3958 perfecti
669 3873 868 3941 coniunctius
885 3876 981 3941 activi
997 3874 1048 3943 vel
1065 3895 1137 3939 cum
1152 3879 1340 3961 praesentis

191 3973 363 4040 indicativo
376 4018 378 4023 ι
389 3975 507 4059 passivi
527 3975 566 4040 ed
583 3976 800 4063 effugiendum
818 3979 1053 4045 coniunctivnm
1063 3978 1198 4065 perfecti
1214 3983 1341 4065 passivi

190 4077 223 4142 in
245 4100 315 4143 -nm
336 4081 378 4143 sit
401 4086 582 4165 exeuntem,
606 4102 701 4167 quam
723 4082 859 4151 formam
880 4083 914 4150 in
937 4085 986 4150 his
1009 4083 1178 4150 sententiis
1203 4092 1341 4153 exstare

191 4180 247 4246 vix
270 4187 359 4268 puto.

294 4288 326 4350 3.
360 4283 443 4353 Ubi.
477 4289 527 4353 14.
543 4289 572 4371 2,
590 4291 607 4352 l
624 4289 677 4354 uti
696 4296 800 4355 autem
815 4293 851 4356 in
865 4294 997 4377 planitie
1009 4294 1171 4376 potuerint
1186 4298 1340 4381 reperiri,
