2954 4816
582 260 795 319 -13-

117 451 254 510 constat.
276 445 393 531 Itaque
410 465 479 509 cum
504 445 558 509 illa
573 446 673 510 uerba
688 449 850 531 reciproco
874 458 934 515 etc.
960 451 1079 535 optime
1102 452 1141 517 ad
1166 460 1257 520 actus

9 576 13 585 ¹
118 550 221 637 quarti
244 571 393 616 scaenam
410 551 541 614 alteram
567 551 725 636 quadrent
750 574 852 638 nequo
878 563 1016 619 metrum
1039 556 1154 633 obstet,
1189 561 1260 624 ueri

118 678 180 722 non
220 655 312 719 nimis
350 653 499 719 dissimile
539 675 609 720 esse
648 677 794 721 censeam
833 679 952 723 nouum
990 661 1022 723 in
1057 660 1119 724 illis
1153 663 1260 728 uerbis

115 763 216 827 latere
248 759 490 844 Amphitruonis
519 757 733 843 fragmentum
766 761 826 825 hoo
852 762 919 826 fere
941 763 1036 826 modo
1070 765 1260 849 legendum:

219 861 395 946 Reciproeo
416 862 568 945 (inimum,
591 863 732 948 inquam,
750 864 821 927 ddio
844 885 885 944 aa,
911 864 1194 952 <-υ-υ-υ-υ->.

222 966 362 1030 Similem
394 966 425 1028 in
449 965 554 1029 Nonio
588 966 787 1031 emendando
824 970 978 1033 rationem
1009 968 1258 1039 Fleckeisenus¹

116 1078 242 1137 secutus
268 1076 325 1151 est,
354 1068 418 1154 qui,
442 1089 514 1132 oum
546 1069 707 1134 Mercarus
730 1070 875 1135 lacunam
913 1081 1042 1139 exstare
1065 1077 1261 1160 coniecisset,

116 1179 188 1258 296,
198 1178 238 1239 32
262 1175 321 1238 sub
344 1172 495 1236 lemmate
518 1172 675 1256 expedire]
702 1195 800 1238 unum
824 1175 1072 1255 Terentianum,
1096 1180 1182 1264 quod
1214 1182 1259 1245 le·

115 1280 229 1365 gimus‚
252 1278 284 1341 in
306 1277 448 1341 Terentii
470 1277 686 1342 testimonium
719 1287 751 1343 et
785 1281 816 1343 in
849 1279 1010 1346 Ciceronis
1043 1285 1258 1349 testimonium

116 1384 231 1449 diuisit.
276 1381 439 1446 Exhibent
462 1389 568 1446 autern
592 1382 663 1446 libri
687 1381 826 1448 Noniani
852 1385 949 1449 haec:
984 1385 1154 1470 Expedire,
1186 1389 1258 1454 libe·

115 1487 203 1571 rore]
228 1486 299 1552 Ter.
313 1486 391 1550 Her.
416 1483 463 1569 (V
488 1487 581 1568 l,29)
604 1483 705 1571 Teque
726 1486 783 1551 boc
807 1490 937 1552 crimine
964 1491 1113 1573 expedi
1127 1492 1139 1572 ΙΙ
1156 1514 1198 1555 re
1220 1513 1259 1557 se

116 1592 205 1658 tirell
227 1591 387 1655 trudunt
411 1590 561 1670 (Bernz
586 1593 615 1653 si
638 1611 670 1653 ae
692 1588 787 1673 trull).
820 1591 920 1656 Cuius
937 1594 1074 1677 exempli
1098 1594 1129 1657 in
1154 1596 1258 1660 altera

115 1704 204 1781 parte
243 1695 315 1759 inde
354 1714 373 1755 a
411 1693 499 1756 uerbi
542 1693 689 1776 expedire
736 1695 826 1759 exitu
866 1694 1110 1762 Ciceronianum
1156 1699 1257 1764 latere

117 1799 341 1864 Fleckeisenus
371 1797 552 1883 perspexit,
581 1797 666 1882 quod
698 1797 834 1880 legimus
865 1800 895 1864 in
920 1799 1056 1865 Verrem
1090 1807 1151 1867 act.
1180 1802 1258 1867 112

115 1905 132 1986 ξ
158 1906 234 1968 106:
258 1902 395 1986 (Videte,
420 1908 464 1982 ut,
487 1900 563 1964 duro
586 1900 753 1985 expedilre
776 1924 858 1968 sese
881 1906 993 1985 uult,
1016 1906 1179 1972 induat.

219 2025 372 2091 Eiusdem
402 2021 542 2086 Terentii
573 2022 638 2086 bini
671 2044 784 2087 uersus
815 2025 1014 2089 librariorum
1048 2026 1259 2112 neglegentia

116 2130 240 2196 confusi
264 2128 312 2192 his
335 2126 413 2191 locis
436 2125 587 2192 uidentur
611 2134 757 2193 exstare:

218 2248 459 2327 Testimonium,
490 2247 573 2332 quod
607 2248 702 2315 hodio
733 2251 763 2312 in
788 2250 883 2314 Nonii
914 2251 1106 2315 editionibus
1138 2253 1255 2337 legitur

115 2357 144 2420 in
179 2355 282 2440 capite
311 2353 377 2419 VII
404 2351 469 2436 (De
500 2356 670 2418 contrariis
703 2354 866 2438 peceribus
903 2354 1085 2440 uerborum)
1125 2359 1198 2437 481,
1214 2359 1254 2421 25

115 2460 225 2525 Potior
247 2461 335 2524 illem
352 2479 417 2520 rem
428 2477 489 2541 pro
514 2458 571 2521 tcta
586 2478 621 2520 re
638 2456 758 2541 potior]
776 2456 941 2523 Terentius
960 2459 1113 2543 Adelphis
1135 2460 1256 2525 Mille

110 2567 252 2649 potior
275 2563 447 2647 paedia,
472 2582 535 2624 una
558 2582 628 2625 cum
653 2561 794 2625 ciusdem
819 2562 932 2646 capitis
956 2563 1113 2627 lemmatis
1144 2563 1254 2628 [riber-

114 2676 208 2734 tntcrn
231 2667 291 2750 uti]
317 2702 354 2712 —
372 2663 471 2728 Callet
493 2665 583 2728 illam
598 2663 676 2747 rem]
699 2664 900 2728 manifestum
926 2671 973 2729 est
997 2687 1105 2730 errore
1122 2667 1251 2731 aliunde

115 2773 178 2837 huc
201 2772 389 2836 translatum
421 2791 501 2834 esse.
545 2769 667 2832 Similia
696 2776 803 2832 autem
827 2769 971 2833 inuenies
1001 2769 1033 2832 in
1065 2770 1168 2855 capite
1203 2769 1251 2836 lX

116 2874 179 2958 (De
201 2876 340 2940 nummis
367 2881 395 2938 et
425 2871 574 2956 casibus),
596 2873 650 2936 ubi
680 2874 752 2947 498,
762 2874 799 2935 21
841 2873 1006 2938 Genitiuua
1034 2876 1158 2956 positus
1193 2894 1254 2958 pro

114 2978 277 3061 Ablotiuo]
315 2977 430 3042 Nonii.
451 2976 576 3041 codices
604 2976 683 3040 haec
718 2977 893 3057 praebent:
939 2976 1077 3041 Plautus
1108 2976 1253 3061 Captiuis

114 3082 193 3146 Ille
222 3084 331 3147 alter
348 3084 504 3166 potitus
526 3080 661 3144 tostis
688 3087 755 3146 eat.
815 3080 1015 3166 Quamquam
1036 3082 1068 3145 in
1091 3082 1252 3147 Plautinis

114 3185 200 3250 libris
223 3185 446 3269 manuscriptis
481 3205 594 3249 uersus
623 3184 676 3247 ille
712 3183 743 3266 (Ι
770 3185 864 3266 1,24)
901 3184 946 3246 its
974 3184 1124 3249 traditur:
1168 3184 1254 3253 Nom

109 3282 278 3374 postquam
299 3311 387 3354 meus
409 3309 465 3352 rec
487 3295 531 3353 est
551 3291 669 3372 potitus
691 3289 836 3354 bostium.
899 3288 990 3363 Quae
1016 3308 1087 3351 oum
1110 3290 1155 3351 ita
1178 3290 1251 3367 sint,

115 3394 308 3459 confluxisse
361 3392 507 3456 existimo
559 3392 776 3456 testimonium
821 3413 860 3455 ex
900 3390 1026 3455 duobus
1083 3392 1252 3473 exemplis,

114 3497 215 3563 altero
238 3495 431 3560 Terentiano
460 3493 612 3580 [Adelph.
643 3494 688 3578 (V
712 3499 742 3573 4,
762 3493 817 3578 17)
855 3495 907 3559 ille
938 3495 1020 3559 alter
1050 3496 1116 3558 sine
1147 3494 1252 3559 labore

111 3602 223 3683 patria
254 3601 375 3684 potitur
413 3599 598 3682 commodo],
632 3599 734 3663 altero
769 3598 917 3663 Plautino
953 3597 1058 3683 [Oapt.
1092 3598 1125 3680 (1
1156 3597 1251 3682 1,24)

114 3702 201 3769 Nom
220 3710 389 3788 postquam
410 3722 497 3767 meres
527 3724 584 3766 rec
605 3710 650 3766 eat
671 3705 789 3787 potitus
804 3702 962 3786 boatirrml.

218 3824 332 3909 Neque
355 3822 499 3889 dissimili
522 3845 596 3887 casu
624 3822 699 3886 mihi
723 3825 933 3907 compositum
959 3822 1086 3886 uidetur
1109 3822 1252 3887 testimo·

115 3928 200 3993 nium
223 3923 301 3992 illud
317 3928 349 3991 in
365 3929 469 4013 capite
485 3925 552 3990 VII
568 3925 687 3990 Mille
707 3930 847 4010 potior
869 3926 1030 4011 paedia
1054 3947 1094 3988 ex
1123 3923 1249 3990 duobus

115 4028 319 4098 testimoniis:
353 4032 493 4116 Adelph.
518 4029 563 4113 (V
586 4036 615 4108 4,
636 4029 692 4114 17)
715 4028 782 4095 ‘Ille
804 4030 902 4114 <altar
925 4032 990 4095 aare
1013 4028 1118 4093 labore
1137 4029 1251 4112 patrio

219 4314 228 4348 ¹
251 4310 348 4363 Anool.
369 4309 463 4376 philol.
488 4308 551 4358 troc
571 4326 594 4375 p.
615 4306 673 4360 (382.
