2956 4822
187 292 229 357 aa
705 289 795 377 [rra]

186 486 371 566 memorem,
394 485 594 570 Antigonum
611 486 650 550 ad
668 484 823 551 Orontem
839 507 987 569 maguam
1012 486 1124 552 urbem
1145 487 1328 552 condidisse

188 594 281 678 eique
304 613 393 664 suum
418 612 533 654 nomeu
549 592 739 676 imposuisse
755 612 848 654 nenio
868 593 980 655 nescit.
1012 591 1103 665 Quae
1127 590 1167 656 sd
1183 599 1327 656 nostrum

110 712 113 717 ·
187 695 386 780 propositum
409 695 515 758 minus
537 695 687 780 pertinet,
713 715 784 756 cum
808 715 873 758 uon
889 697 1101 779 synoecismo,
1125 695 1181 759 sed
1208 697 1329 761 colonis

185 798 331 864 deductis
366 810 435 863 eam
460 806 563 862 ortam
586 821 656 863 esse
680 800 834 864 constet1.
881 799 984 872 Quam
1014 800 1124 863 urbem
1147 821 1167 863 a
1190 801 1327 866 Seleuco

187 903 297 969 ecdem
322 902 454 967 oonsilio
480 902 566 987 quod
589 904 622 965 iu
645 901 724 965 Asia
747 903 868 966 minore
883 903 1091 986 Lysimachus
1115 912 1244 968 secutus
1268 914 1328 982 est,

186 1006 325 1071 dirutam
359 1013 391 1070 et
428 1005 539 1070 incolis
568 1006 735 1090 priuatam
770 1027 865 1084 esse,
909 1006 1096 1071 certioribus
1137 1009 1327 1072 testimoniis

187 1110 332 1187 fulcitur,
363 1131 457 1195 quarn
493 1118 528 1174 ut
552 1131 622 1174 cum
646 1110 817 1195 Droyseno
841 1110 1030 1174 addubitare
1058 1111 1184 1175 liceati.
1231 1113 1324 1186 Quod

187 1216 270 1280 enim
288 1215 351 1279 Dio
369 1215 479 1278 ultimo
497 1236 525 1278 a.
543 1214 617 1278 Ohr.
634 1215 761 1278 saeculo
780 1214 832 1277 illo
850 1215 920 1278 loco
946 1215 1098 1298 oppidum
1122 1214 1218 1280 luisse
1242 1239 1327 1281 com·

186 1326 354 1397 memorat,
378 1320 516 1401 exiguae
533 1319 594 1381 hae
611 1326 709 1403 atque
733 1318 868 1382 miserae
884 1319 1037 1402 reliquiae
1056 1320 1244 1402 magnificae
1260 1321 1328 1384 eius

187 1443 283 1507 quam
303 1423 485 1506 Antigonus
507 1421 648 1486 condidit
667 1422 753 1486 urbis
772 1422 855 1485 facto
882 1422 923 1484 illi
946 1423 1073 1485 minime
1094 1431 1285 1507 repugnant.

291 1526 452 1589 Diodorus
476 1526 571 1589 situm
589 1526 656 1588 eius
679 1527 767 1590 urbis
790 1525 829 1588 ad
855 1546 920 1588 rem
944 1526 1111 1589 militarem
1129 1528 1327 1611 aptissimum

187 1631 285 1697 luisse
310 1631 516 1695 demonstrat.
563 1630 660 1693 Certe
691 1630 777 1694 locus
807 1631 861 1693 ille
892 1631 989 1693 etiam
1014 1640 1212 1695 mercaturae
1243 1633 1327 1696 bene

187 1735 326 1800 fauebat.
374 1734 461 1808 Quas
491 1735 630 1797 rationes
661 1734 859 1817 Antigonum
890 1740 1038 1798 secutum
1067 1755 1136 1797 esse
1169 1735 1264 1798 ctiam
1296 1736 1327 1799 iu

188 1861 227 1903 ea
248 1839 423 1922 Antigonia
455 1859 537 1923 quae
562 1847 675 1922 postea
699 1837 972 1901 Alexandria
996 1836 1128 1901 Troas
1153 1846 1231 1914 crat,
1255 1860 1329 1903 cou-

188 1943 311 2023 denda,
346 1943 474 2027 probari
506 1949 623 2025 potest.
679 1941 776 2004 Haud
807 1941 903 2023 louge
937 1942 1018 2003 enim
1049 1942 1089 2005 ab
1124 1941 1328 2027 Hellesponti

189 2047 276 2113 exitu
307 2047 382 2127 sita,
406 2067 507 2129 prope
539 2045 636 2109 Asiae
668 2053 700 2108 et
724 2044 874 2128 Europae
906 2045 1095 2124 confinium,
1118 2045 1167 2108 his
1191 2046 1328 2110 condici-

189 2151 302 2215 onibus
320 2151 434 2235 etipsa
449 2150 653 2214 efflorescere
668 2156 795 2233 poterat
812 2159 842 2212 et
860 2148 1033 2212 conditoris
1050 2150 1144 2213 rebus
1158 2149 1328 2214 Thraciam

187 2275 300 2320 uersus
324 2254 414 2318 firmo
431 2255 629 2317 munimento
655 2274 732 2317 csse.
767 2253 873 2336 Atque
898 2254 980 2316 hanc
1004 2253 1114 2317 urbem
1130 2255 1327 2338 synoecismo

189 2358 354 2422 conductis
388 2357 499 2422 incolis
532 2357 691 2420 conditam
726 2378 794 2420 esse
835 2378 915 2441 quos
951 2358 1133 2441 Antigonus
1171 2358 1263 2422 sedes
1298 2366 1330 2422 et

189 2462 334 2525 ciuitates
358 2468 522 2546 separatas
552 2459 732 2543 relinquere
755 2462 912 2543 coegerit,
937 2461 1117 2524 certissimis
1142 2462 1329 2526 testimoniis

189 2571 324 2629 constat.
372 2564 407 2627 In
440 2563 632 2648 oppidorum
663 2564 716 2626 illo
742 2565 836 2627 modo
860 2564 1057 2627 sublatorum
1081 2584 1215 2629 numero
1240 2574 1326 2630 certe

190 2667 335 2732 Cebrene
358 2675 391 2732 et
406 2668 533 2752 Scepsis
551 2676 641 2730 orant
658 2666 788 2746 (Strabo
805 2667 892 2732 XIII
917 2690 947 2752 p.
966 2666 1056 2749 597).
1091 2669 1182 2742 Quae
1202 2676 1330 2754 praeter

189 2773 246 2838 has
260 2780 498 2854 enumerantur,
511 2772 632 2853 Larisa,
644 2771 776 2856 Chrysa,
792 2772 994 2854 llamaxitus,
1005 2772 1156 2853 Solense,
1167 2772 1329 2838 Neandria

190 2878 246 2957 (ib.
276 2899 307 2963 p.
328 2875 417 2959 604),
447 2898 523 2940 num
554 2877 596 2940 ab
618 2876 783 2961 Antigono
814 2898 852 2939 an
886 2877 1118 2961 aLyslmaolro
1149 2899 1219 2941 cum
1246 2900 1329 2942 noua

189 2982 270 3046 urbe
299 2983 488 3046 coniunctae
518 2983 596 3057 sint,
627 2984 793 3045 arescimus.
840 2981 902 3043 llio
935 2981 1091 3065 Scepsim,
1123 2991 1158 3044 ut
1181 2984 1212 3046 iu
1236 2983 1331 3048 sedes

190 3106 265 3149 suas
294 3094 548 3164 reuerterentur,
572 3087 715 3169 permisit
739 3088 784 3170 (p.
810 3088 882 3150 597.
908 3083 1025 3168 60i)³;
1054 3086 1169 3169 quibus
1193 3086 1330 3151 dimissis

192 3189 273 3255 alios
295 3211 368 3255 eum
391 3192 423 3253 in
446 3191 680 3276 synoeclsmum
704 3189 886 3253 adhibuisse
910 3191 976 3253 ueri
1000 3175 1103 3254 simile
1128 3198 1186 3254 est.
1232 3190 1329 3254 Urbis

192 3315 308 3359 nomeu
332 3296 470 3359 mutauit
504 3296 549 3381 (p.
575 3293 670 3377 593),
699 3316 762 3380 quo
787 3293 909 3358 facilius
934 3295 1086 3357 memoria
1110 3295 1230 3379 pristini
1255 3315 1330 3358 con·

193 3397 303 3461 diteris
328 3401 499 3479 exstincta,
523 3399 588 3461 suis
612 3399 706 3462 rebus
731 3400 842 3461 ciuitas
859 3398 1099 3481 adiungeretur.
1138 3396 1219 3461 Nam
1243 3398 1329 3483 quod

193 3501 328 3565 lreroicis
349 3503 522 3567 bonoribus
540 3503 718 3567 conditores
735 3505 765 3566 iu
783 3502 965 3566 ciuitatibus
984 3503 1114 3566 Graecis
1131 3502 1330 3585 colebantur,

193 3605 280 3670 haud
307 3605 519 3691 spernendum
545 3616 630 3670 certe
656 3608 818 3671 uinculum
842 3614 910 3671 erat
934 3628 996 3692 quo
1020 3606 1093 3670 fidei
1119 3607 1244 3689 regibus
1267 3629 1333 3671 ser·

193 3709 319 3775 uaudae
346 3710 458 3774 Graeci
481 3710 734 3777 admouerentur.

298 3814 398 3879 Simili
432 3815 527 3879 modo
564 3814 773 3900 Lysimachus
806 3815 899 3878 aliam
931 3815 1138 3898 Antigoniam
1175 3817 1333 3895 tractauit,

195 3919 244 3981 cui
262 3927 293 3982 et
309 3920 369 4004 ipsi
384 3940 498 3984 nomen
517 3941 636 3983 nouum
654 3919 774 3983 induit:
798 3919 982 3983 Nicaeae
999 3920 1119 3983 scilicet
1135 3922 1165 3983 iu
1183 3920 1330 4005 Bithynia

299 4094 308 4127 ¹
327 4092 368 4145 cf.
389 4092 480 4144 llIalul.
500 4092 569 4144 VIII
589 4108 613 4158 p.
633 4091 682 4145 201
703 4109 719 4143 a
738 4093 881 4158 Droyseuo
901 4095 1011 4144 citatum
1031 4094 1073 4146 111
1092 4094 1116 4156 9,
1134 4092 1193 4146 292.

298 4178 453 4243 ²Droyseu
474 4181 489 4231 Ι.
510 4180 682 4231 colloces
702 4180 735 4228 ab
756 4180 813 4244 ipso
833 4180 943 4230 adlatos
963 4180 1043 4231 Diod.
1058 4180 1109 4231 XX
1124 4179 1167 4245 lt,
1180 4180 1205 4232 It.
1242 4180 1332 4233 Malol.

195 4266 214 4318 l.
234 4282 256 4319 c.
276 4265 351 4319 Cass.
371 4266 430 4318 Dio.
452 4267 499 4319 XL
518 4265 559 4318 29.
580 4265 736 4331 Wosseling
757 4265 791 4317 ad
811 4266 892 4318 Diod.
911 4268 929 4318 l.
949 4282 970 4318 c.

300 4349 310 4384 ⁸
328 4347 369 4401 Cl.
383 4350 491 4402 titulum
505 4351 618 4403 Iliacum
639 4353 760 4405 Dittenb.
774 4353 842 4420 Syll.
858 4352 907 4408 158
918 4372 942 4406 v.
953 4352 1057 4407 Sti-2⁶
1070 4371 1130 4406 cum
1145 4356 1331 4407 adnotatione.
