<?xml version="1.0" encoding="UTF-8"?>
<!DOCTYPE html PUBLIC "-//W3C//DTD XHTML 1.0 Transitional//EN"
    "http://www.w3.org/TR/xhtml1/DTD/xhtml1-transitional.dtd">
<html xmlns="http://www.w3.org/1999/xhtml" xml:lang="en" lang="en">
 <head>
  <title>
</title>
<meta http-equiv="Content-Type" content="text/html;charset=utf-8" />
  <meta name='ocr-system' content='tesseract 3.04.00' />
  <meta name='ocr-capabilities' content='ocr_page ocr_carea ocr_par ocr_line ocrx_word'/>
</head>
<body>
  <div class='ocr_page' id='page_1' title='image "./dissertationesp00stragoog/dissertationesp00stragoog_0268.png"; bbox 0 0 2970 4814; ppageno 0'>
   <div class='ocr_carea' id='block_1_1' title="bbox 114 1049 1254 3668">
    <p class='ocr_par' dir='ltr' id='par_1_1' title="bbox 114 1049 1254 3668">
     <span class='ocr_line' id='line_1_1' title="bbox 202 1049 1251 1169; baseline 0.003 -25"><span class='ocrx_word' id='word_1_1' title='bbox 202 1049 444 1149; x_wconf 79' lang='lat' dir='ltr'>particularum</span> <span class='ocrx_word' id='word_1_2' title='bbox 467 1084 776 1168; x_wconf 88' lang='lat' dir='ltr'>interrogatiuarum</span> <span class='ocrx_word' id='word_1_3' title='bbox 805 1081 892 1169; x_wconf 91' lang='lat' dir='ltr'>apud</span> <span class='ocrx_word' id='word_1_4' title='bbox 913 1082 1067 1147; x_wconf 91' lang='lat' dir='ltr'>Plautum</span> <span class='ocrx_word' id='word_1_5' title='bbox 1092 1105 1164 1148; x_wconf 90' lang='lat' dir='ltr'>cum</span> <span class='ocrx_word' id='word_1_6' title='bbox 1187 1082 1251 1147; x_wconf 92' lang='lat' dir='ltr'>duo</span> 
     </span>
     <span class='ocr_line' id='line_1_2' title="bbox 119 1185 1251 1274; baseline -0.002 -22"><span class='ocrx_word' id='word_1_7' title='bbox 119 1187 247 1253; x_wconf 83' lang='lat' dir='ltr'>secerni</span> <span class='ocrx_word' id='word_1_8' title='bbox 269 1189 397 1274; x_wconf 85' lang='lat' dir='ltr'>possint</span> <span class='ocrx_word' id='word_1_9' title='bbox 420 1209 552 1273; x_wconf 91' lang='lat' dir='ltr'>genera,</span> <span class='ocrx_word' id='word_1_10' title='bbox 576 1189 740 1253; x_wconf 90' lang='lat' dir='ltr'>nominale</span> <span class='ocrx_word' id='word_1_11' title='bbox 765 1192 799 1252; x_wconf 90' lang='lat' dir='ltr'>et</span> <span class='ocrx_word' id='word_1_12' title='bbox 813 1186 958 1268; x_wconf 88' lang='lat' dir='ltr'>uerbale,</span> <span class='ocrx_word' id='word_1_13' title='bbox 981 1185 1022 1251; x_wconf 92' lang='lat' dir='ltr'>de</span> <span class='ocrx_word' id='word_1_14' title='bbox 1043 1188 1251 1251; x_wconf 82' lang='lat' dir='ltr'>nominalium</span> 
     </span>
     <span class='ocr_line' id='line_1_3' title="bbox 117 1291 1251 1379; baseline 0.001 -25"><span class='ocrx_word' id='word_1_15' title='bbox 117 1312 203 1373; x_wconf 80' lang='lat' dir='ltr'>quor,</span> <span class='ocrx_word' id='word_1_16' title='bbox 226 1293 362 1373; x_wconf 81' lang='lat' dir='ltr'>quando,</span> <span class='ocrx_word' id='word_1_17' title='bbox 386 1293 539 1356; x_wconf 84' lang='lat' dir='ltr'>similium</span> <span class='ocrx_word' id='word_1_18' title='bbox 555 1291 709 1378; x_wconf 79' lang='lat' dir='ltr'>prosodia</span> <span class='ocrx_word' id='word_1_19' title='bbox 725 1291 884 1379; x_wconf 80' lang='lat' dir='ltr'>peculiari</span> <span class='ocrx_word' id='word_1_20' title='bbox 905 1312 970 1355; x_wconf 92' lang='lat' dir='ltr'>non</span> <span class='ocrx_word' id='word_1_21' title='bbox 987 1312 1069 1377; x_wconf 92' lang='lat' dir='ltr'>opus</span> <span class='ocrx_word' id='word_1_22' title='bbox 1086 1298 1136 1356; x_wconf 91' lang='lat' dir='ltr'>est</span> <span class='ocrx_word' id='word_1_23' title='bbox 1151 1312 1251 1375; x_wconf 92' lang='lat' dir='ltr'>quae-</span> 
     </span>
     <span class='ocr_line' id='line_1_4' title="bbox 118 1394 1252 1479; baseline -0.002 -19"><span class='ocrx_word' id='word_1_24' title='bbox 118 1396 238 1476; x_wconf 81' lang='lat' dir='ltr'>stione,</span> <span class='ocrx_word' id='word_1_25' title='bbox 268 1417 310 1460; x_wconf 85' lang='lat' dir='ltr'>ex</span> <span class='ocrx_word' id='word_1_26' title='bbox 337 1395 527 1461; x_wconf 88' lang='lat' dir='ltr'>uerbalibus</span> <span class='ocrx_word' id='word_1_27' title='bbox 558 1404 668 1460; x_wconf 88' lang='lat' dir='ltr'>autem</span> <span class='ocrx_word' id='word_1_28' title='bbox 703 1396 845 1459; x_wconf 91' lang='lat' dir='ltr'>solarum</span> <span class='ocrx_word' id='word_1_29' title='bbox 858 1394 884 1479; x_wconf 86' lang='lat'>¹)</span> <span class='ocrx_word' id='word_1_30' title='bbox 916 1414 990 1474; x_wconf 81' lang='lat' dir='ltr'>-ne,</span> <span class='ocrx_word' id='word_1_31' title='bbox 1018 1414 1115 1473; x_wconf 83' lang='lat' dir='ltr'>anne,</span> <span class='ocrx_word' id='word_1_32' title='bbox 1148 1414 1252 1459; x_wconf 82' lang='lat' dir='ltr'>acano</span> 
     </span>
     <span class='ocr_line' id='line_1_5' title="bbox 117 1498 1252 1586; baseline -0.001 -23"><span class='ocrx_word' id='word_1_33' title='bbox 117 1498 270 1586; x_wconf 79' lang='lat' dir='ltr'>prosodia</span> <span class='ocrx_word' id='word_1_34' title='bbox 297 1500 448 1584; x_wconf 88' lang='lat' dir='ltr'>neglecta</span> <span class='ocrx_word' id='word_1_35' title='bbox 477 1501 563 1564; x_wconf 91' lang='lat' dir='ltr'>iacet</span> <span class='ocrx_word' id='word_1_36' title='bbox 592 1500 633 1564; x_wconf 90' lang='lat' dir='ltr'>ab</span> <span class='ocrx_word' id='word_1_37' title='bbox 661 1498 847 1563; x_wconf 91' lang='lat' dir='ltr'>hominibus</span> <span class='ocrx_word' id='word_1_38' title='bbox 877 1498 991 1565; x_wconf 87' lang='lat' dir='ltr'>doctis.</span> <span class='ocrx_word' id='word_1_39' title='bbox 1042 1499 1151 1584; x_wconf 85' lang='lat' dir='ltr'>Atque</span> <span class='ocrx_word' id='word_1_40' title='bbox 1178 1499 1252 1584; x_wconf 91' lang='lat' dir='ltr'>ipsa</span> 
     </span>
     <span class='ocr_line' id='line_1_6' title="bbox 118 1603 1252 1690; baseline 0 -24"><span class='ocrx_word' id='word_1_41' title='bbox 118 1604 280 1690; x_wconf 85' lang='lat' dir='ltr'>particula</span> <span class='ocrx_word' id='word_1_42' title='bbox 310 1623 363 1667; x_wconf 82' lang='lat' dir='ltr'>-ne</span> <span class='ocrx_word' id='word_1_43' title='bbox 392 1605 542 1688; x_wconf 91' lang='lat' dir='ltr'>quotiens</span> <span class='ocrx_word' id='word_1_44' title='bbox 571 1603 852 1668; x_wconf 83' lang='lat' dir='ltr'>emendationibus</span> <span class='ocrx_word' id='word_1_45' title='bbox 885 1603 1053 1668; x_wconf 91' lang='lat' dir='ltr'>hominum</span> <span class='ocrx_word' id='word_1_46' title='bbox 1082 1603 1252 1668; x_wconf 87' lang='lat' dir='ltr'>doctorum</span> 
     </span>
     <span class='ocr_line' id='line_1_7' title="bbox 117 1706 1251 1793; baseline 0 -22"><span class='ocrx_word' id='word_1_47' title='bbox 117 1714 244 1772; x_wconf 91' lang='lat' dir='ltr'>remota</span> <span class='ocrx_word' id='word_1_48' title='bbox 275 1708 368 1772; x_wconf 86' lang='lat' dir='ltr'>site</span> <span class='ocrx_word' id='word_1_49' title='bbox 397 1714 567 1789; x_wconf 84' lang='lat' dir='ltr'>contextu,</span> <span class='ocrx_word' id='word_1_50' title='bbox 599 1709 749 1793; x_wconf 89' lang='lat' dir='ltr'>quotiens</span> <span class='ocrx_word' id='word_1_51' title='bbox 772 1708 882 1772; x_wconf 90' lang='lat' dir='ltr'>inuitis</span> <span class='ocrx_word' id='word_1_52' title='bbox 912 1706 1081 1772; x_wconf 83' lang='lat' dir='ltr'>codicibus</span> <span class='ocrx_word' id='word_1_53' title='bbox 1109 1713 1251 1793; x_wconf 88' lang='lat' dir='ltr'>recepta,</span> 
     </span>
     <span class='ocr_line' id='line_1_8' title="bbox 118 1810 1251 1897; baseline 0 -23"><span class='ocrx_word' id='word_1_54' title='bbox 118 1811 189 1895; x_wconf 93' lang='lat' dir='ltr'>quis</span> <span class='ocrx_word' id='word_1_55' title='bbox 214 1811 334 1897; x_wconf 91' lang='lat' dir='ltr'>estqui</span> <span class='ocrx_word' id='word_1_56' title='bbox 351 1812 497 1875; x_wconf 83' lang='lat' dir='ltr'>nesciat?</span> <span class='ocrx_word' id='word_1_57' title='bbox 541 1810 657 1896; x_wconf 83' lang='lat' dir='ltr'>Neque</span> <span class='ocrx_word' id='word_1_58' title='bbox 674 1811 780 1876; x_wconf 89' lang='lat' dir='ltr'>adhue</span> <span class='ocrx_word' id='word_1_59' title='bbox 797 1811 875 1875; x_wconf 91' lang='lat' dir='ltr'>satis</span> <span class='ocrx_word' id='word_1_60' title='bbox 891 1818 1029 1892; x_wconf 91' lang='lat' dir='ltr'>constat,</span> <span class='ocrx_word' id='word_1_61' title='bbox 1053 1832 1136 1896; x_wconf 90' lang='lat' dir='ltr'>quae</span> <span class='ocrx_word' id='word_1_62' title='bbox 1152 1811 1251 1876; x_wconf 88' lang='lat' dir='ltr'>fuerit</span> 
     </span>
     <span class='ocr_line' id='line_1_9' title="bbox 118 1916 1253 2002; baseline -0.001 -23"><span class='ocrx_word' id='word_1_63' title='bbox 118 1916 212 1979; x_wconf 92' lang='lat' dir='ltr'>huius</span> <span class='ocrx_word' id='word_1_64' title='bbox 235 1917 373 1980; x_wconf 90' lang='lat' dir='ltr'>uoculae</span> <span class='ocrx_word' id='word_1_65' title='bbox 398 1916 496 2002; x_wconf 87' lang='lat' dir='ltr'>stirps</span> <span class='ocrx_word' id='word_1_66' title='bbox 521 1920 553 1980; x_wconf 91' lang='lat' dir='ltr'>et</span> <span class='ocrx_word' id='word_1_67' title='bbox 576 1916 679 2001; x_wconf 85' lang='lat' dir='ltr'>origo,</span> <span class='ocrx_word' id='word_1_68' title='bbox 703 1922 801 2000; x_wconf 92' lang='lat' dir='ltr'>atque</span> <span class='ocrx_word' id='word_1_69' title='bbox 824 1916 918 1979; x_wconf 95' lang='lat' dir='ltr'>multi</span> <span class='ocrx_word' id='word_1_70' title='bbox 942 1916 1149 2000; x_wconf 89' lang='lat' dir='ltr'>negatiuam,</span> <span class='ocrx_word' id='word_1_71' title='bbox 1173 1937 1253 1979; x_wconf 91' lang='lat' dir='ltr'>uon·</span> 
     </span>
     <span class='ocr_line' id='line_1_10' title="bbox 117 2017 1254 2105; baseline 0.002 -23"><span class='ocrx_word' id='word_1_72' title='bbox 117 2021 197 2083; x_wconf 93' lang='lat' dir='ltr'>nulli</span> <span class='ocrx_word' id='word_1_73' title='bbox 214 2019 442 2085; x_wconf 86' lang='lat' dir='ltr'>affirmatiuam</span> <span class='ocrx_word' id='word_1_74' title='bbox 458 2018 524 2084; x_wconf 91' lang='lat' dir='ltr'>uim</span> <span class='ocrx_word' id='word_1_75' title='bbox 540 2019 649 2084; x_wconf 88' lang='lat' dir='ltr'>inesse</span> <span class='ocrx_word' id='word_1_76' title='bbox 665 2017 827 2105; x_wconf 79' lang='lat' dir='ltr'>putant2).</span> <span class='ocrx_word' id='word_1_77' title='bbox 866 2018 951 2093; x_wconf 82' lang='lat' dir='ltr'>Quid</span> <span class='ocrx_word' id='word_1_78' title='bbox 967 2018 1052 2105; x_wconf 90' lang='lat' dir='ltr'>quod</span> <span class='ocrx_word' id='word_1_79' title='bbox 1070 2041 1109 2084; x_wconf 88' lang='lat' dir='ltr'>aa</span> <span class='ocrx_word' id='word_1_80' title='bbox 1125 2041 1254 2105; x_wconf 92' lang='lat' dir='ltr'>quoque</span> 
     </span>
     <span class='ocr_line' id='line_1_11' title="bbox 118 2123 1253 2210; baseline 0.001 -25"><span class='ocrx_word' id='word_1_81' title='bbox 118 2123 271 2187; x_wconf 87' lang='lat' dir='ltr'>subnasci</span> <span class='ocrx_word' id='word_1_82' title='bbox 283 2123 560 2209; x_wconf 86' lang='lat' dir='ltr'>potestsuspici0,</span> <span class='ocrx_word' id='word_1_83' title='bbox 575 2124 770 2208; x_wconf 86' lang='lat' dir='ltr'>particulam</span> <span class='ocrx_word' id='word_1_84' title='bbox 791 2123 880 2187; x_wconf 91' lang='lat' dir='ltr'>illam</span> <span class='ocrx_word' id='word_1_85' title='bbox 895 2130 999 2188; x_wconf 90' lang='lat' dir='ltr'>ortam</span> <span class='ocrx_word' id='word_1_86' title='bbox 1016 2143 1087 2188; x_wconf 86' lang='lat' dir='ltr'>esse</span> <span class='ocrx_word' id='word_1_87' title='bbox 1111 2144 1129 2187; x_wconf 92' lang='lat' dir='ltr'>e</span> <span class='ocrx_word' id='word_1_88' title='bbox 1152 2124 1253 2210; x_wconf 86' lang='lat' dir='ltr'>parti-</span> 
     </span>
     <span class='ocr_line' id='line_1_12' title="bbox 117 2225 1253 2314; baseline 0 -25"><span class='ocrx_word' id='word_1_89' title='bbox 117 2225 198 2290; x_wconf 89' lang='lat' dir='ltr'>culis</span> <span class='ocrx_word' id='word_1_90' title='bbox 213 2226 434 2314; x_wconf 90' lang='lat' dir='ltr'>compluribus</span> <span class='ocrx_word' id='word_1_91' title='bbox 447 2228 524 2291; x_wconf 95' lang='lat' dir='ltr'>olim</span> <span class='ocrx_word' id='word_1_92' title='bbox 537 2227 695 2292; x_wconf 83' lang='lat' dir='ltr'>diuersis?</span> <span class='ocrx_word' id='word_1_93' title='bbox 730 2226 795 2291; x_wconf 87' lang='lat' dir='ltr'>Sed</span> <span class='ocrx_word' id='word_1_94' title='bbox 809 2226 964 2312; x_wconf 89' lang='lat' dir='ltr'>quidquid</span> <span class='ocrx_word' id='word_1_95' title='bbox 977 2226 1017 2291; x_wconf 90' lang='lat' dir='ltr'>de</span> <span class='ocrx_word' id='word_1_96' title='bbox 1031 2227 1157 2312; x_wconf 84' lang='lat' dir='ltr'>origine</span> <span class='ocrx_word' id='word_1_97' title='bbox 1170 2226 1253 2291; x_wconf 91' lang='lat' dir='ltr'>iudi-</span> 
     </span>
     <span class='ocr_line' id='line_1_13' title="bbox 117 2329 1254 2418; baseline 0.003 -26"><span class='ocrx_word' id='word_1_98' title='bbox 117 2329 256 2394; x_wconf 89' lang='lat' dir='ltr'>candum</span> <span class='ocrx_word' id='word_1_99' title='bbox 273 2337 335 2411; x_wconf 91' lang='lat' dir='ltr'>est,</span> <span class='ocrx_word' id='word_1_100' title='bbox 352 2352 424 2395; x_wconf 94' lang='lat' dir='ltr'>cum</span> <span class='ocrx_word' id='word_1_101' title='bbox 441 2352 483 2394; x_wconf 84' lang='lat' dir='ltr'>ex</span> <span class='ocrx_word' id='word_1_102' title='bbox 500 2352 539 2395; x_wconf 90' lang='lat' dir='ltr'>ea</span> <span class='ocrx_word' id='word_1_103' title='bbox 554 2332 746 2416; x_wconf 89' lang='lat' dir='ltr'>quaestione</span> <span class='ocrx_word' id='word_1_104' title='bbox 763 2332 845 2396; x_wconf 91' lang='lat' dir='ltr'>nihil</span> <span class='ocrx_word' id='word_1_105' title='bbox 861 2330 902 2396; x_wconf 90' lang='lat' dir='ltr'>de</span> <span class='ocrx_word' id='word_1_106' title='bbox 914 2330 1068 2418; x_wconf 89' lang='lat' dir='ltr'>prosodia</span> <span class='ocrx_word' id='word_1_107' title='bbox 1081 2330 1254 2395; x_wconf 88' lang='lat' dir='ltr'>statuenda</span> 
     </span>
     <span class='ocr_line' id='line_1_14' title="bbox 117 2432 1252 2522; baseline 0.003 -26"><span class='ocrx_word' id='word_1_108' title='bbox 117 2432 198 2498; x_wconf 87' lang='lat' dir='ltr'>disci</span> <span class='ocrx_word' id='word_1_109' title='bbox 213 2435 326 2520; x_wconf 79' lang='lat' dir='ltr'>possit,</span> <span class='ocrx_word' id='word_1_110' title='bbox 344 2436 593 2522; x_wconf 82' lang='lat' dir='ltr'>etymologicam</span> <span class='ocrx_word' id='word_1_111' title='bbox 610 2436 811 2521; x_wconf 88' lang='lat' dir='ltr'>quaestionis</span> <span class='ocrx_word' id='word_1_112' title='bbox 827 2441 956 2522; x_wconf 91' lang='lat' dir='ltr'>partem</span> <span class='ocrx_word' id='word_1_113' title='bbox 971 2435 1045 2499; x_wconf 92' lang='lat' dir='ltr'>aliis</span> <span class='ocrx_word' id='word_1_114' title='bbox 1060 2435 1252 2520; x_wconf 89' lang='lat' dir='ltr'>relinquam.</span> 
     </span>
     <span class='ocr_line' id='line_1_15' title="bbox 115 2537 1253 2627; baseline 0.001 -25"><span class='ocrx_word' id='word_1_115' title='bbox 115 2537 168 2603; x_wconf 92' lang='lat' dir='ltr'>De</span> <span class='ocrx_word' id='word_1_116' title='bbox 196 2538 349 2625; x_wconf 85' lang='lat' dir='ltr'>prosodia</span> <span class='ocrx_word' id='word_1_117' title='bbox 377 2546 488 2604; x_wconf 89' lang='lat' dir='ltr'>autem</span> <span class='ocrx_word' id='word_1_118' title='bbox 515 2547 548 2605; x_wconf 90' lang='lat' dir='ltr'>et</span> <span class='ocrx_word' id='word_1_119' title='bbox 575 2541 679 2604; x_wconf 90' lang='lat' dir='ltr'>forma</span> <span class='ocrx_word' id='word_1_120' title='bbox 709 2541 888 2627; x_wconf 87' lang='lat' dir='ltr'>particulae</span> <span class='ocrx_word' id='word_1_121' title='bbox 921 2559 974 2604; x_wconf 85' lang='lat' dir='ltr'>-nc</span> <span class='ocrx_word' id='word_1_122' title='bbox 1001 2561 1083 2603; x_wconf 92' lang='lat' dir='ltr'>unus</span> <span class='ocrx_word' id='word_1_123' title='bbox 1115 2538 1253 2603; x_wconf 80' lang='lat' dir='ltr'>Carolus</span> 
     </span>
     <span class='ocr_line' id='line_1_16' title="bbox 115 2641 1252 2710; baseline 0 -5"><span class='ocrx_word' id='word_1_124' title='bbox 115 2641 276 2707; x_wconf 85' lang='lat' dir='ltr'>Dziatzko</span> <span class='ocrx_word' id='word_1_125' title='bbox 300 2644 333 2707; x_wconf 91' lang='lat' dir='ltr'>in</span> <span class='ocrx_word' id='word_1_126' title='bbox 356 2642 565 2709; x_wconf 88' lang='lat' dir='ltr'>adnotatione</span> <span class='ocrx_word' id='word_1_127' title='bbox 590 2644 632 2709; x_wconf 92' lang='lat' dir='ltr'>ad</span> <span class='ocrx_word' id='word_1_128' title='bbox 655 2645 861 2710; x_wconf 88' lang='lat' dir='ltr'>Phormionis</span> <span class='ocrx_word' id='word_1_129' title='bbox 877 2643 1096 2708; x_wconf 81' lang='lat' dir='ltr'>Terentianae</span> <span class='ocrx_word' id='word_1_130' title='bbox 1119 2664 1252 2708; x_wconf 87' lang='lat' dir='ltr'>uersum</span> 
     </span>
     <span class='ocr_line' id='line_1_17' title="bbox 116 2748 1252 2832; baseline 0.003 -24"><span class='ocrx_word' id='word_1_131' title='bbox 116 2748 178 2809; x_wconf 83' lang='lat'>210</span> <span class='ocrx_word' id='word_1_132' title='bbox 202 2754 308 2812; x_wconf 88' lang='lat' dir='ltr'>certas</span> <span class='ocrx_word' id='word_1_133' title='bbox 333 2748 464 2832; x_wconf 88' lang='lat' dir='ltr'>regulas</span> <span class='ocrx_word' id='word_1_134' title='bbox 488 2749 688 2813; x_wconf 88' lang='lat' dir='ltr'>constituere</span> <span class='ocrx_word' id='word_1_135' title='bbox 712 2755 848 2812; x_wconf 87' lang='lat' dir='ltr'>conatus</span> <span class='ocrx_word' id='word_1_136' title='bbox 873 2755 940 2824; x_wconf 86' lang='lat' dir='ltr'>est,</span> <span class='ocrx_word' id='word_1_137' title='bbox 969 2769 1030 2812; x_wconf 88' lang='lat' dir='ltr'>nea</span> <span class='ocrx_word' id='word_1_138' title='bbox 1058 2755 1167 2812; x_wconf 90' lang='lat' dir='ltr'>tamen</span> <span class='ocrx_word' id='word_1_139' title='bbox 1191 2768 1252 2811; x_wconf 91' lang='lat' dir='ltr'>acu</span> 
     </span>
     <span class='ocr_line' id='line_1_18' title="bbox 115 2851 1252 2938; baseline 0.003 -24"><span class='ocrx_word' id='word_1_140' title='bbox 115 2872 185 2914; x_wconf 88' lang='lat' dir='ltr'>ram</span> <span class='ocrx_word' id='word_1_141' title='bbox 209 2852 328 2936; x_wconf 89' lang='lat' dir='ltr'>tetigit.</span> <span class='ocrx_word' id='word_1_142' title='bbox 372 2851 422 2916; x_wconf 87' lang='lat' dir='ltr'>Ao</span> <span class='ocrx_word' id='word_1_143' title='bbox 446 2852 586 2917; x_wconf 86' lang='lat' dir='ltr'>fortasse</span> <span class='ocrx_word' id='word_1_144' title='bbox 610 2874 651 2917; x_wconf 89' lang='lat' dir='ltr'>ne</span> <span class='ocrx_word' id='word_1_145' title='bbox 675 2853 754 2916; x_wconf 92' lang='lat' dir='ltr'>mihi</span> <span class='ocrx_word' id='word_1_146' title='bbox 779 2852 926 2938; x_wconf 91' lang='lat' dir='ltr'>quidem,</span> <span class='ocrx_word' id='word_1_147' title='bbox 955 2858 991 2915; x_wconf 92' lang='lat' dir='ltr'>ut</span> <span class='ocrx_word' id='word_1_148' title='bbox 1014 2852 1097 2916; x_wconf 91' lang='lat' dir='ltr'>hanc</span> <span class='ocrx_word' id='word_1_149' title='bbox 1120 2874 1189 2916; x_wconf 88' lang='lat' dir='ltr'>rem</span> <span class='ocrx_word' id='word_1_150' title='bbox 1211 2851 1252 2917; x_wconf 91' lang='lat' dir='ltr'>ad</span> 
     </span>
     <span class='ocr_line' id='line_1_19' title="bbox 115 2954 1252 3042; baseline 0.002 -23"><span class='ocrx_word' id='word_1_151' title='bbox 115 2954 213 3020; x_wconf 89' lang='lat' dir='ltr'>finem</span> <span class='ocrx_word' id='word_1_152' title='bbox 225 2955 449 3042; x_wconf 89' lang='lat' dir='ltr'>perducerem,</span> <span class='ocrx_word' id='word_1_153' title='bbox 467 2957 669 3042; x_wconf 83' lang='lat' dir='ltr'>contigisset,</span> <span class='ocrx_word' id='word_1_154' title='bbox 686 2957 749 3020; x_wconf 91' lang='lat' dir='ltr'>nisi</span> <span class='ocrx_word' id='word_1_155' title='bbox 765 2957 987 3021; x_wconf 80' lang='lat' dir='ltr'>Guilelmus</span> <span class='ocrx_word' id='word_1_156' title='bbox 1005 2955 1252 3021; x_wconf 86' lang='lat' dir='ltr'>Studemund</span> 
     </span>
     <span class='ocr_line' id='line_1_20' title="bbox 115 3061 1251 3146; baseline 0.001 -22"><span class='ocrx_word' id='word_1_157' title='bbox 115 3067 311 3146; x_wconf 88' lang='lat' dir='ltr'>praeceptor</span> <span class='ocrx_word' id='word_1_158' title='bbox 326 3082 418 3125; x_wconf 91' lang='lat' dir='ltr'>meus</span> <span class='ocrx_word' id='word_1_159' title='bbox 435 3061 648 3146; x_wconf 86' lang='lat' dir='ltr'>permisisset,</span> <span class='ocrx_word' id='word_1_160' title='bbox 665 3067 711 3141; x_wconf 87' lang='lat' dir='ltr'>nt,</span> <span class='ocrx_word' id='word_1_161' title='bbox 727 3061 923 3146; x_wconf 90' lang='lat' dir='ltr'>ubicumque</span> <span class='ocrx_word' id='word_1_162' title='bbox 941 3082 984 3125; x_wconf 82' lang='lat' dir='ltr'>ex</span> <span class='ocrx_word' id='word_1_163' title='bbox 1006 3081 1040 3124; x_wconf 89' lang='lat' dir='ltr'>re</span> <span class='ocrx_word' id='word_1_164' title='bbox 1061 3082 1135 3125; x_wconf 88' lang='lat' dir='ltr'>esse</span> <span class='ocrx_word' id='word_1_165' title='bbox 1157 3061 1251 3125; x_wconf 90' lang='lat' dir='ltr'>uide-</span> 
     </span>
     <span class='ocr_line' id='line_1_21' title="bbox 115 3165 1252 3251; baseline 0.001 -23"><span class='ocrx_word' id='word_1_166' title='bbox 115 3171 219 3247; x_wconf 86' lang='lat' dir='ltr'>retur,</span> <span class='ocrx_word' id='word_1_167' title='bbox 242 3166 438 3251; x_wconf 88' lang='lat' dir='ltr'>inspicerem</span> <span class='ocrx_word' id='word_1_168' title='bbox 466 3186 522 3230; x_wconf 90' lang='lat' dir='ltr'>eas</span> <span class='ocrx_word' id='word_1_169' title='bbox 538 3166 697 3229; x_wconf 53' lang='lat' dir='ltr'>‘codicum</span> <span class='ocrx_word' id='word_1_170' title='bbox 716 3165 942 3229; x_wconf 89' lang='lat' dir='ltr'>Plautinornm</span> <span class='ocrx_word' id='word_1_171' title='bbox 972 3165 1145 3244; x_wconf 89' lang='lat' dir='ltr'>lectiones,</span> <span class='ocrx_word' id='word_1_172' title='bbox 1171 3186 1252 3250; x_wconf 93' lang='lat' dir='ltr'>quas</span> 
     </span>
     <span class='ocr_line' id='line_1_22' title="bbox 114 3268 1252 3356; baseline 0.001 -24"><span class='ocrx_word' id='word_1_173' title='bbox 114 3269 186 3356; x_wconf 90' lang='lat' dir='ltr'>ipse</span> <span class='ocrx_word' id='word_1_174' title='bbox 202 3271 356 3334; x_wconf 89' lang='lat' dir='ltr'>enotauit.</span> <span class='ocrx_word' id='word_1_175' title='bbox 397 3269 511 3355; x_wconf 90' lang='lat' dir='ltr'>Neque</span> <span class='ocrx_word' id='word_1_176' title='bbox 529 3277 659 3335; x_wconf 88' lang='lat' dir='ltr'>acturus</span> <span class='ocrx_word' id='word_1_177' title='bbox 684 3291 754 3334; x_wconf 91' lang='lat' dir='ltr'>sum</span> <span class='ocrx_word' id='word_1_178' title='bbox 779 3269 819 3335; x_wconf 91' lang='lat' dir='ltr'>de</span> <span class='ocrx_word' id='word_1_179' title='bbox 839 3270 915 3333; x_wconf 92' lang='lat' dir='ltr'>sola</span> <span class='ocrx_word' id='word_1_180' title='bbox 936 3288 989 3331; x_wconf 82' lang='lat' dir='ltr'>-ne</span> <span class='ocrx_word' id='word_1_181' title='bbox 1002 3269 1171 3354; x_wconf 90' lang='lat' dir='ltr'>particula,</span> <span class='ocrx_word' id='word_1_182' title='bbox 1194 3268 1252 3333; x_wconf 90' lang='lat' dir='ltr'>sed</span> 
     </span>
     <span class='ocr_line' id='line_1_23' title="bbox 116 3372 1250 3458; baseline 0.001 -22"><span class='ocrx_word' id='word_1_183' title='bbox 116 3372 214 3436; x_wconf 88' lang='lat' dir='ltr'>etiam</span> <span class='ocrx_word' id='word_1_184' title='bbox 237 3393 315 3436; x_wconf 89' lang='lat' dir='ltr'>usus</span> <span class='ocrx_word' id='word_1_185' title='bbox 340 3374 489 3458; x_wconf 88' lang='lat' dir='ltr'>exemplo</span> <span class='ocrx_word' id='word_1_186' title='bbox 513 3374 665 3438; x_wconf 88' lang='lat' dir='ltr'>uocabuli</span> <span class='ocrx_word' id='word_1_187' title='bbox 688 3393 771 3437; x_wconf 83' lang='lat' dir='ltr'>anne</span> <span class='ocrx_word' id='word_1_188' title='bbox 795 3394 846 3437; x_wconf 91' lang='lat' dir='ltr'>me</span> <span class='ocrx_word' id='word_1_189' title='bbox 864 3372 1159 3436; x_wconf 86' lang='lat' dir='ltr'>demonstraturum</span> <span class='ocrx_word' id='word_1_190' title='bbox 1177 3393 1250 3437; x_wconf 87' lang='lat' dir='ltr'>esse</span> 
     </span>
     <span class='ocr_line' id='line_1_24' title="bbox 116 3474 1250 3563; baseline 0.004 -27"><span class='ocrx_word' id='word_1_191' title='bbox 116 3496 226 3561; x_wconf 88' lang='lat' dir='ltr'>spero,</span> <span class='ocrx_word' id='word_1_192' title='bbox 257 3497 341 3561; x_wconf 89' lang='lat' dir='ltr'>quae</span> <span class='ocrx_word' id='word_1_193' title='bbox 368 3477 464 3540; x_wconf 84' lang='lat' dir='ltr'>fuerit</span> <span class='ocrx_word' id='word_1_194' title='bbox 495 3477 529 3540; x_wconf 92' lang='lat' dir='ltr'>in</span> <span class='ocrx_word' id='word_1_195' title='bbox 557 3478 663 3563; x_wconf 85' lang='lat' dir='ltr'>prisea</span> <span class='ocrx_word' id='word_1_196' title='bbox 694 3477 857 3542; x_wconf 86' lang='lat' dir='ltr'>latinitate</span> <span class='ocrx_word' id='word_1_197' title='bbox 886 3474 1041 3562; x_wconf 88' lang='lat' dir='ltr'>prosodia</span> <span class='ocrx_word' id='word_1_198' title='bbox 1070 3476 1250 3563; x_wconf 88' lang='lat' dir='ltr'>particulae</span> 
     </span>
     <span class='ocr_line' id='line_1_25' title="bbox 114 3579 1253 3668; baseline 0.001 -26"><span class='ocrx_word' id='word_1_199' title='bbox 114 3597 227 3661; x_wconf 72' lang='lat' dir='ltr'>amane,</span> <span class='ocrx_word' id='word_1_200' title='bbox 251 3601 347 3664; x_wconf 90' lang='lat' dir='ltr'>quam</span> <span class='ocrx_word' id='word_1_201' title='bbox 363 3579 529 3645; x_wconf 87' lang='lat' dir='ltr'>Andream</span> <span class='ocrx_word' id='word_1_202' title='bbox 547 3580 691 3668; x_wconf 86' lang='lat' dir='ltr'>Spengel</span> <span class='ocrx_word' id='word_1_203' title='bbox 709 3581 812 3646; x_wconf 87' lang='lat' dir='ltr'>secuti</span> <span class='ocrx_word' id='word_1_204' title='bbox 827 3580 975 3644; x_wconf 89' lang='lat' dir='ltr'>nonnulli</span> <span class='ocrx_word' id='word_1_205' title='bbox 992 3580 1144 3645; x_wconf 89' lang='lat' dir='ltr'>homines</span> <span class='ocrx_word' id='word_1_206' title='bbox 1165 3580 1253 3645; x_wconf 92' lang='lat' dir='ltr'>docti</span> 
     </span>
    </p>
   </div>
   <div class='ocr_carea' id='block_1_2' title="bbox 114 3801 1293 4030">
    <p class='ocr_par' dir='ltr' id='par_1_2' title="bbox 114 3801 1293 4030">
     <span class='ocr_line' id='line_1_26' title="bbox 185 3801 1252 3873; baseline 0.004 -18"><span class='ocrx_word' id='word_1_207' title='bbox 185 3805 205 3869; x_wconf 92' lang='lat'>¹)</span> <span class='ocrx_word' id='word_1_208' title='bbox 223 3802 263 3855; x_wconf 89' lang='lat' dir='ltr'>De</span> <span class='ocrx_word' id='word_1_209' title='bbox 294 3803 382 3870; x_wconf 77' lang='lat' dir='ltr'>ecquis</span> <span class='ocrx_word' id='word_1_210' title='bbox 413 3802 539 3856; x_wconf 84' lang='lat' dir='ltr'>conferas</span> <span class='ocrx_word' id='word_1_211' title='bbox 568 3801 714 3856; x_wconf 83' lang='lat' dir='ltr'>Ritschelii</span> <span class='ocrx_word' id='word_1_212' title='bbox 744 3802 814 3871; x_wconf 88' lang='lat' dir='ltr'>prol.</span> <span class='ocrx_word' id='word_1_213' title='bbox 843 3802 887 3856; x_wconf 88' lang='lat' dir='ltr'>ad.</span> <span class='ocrx_word' id='word_1_214' title='bbox 910 3802 987 3857; x_wconf 79' lang='lat' dir='ltr'>&#39;l&#39;rin</span> <span class='ocrx_word' id='word_1_215' title='bbox 1012 3820 1077 3873; x_wconf 87' lang='lat' dir='ltr'>pag.</span> <span class='ocrx_word' id='word_1_216' title='bbox 1100 3803 1199 3859; x_wconf 84' lang='lat' dir='ltr'>CXXV</span> <span class='ocrx_word' id='word_1_217' title='bbox 1223 3809 1252 3859; x_wconf 92' lang='lat' dir='ltr'>et</span> 
     </span>
     <span class='ocr_line' id='line_1_27' title="bbox 114 3888 1293 3980; baseline 0.003 -40"><span class='ocrx_word' id='word_1_218' title='bbox 114 3904 186 3955; x_wconf 85' lang='lat' dir='ltr'>quae</span> <span class='ocrx_word' id='word_1_219' title='bbox 210 3890 307 3957; x_wconf 88' lang='lat' dir='ltr'>postea</span> <span class='ocrx_word' id='word_1_220' title='bbox 329 3906 346 3941; x_wconf 92' lang='lat' dir='ltr'>a</span> <span class='ocrx_word' id='word_1_221' title='bbox 364 3888 533 3958; x_wconf 88' lang='lat' dir='ltr'>Ritschelio‚</span> <span class='ocrx_word' id='word_1_222' title='bbox 558 3888 723 3954; x_wconf 84' lang='lat' dir='ltr'>Ribbeckio,</span> <span class='ocrx_word' id='word_1_223' title='bbox 747 3888 775 3943; x_wconf 84' lang='lat' dir='ltr'>C.</span> <span class='ocrx_word' id='word_1_224' title='bbox 792 3890 822 3944; x_wconf 80' lang='lat' dir='ltr'>F.</span> <span class='ocrx_word' id='word_1_225' title='bbox 837 3890 882 3944; x_wconf 89' lang='lat' dir='ltr'>W.</span> <span class='ocrx_word' id='word_1_226' title='bbox 895 3890 1043 3956; x_wconf 86' lang='lat' dir='ltr'>Muellero,</span> <span class='ocrx_word' id='word_1_227' title='bbox 1062 3890 1126 3944; x_wconf 90' lang='lat' dir='ltr'>aliis</span> <span class='ocrx_word' id='word_1_228' title='bbox 1144 3891 1251 3961; x_wconf 91' lang='lat' dir='ltr'>publici</span> <span class='ocrx_word' id='word_1_229' title='bbox 1283 3955 1293 3980; x_wconf 37' lang='grc' dir='ltr'><strong><em>ι</em></strong></span> 
     </span>
     <span class='ocr_line' id='line_1_28' title="bbox 114 3973 369 4030; baseline 0.012 -4"><span class='ocrx_word' id='word_1_230' title='bbox 114 3973 182 4027; x_wconf 88' lang='lat' dir='ltr'>iuris</span> <span class='ocrx_word' id='word_1_231' title='bbox 200 3973 276 4028; x_wconf 86' lang='lat' dir='ltr'>facta</span> <span class='ocrx_word' id='word_1_232' title='bbox 295 3978 369 4030; x_wconf 89' lang='lat' dir='ltr'>sunt.</span> 
     </span>
    </p>
   </div>
   <div class='ocr_carea' id='block_1_3' title="bbox 183 4082 1248 4153">
    <p class='ocr_par' dir='ltr' id='par_1_3' title="bbox 183 4082 1248 4153">
     <span class='ocr_line' id='line_1_29' title="bbox 183 4082 1248 4153; baseline 0.007 -18"><span class='ocrx_word' id='word_1_233' title='bbox 183 4084 204 4150; x_wconf 77' lang='lat'>²)</span> <span class='ocrx_word' id='word_1_234' title='bbox 224 4083 258 4136; x_wconf 82' lang='lat' dir='ltr'>cf.</span> <span class='ocrx_word' id='word_1_235' title='bbox 270 4082 381 4136; x_wconf 87' lang='lat' dir='ltr'>Minton</span> <span class='ocrx_word' id='word_1_236' title='bbox 392 4083 510 4137; x_wconf 88' lang='lat' dir='ltr'>Warren</span> <span class='ocrx_word' id='word_1_237' title='bbox 528 4082 589 4151; x_wconf 88' lang='lat' dir='ltr'>„On</span> <span class='ocrx_word' id='word_1_238' title='bbox 608 4085 656 4138; x_wconf 86' lang='lat' dir='ltr'>the</span> <span class='ocrx_word' id='word_1_239' title='bbox 675 4084 788 4139; x_wconf 87' lang='lat' dir='ltr'>anelitic</span> <span class='ocrx_word' id='word_1_240' title='bbox 805 4100 838 4137; x_wconf 80' lang='lat' dir='ltr'>nc</span> <span class='ocrx_word' id='word_1_241' title='bbox 855 4084 885 4137; x_wconf 92' lang='lat' dir='ltr'>in</span> <span class='ocrx_word' id='word_1_242' title='bbox 899 4084 976 4153; x_wconf 77' lang='lat' dir='ltr'>early</span> <span class='ocrx_word' id='word_1_243' title='bbox 988 4085 1086 4151; x_wconf 88' lang='lat' dir='ltr'>latin“,</span> <span class='ocrx_word' id='word_1_244' title='bbox 1100 4086 1248 4142; x_wconf 84' lang='lat' dir='ltr'>American</span> 
     </span>
    </p>
   </div>
   <div class='ocr_carea' id='block_1_4' title="bbox 116 4168 1095 4295">
    <p class='ocr_par' dir='ltr' id='par_1_4' title="bbox 116 4168 1095 4295">
     <span class='ocr_line' id='line_1_30' title="bbox 116 4168 1095 4295; baseline 0.004 -74"><span class='ocrx_word' id='word_1_245' title='bbox 116 4168 233 4223; x_wconf 85' lang='lat' dir='ltr'>Journal</span> <span class='ocrx_word' id='word_1_246' title='bbox 252 4170 283 4223; x_wconf 84' lang='lat' dir='ltr'>of</span> <span class='ocrx_word' id='word_1_247' title='bbox 299 4170 455 4239; x_wconf 86' lang='lat' dir='ltr'>Philology,</span> <span class='ocrx_word' id='word_1_248' title='bbox 473 4171 528 4225; x_wconf 87' lang='lat' dir='ltr'>uol.</span> <span class='ocrx_word' id='word_1_249' title='bbox 548 4170 574 4224; x_wconf 94' lang='lat' dir='ltr'>II</span> <span class='ocrx_word' id='word_1_250' title='bbox 593 4172 682 4238; x_wconf 77' lang='lat'>(1881)</span> <span class='ocrx_word' id='word_1_251' title='bbox 702 4190 728 4241; x_wconf 90' lang='lat' dir='ltr'>p.</span> <span class='ocrx_word' id='word_1_252' title='bbox 747 4171 782 4227; x_wconf 75' lang='lat'>50</span> <span class='ocrx_word' id='word_1_253' title='bbox 800 4189 860 4239; x_wconf 84' lang='lat' dir='ltr'>sqq.</span> <span class='ocrx_word' id='word_1_254' title='bbox 1060 4242 1095 4295; x_wconf 61' lang='lat'>20</span> 
     </span>
    </p>
   </div>
   <div class='ocr_carea' id='block_1_5' title="bbox 0 0 1490 4814">
    <p class='ocr_par' dir='ltr' id='par_1_5' title="bbox 0 0 1490 4814">
     <span class='ocr_line' id='line_1_31' title="bbox 0 0 1490 4814; baseline 0 0"><span class='ocrx_word' id='word_1_255' title='bbox 0 0 1490 4814; x_wconf 95' lang='lat' dir='ltr'> </span> 
     </span>
    </p>
   </div>
  </div>
 </body>
</html>
