3030 4816
239 298 281 362 44
531 375 534 387 ,
762 290 853 381 [aas]

241 492 274 555 in
296 491 398 576 prima
421 510 502 575 quae
526 489 674 575 deinceps
696 490 837 574 sequitur
855 511 968 554 scaena
984 511 1056 555 oum
1071 490 1161 555 Sosia
1177 490 1396 577 colloquitur.

240 596 348 680 Atque
371 596 430 660 hoc
453 597 520 659 loco
543 597 611 680 ipsa
634 595 686 658 dci
708 616 852 680 persona,
876 596 916 658 de
939 595 1092 677 singulari
1116 596 1243 679 prologi
1270 607 1397 662 ornatu

240 701 405 784 quominus
428 701 611 782 cogitemus,
634 704 732 762 vetat.
777 697 911 762 Maximi
938 704 1045 762 autem
1072 699 1112 763 ad
1140 706 1288 764 nostram
1319 724 1396 767 rem

240 804 392 868 momenti
408 802 593 867 Mercatoris
608 802 757 887 prologus
772 802 899 866 videtur
914 824 991 867 esse.
1020 801 1151 887 Prologi
1167 805 1256 868 enim
1273 814 1393 891 partes

239 909 299 973 hac
327 910 359 971 in
389 907 498 970 fabula
529 905 684 970 Charinus
717 906 903 970 adulescens
935 908 1013 990 agit,
1044 908 1098 991 qui
1126 906 1211 971 idem
1248 909 1391 976 fabulae

239 1032 408 1097 personam
431 1017 546 1074 tuetur.
593 1009 653 1083 Qui
676 1010 729 1073 ubi
752 1010 796 1073 sic
818 1031 948 1074 exorsus
970 1018 1034 1074 est:

370 1124 464 1189 Duas
487 1145 538 1188 res
560 1125 654 1187 simal
676 1144 760 1186 areae
783 1143 877 1206 apere
899 1123 1085 1187 decretumst
1107 1124 1200 1187 mibi:

369 1228 413 1292 Et
436 1236 659 1313 argumentum
680 1234 708 1290 et
729 1248 812 1292 meos
835 1212 957 1292 abrores
979 1230 1118 1314 eloquor,

241 1364 314 1407 mox
338 1343 433 1406 finem
455 1341 577 1427 prologi
601 1341 649 1405 bis
672 1341 777 1405 verbis
800 1341 875 1404 facit
898 1363 929 1404 v.
957 1343 1034 1404 109:

371 1454 433 1518 Sed
455 1454 531 1538 qaid
554 1460 728 1517 currentem
751 1473 874 1517 seruam
898 1474 918 1515 a
937 1460 1036 1535 portu
1059 1456 1231 1536 conspicor,

368 1558 465 1637 Quem
488 1559 568 1620 secui
590 1556 676 1621 ubire
697 1556 807 1621 stetui?
830 1559 920 1619 timeo
943 1557 1018 1640 qaid
1039 1559 1106 1640 siet,

239 1693 276 1735 ao
299 1673 405 1735 statim
427 1670 496 1754 ipse
519 1692 590 1734 cum
614 1669 812 1734 Acanthioue
835 1689 925 1732 servo
948 1690 1096 1733 scaenam
1119 1671 1193 1754 agit,
1224 1678 1262 1735 ut
1288 1676 1383 1740 nullo

240 1775 335 1839 modo
358 1795 431 1838 eum
461 1773 500 1837 de
529 1794 643 1837 scaena
672 1773 848 1837 discessisse
872 1793 931 1836 nec
959 1775 1060 1857 magis
1084 1775 1236 1858 singulari
1262 1781 1383 1844 vestitu

242 1888 388 1944 ornatum
411 1879 506 1942 fuisse
529 1884 691 1962 appareat.

344 1983 456 2067 Itaque
480 1980 691 2045 Deictelcom'a
713 1982 879 2060 sententia,
902 2002 1094 2066 quamquam
1116 2004 1172 2068 per
1188 2005 1222 2048 se
1244 2007 1311 2050 non
1332 1995 1383 2053 est

241 2088 467 2174 improbabilis,
491 2093 597 2150 tamen
620 2108 682 2149 non
699 2086 784 2149 cadit
804 2088 835 2149 in
852 2109 905 2150 eas
920 2086 1055 2169 fabulas,
1072 2089 1136 2169 ubi,
1152 2089 1205 2172 qui
1222 2091 1254 2153 in
1274 2093 1381 2174 prima

242 2214 355 2257 scaeua
377 2198 466 2254 actor
489 2191 611 2253 ibturus
634 2198 691 2271 est,
715 2189 799 2253 idem
823 2190 944 2273 prologi
968 2211 1135 2275 personam
1157 2194 1302 2260 sustinet.
1339 2197 1379 2261 Id

241 2305 348 2361 autem
371 2295 410 2359 de
430 2295 792 2359 Heautontimorumeno
815 2294 925 2358 fabula
948 2296 1151 2359 statuendum
1173 2304 1232 2382 est,
1256 2300 1288 2363 in
1312 2322 1379 2386 qua

241 2400 417 2465 Chremetis
439 2399 522 2463 senis
545 2398 595 2462 vel
619 2397 798 2461 Menedemi
820 2400 902 2462 senis
933 2406 1039 2483 partes
1062 2400 1164 2484 ipsum
1187 2400 1379 2470 Ambivium

241 2506 342 2589 egisse
365 2503 528 2588 probabile
552 2507 609 2566 est.
653 2501 738 2565 Eum
760 2502 857 2585 igitur
879 2503 1031 2586 singulari
1055 2505 1170 2567 vestitu
1194 2526 1287 2569 usum
1303 2528 1377 2592 pro·

241 2611 349 2693 logum
372 2608 562 2687 recitavisse,
588 2612 656 2669 tum
680 2606 719 2670 de
741 2627 855 2670 scaena
878 2606 1054 2671 discessisse
1078 2614 1261 2692 mutatoque
1291 2614 1378 2677 senis

240 2715 427 2778 vestimento
450 2713 482 2774 iu
504 2732 651 2775 scaenam
673 2710 802 2774 rediisse
825 2732 917 2776 nemo
941 2712 1057 2777 credet.
1102 2712 1153 2777 Ne
1181 2713 1213 2777 id
1244 2715 1377 2798 quidem

241 2823 361 2881 certum
385 2822 441 2895 est,
464 2810 617 2877 ‘ornatum
637 2809 779 2897 prologi',
803 2814 890 2877 cuius
908 2815 940 2877 in
962 2815 1040 2899 prol.
1056 2815 1091 2878 ΙΙ
1105 2819 1167 2880 ul
1194 2819 1313 2883 mentio
1328 2820 1378 2904 fit,

241 2921 391 2986 vestitum
413 2917 663 3001 intellegendum
686 2937 763 2981 esse.
809 2918 910 2983 Immo
933 2919 1126 3003 probabilius
1149 2921 1226 2984 mihi
1248 2923 1378 2990 videtur

241 3024 410 3110 prologum
432 3022 547 3105 insigni
571 3021 686 3105 aliquo,
716 3021 814 3085 veluti
844 3029 966 3106 sceptro
996 3023 1047 3086 vel
1077 3023 1213 3089 caduceo
1244 3047 1378 3094 remove

242 3130 354 3205 olivae,
378 3149 438 3212 quo
462 3125 600 3208 delegati
623 3124 663 3188 ad
686 3125 836 3210 populum
860 3125 1000 3190 condicio
1029 3127 1297 3212 manifestaretur,
1328 3133 1378 3197 in·

241 3238 394 3297 structum
411 3231 506 3294 suisse
520 3230 636 3312 itaque,
654 3228 735 3312 quod
748 3227 908 3292 Deiatede
922 3230 998 3307 vult,
1016 3230 1056 3293 ab
1069 3231 1211 3296 omnibus
1225 3239 1378 3317 cognosci

241 3337 395 3422 potuisse3
418 3341 546 3419 peracto
571 3340 676 3397 autem
696 3333 832 3417 prologo
850 3334 971 3417 insigne
986 3334 1075 3417 illud,
1100 3356 1161 3420 quo
1179 3344 1283 3403 orator
1299 3362 1378 3408 usus

242 3448 319 3520 arat,
336 3439 508 3525 sepositum
523 3457 600 3519 esse,
616 3436 642 3500 si
657 3436 784 3521 quidem
800 3437 831 3501 in
848 3435 1094 3522 Amphitruone,
1109 3439 1211 3504 Milite
1227 3443 1377 3531 glorioso,

241 3544 429 3624 Mercatore,
452 3540 812 3605 Heautontimorumeno
840 3548 947 3625 partes
975 3541 1009 3605 in
1036 3541 1104 3627 ipsa
1133 3544 1242 3609 fabula
1269 3547 1376 3616 eidem

242 3645 384 3732 agendae
407 3651 507 3709 erant.

772 3780 841 3865 §d

243 3923 336 3987 QUAS
356 3922 503 3976 MAXIME
522 3921 688 3974 FABULAS
713 3922 970 3976 SPEOTATORES
992 3922 1137 3977 ROMANI
1156 3924 1195 3978 IN
1214 3925 1377 3986 blomans

694 4010 917 4062 HABUERINT.

346 4129 458 4194 Studia
480 4136 512 4194 et
534 4131 786 4215 intellegentiam
801 4138 1013 4216 spectatorum
1029 4130 1250 4198 Plautinarum
1266 4143 1298 4201 et
1314 4137 1377 4205 Te·

243 4235 457 4299 rentianarum
490 4233 671 4298 fabularum
700 4255 764 4298 non
796 4235 909 4300 eadem
940 4237 1035 4301 fuisse
1066 4237 1224 4302 intellexit
1250 4237 1378 4309 Bitsclsl

243 4338 276 4403 in
304 4337 436 4421 Parerg.
466 4360 486 4423 p
520 4338 583 4401 234
613 4339 703 4403 adm:
736 4337 825 4403 'Dem
853 4339 1115 4425 Bildungsgange
1144 4341 1200 4406 des
1228 4343 1377 4415 sechsteu
