2954 4808
692 273 782 359 [rra]
1266 281 1306 345 ar

166 471 319 536 tissimum
337 468 529 554 appetivisse
554 466 685 549 videtur,
710 475 745 530 ut
768 468 945 533 orationem
961 490 1052 533 suam
1071 469 1307 554 participiorum

166 582 262 660 atque
277 574 504 638 infinitivorum
521 572 604 637 mols
621 572 816 636 cumulatam
831 577 864 636 et
879 573 1016 658 periodis
1030 574 1192 659 perplexis
1208 581 1307 659 atqua

166 677 305 744 confusis
323 674 538 741 abundantem
562 662 782 760 aliquomodo
807 677 1008 763 perspicuam
1025 676 1181 743 redderet.
1216 678 1306 744 Idem

164 803 228 846 non
259 781 393 871 raroin
423 779 537 844 eodem
567 779 738 844 verborum
768 780 890 844 ambitu
921 782 1057 866 primum
1089 767 1308 848 accusativum

164 907 237 953 cum
268 884 441 966 infinitivo,
473 882 589 948 deinde
621 882 810 969 particulam
840 884 922 970 qaod
956 885 1006 949 vel
1038 886 1167 950 inverso
1199 885 1308 951 ordine

165 989 302 1074 primum
325 987 512 1073 particulam
535 987 627 1071 quod,
659 987 775 1052 deinde
800 988 1014 1052 accusativum
1046 1010 1117 1052 curn
1141 990 1308 1072 infinitivo,

151 1099 200 1164 ,ut
231 1091 484 1173 similitudinem,
514 1091 667 1155 satietatis
698 1095 851 1172 matrem,
882 1091 1009 1173 vitaret,
1041 1093 1225 1178 usurpavit:
1258 1095 1308 1158 18.

165 1200 203 1273 6,
242 1199 282 1260 16
320 1196 466 1281 docetque
502 1195 584 1280 qaod
615 1244 622 1260 .
653 1246 660 1260 .
690 1244 698 1259 .
730 1195 774 1259 ad
815 1195 936 1260 Persas
977 1195 1098 1261 adierat
1136 1196 1310 1281 profuqrcs,

164 1301 331 1386 exindeque
361 1351 368 1366 .
401 1351 408 1365 .
441 1350 448 1364 .
482 1300 709 1384 speculatorem
749 1319 782 1363 se
814 1302 944 1364 recissum
980 1301 1024 1365 od
1053 1308 1182 1386 uestra,
1219 1322 1310 1386 saepe

163 1426 251 1469 aeros
282 1407 409 1468 uuatios
439 1410 623 1488 reportasse.
678 1409 711 1467 at
743 1425 827 1467 ureae
859 1425 890 1468 se
918 1453 926 1469 .
956 1455 963 1470 .
994 1455 1001 1469 .
1033 1407 1148 1472 redire.
1194 1407 1246 1473 30.
1281 1409 1309 1489 l,

168 1510 206 1572 11
231 1527 301 1572 eam
325 1508 436 1571 callere
449 1508 628 1590 fiuqentes:
651 1505 860 1592 addentesque
882 1509 965 1592 quod
982 1556 990 1571 .
1007 1559 1039 1574 ..
1064 1509 1227 1590 excitabit,
1256 1513 1310 1575 30.
1364 1495 1366 1500 ’

165 1615 195 1693 6,
213 1614 232 1676 2
256 1611 382 1675 ailad..
400 1661 407 1675 .
433 1611 578 1674 delirium
602 1610 821 1675 adseuerautcs
837 1662 845 1676 .
863 1662 870 1677 .
891 1662 898 1676 .
907 1660 917 1693 ,
943 1613 997 1676 sed
1017 1633 1100 1698 per.
1118 1659 1148 1676 ..
1172 1615 1309 1678 latrones

166 1716 452 1797 ...euenisse...,
475 1716 569 1777 etiam
592 1714 759 1801 idqucque
781 1715 937 1796 addcudo,
962 1766 969 1781 .
995 1766 1002 1780 .
1027 1767 1034 1782 .
1059 1719 1167 1804 quod.
1192 1769 1199 1784 .
1225 1767 1233 1782 .
1256 1740 1309 1783 oe·

166 1819 288 1901 ceadit;
312 1820 364 1883 29.
388 1821 419 1899 2,
443 1821 461 1881 9
482 1817 632 1900 fratres.
657 1868 664 1883 .
690 1865 697 1881 .
720 1820 860 1903 aqitasse
877 1871 883 1884 .
902 1870 909 1884 .
929 1871 936 1885 .
959 1820 1079 1904 detulit,
1102 1823 1243 1887 adderes.
1262 1874 1269 1889 .
1289 1872 1308 1903 .,

165 1924 247 2010 quod
270 1972 278 1986 .
304 1973 311 1988 .
337 1974 344 1988 .
368 1923 553 1987 indumenta
573 1929 695 2005 parata
717 1924 800 2005 siat3
830 1925 882 1989 28.
907 1927 937 2007 6,
963 1927 1019 2006 19,
1050 1927 1101 1990 25.
1130 1930 1159 2007 4,
1185 1929 1204 1991 2
1227 1926 1308 1990 illud

166 2028 351 2109 aduertens,
384 2026 468 2112 quod
501 2025 588 2110 apad
619 2026 785 2090 Platonem
814 2028 943 2111 leqitur,
965 2026 1146 2112 Sophoclem
1170 2080 1178 2095 .
1204 2077 1244 2096 ..
1274 2029 1309 2093 id

163 2131 324 2212 adiecisse,
343 2131 427 2216 quod
441 2130 612 2215 pauderet;
637 2133 688 2195 25.
706 2130 735 2211 3,
754 2132 793 2194 15
810 2132 1024 2214 contemplans
1040 2180 1048 2196 .
1066 2183 1072 2197 .
1091 2183 1098 2197 .
1122 2132 1308 2197 laetandum

163 2256 227 2300 esse
251 2285 258 2302 .
283 2286 290 2300 .
314 2283 322 2299 .
346 2235 512 2300 avleerteus
541 2235 625 2320 quod
648 2286 655 2300 .
680 2284 687 2298 .
712 2285 719 2300 .
740 2236 976 2319 persolueruut3
1009 2238 1060 2299 24.
1085 2238 1113 2314 6,
1138 2240 1158 2302 5
1181 2238 1307 2321 siquam

165 2340 224 2405 sihi
246 2340 356 2404 datum
378 2345 514 2420 nostros,
537 2339 620 2424 qaod
641 2340 803 2422 marqiacs
825 2340 889 2403 iarn
912 2345 1085 2423 teuereut,.
1110 2391 1117 2405 .
1141 2389 1149 2404 .
1173 2342 1309 2405 erasisse

162 2447 385 2528 proclumaas;
409 2447 460 2508 24.
486 2447 513 2524 1,
531 2445 571 2507 10
595 2444 771 2527 adfirmans
788 2494 795 2508 .
813 2495 819 2507 .
837 2493 843 2507 .
866 2464 899 2507 se
914 2491 921 2506 .
938 2493 945 2507 .
963 2493 970 2508 .
991 2445 1201 2527 praedixisse,
1225 2446 1309 2530 qaod

165 2549 342 2612 centenario
364 2549 430 2610 iarn
454 2549 621 2631 cautiquus
644 2547 809 2629 sepelietur
832 2548 866 2609 ia
889 2548 954 2611 solo
977 2547 1138 2627 Romano,
1162 2550 1214 2614 22.
1238 2551 1304 2626 2‚1

165 2650 349 2729 dfuaetum
366 2650 585 2715 Constantiam
607 2653 799 2731 suscitantes,
823 2650 1031 2736 addentesque
1053 2652 1136 2737 quod
1153 2704 1160 2718 .
1179 2702 1186 2718 .
1205 2702 1212 2717 .
1223 2652 1310 2736 fecc-

163 2755 225 2832 rit3
251 2757 299 2818 15.
315 2757 344 2833 5,
362 2757 398 2833 1,
428 2760 475 2818 14.
496 2757 544 2836 11,
568 2756 609 2818 22
632 2755 732 2818 ealrcit
748 2755 842 2838 loqui,
864 2754 949 2839 quod
961 2756 1143 2842 plerosque.
1162 2805 1169 2821 .
1187 2804 1195 2820 .
1216 2758 1310 2840 iuqu-

166 2858 282 2922 laeerr't
306 2857 526 2939 Constantina,
549 2860 726 2942 iquorem.
752 2906 759 2921 .
784 2908 791 2922 .
814 2858 1037 2923 Alexandrum
1059 2860 1245 2945 dvlvvqaam.
1271 2912 1278 2927 .
1302 2912 1310 2928 .

163 2963 261 3025 matri
285 3011 292 3026 .
317 3012 324 3027 .
348 3009 355 3026 .
379 2962 585 3046 respondisse.
634 2959 724 3027 conf.
750 2963 846 3025 etiam
875 2965 920 3026 16.
944 2965 975 3046 8,
999 2967 1029 3028 4.

269 3063 349 3129 Cum
373 3065 514 3151 plerique
539 3065 683 3130 eiusdem
706 3066 821 3132 aetatis
844 3067 1012 3150 scriptores
1034 3068 1310 3135 coniunctivo

163 3176 310 3257 utantur,
342 3169 529 3234 Ammianus
563 3170 664 3233 multo
693 3170 821 3254 saepius
856 3172 912 3247 (15
937 3169 995 3250 010)
1030 3170 1311 3238 indicativum

163 3295 259 3359 quam
294 3274 612 3339 coniunctivum
649 3279 795 3357 usurpat.
853 3275 963 3360 Atque
998 3277 1189 3361 particulam
1225 3278 1309 3363 quod

164 3399 322 3463 nusquam
347 3379 548 3443 coniunctivc
571 3377 705 3460 adiungi
728 3399 833 3463 posse,
865 3379 924 3443 nisi
949 3384 1074 3463 tempus
1098 3382 1309 3465 praeteritum

163 3481 351 3558 antecedat,
383 3483 447 3546 iam
479 3481 716 3566 Kallenbergus
747 3482 930 3567 perspexit3
963 3482 1018 3546 sed
1052 3502 1122 3546 cum
1154 3484 1312 3548 nonnulla

164 3586 324 3670 exempla,
350 3586 465 3671 quibus
489 3587 572 3672 quod
595 3607 666 3650 cum
689 3586 861 3650 indicativo
886 3587 1039 3669 iungitur,
1066 3607 1130 3650 uon
1153 3588 1308 3669 attulerit,

163 3711 224 3775 ega
257 3687 298 3754 ad
331 3711 430 3753 unum
462 3689 569 3754 onmia
593 3675 854 3774 congeramz'll.
881 3691 966 3771 1,5,
996 3691 1045 3772 10,
1081 3692 1134 3770 12,
1168 3693 1220 3774 11,
1254 3693 1312 3772 19,

165 3798 217 3877 11,
242 3796 278 3857 11
305 3792 358 3875 (cl.
382 3814 456 3879 pag.
479 3791 554 3877 45),
589 3796 639 3875 11,
663 3796 699 3874 6,
735 3796 868 3875 10,14,
902 3795 1011 3871 1,11;
1046 3796 1162 3877 1,12,
1202 3797 1311 3875 11,13

160 3894 211 3967 15·
237 3899 267 3979 5,
293 3901 327 3976 1,
352 3899 384 3980 5,
409 3899 443 3977 6,
470 3900 497 3980 1,
521 3901 557 3977 4,
582 3893 632 3964 16.
657 3900 686 3978 8,
710 3898 746 3976 4,
772 3898 822 3978 12,
849 3899 904 3978 15,
928 3900 957 3975 9,
981 3900 1020 3979 4,
1043 3899 1073 3980 5,
1100 3902 1132 3977 1,
1155 3893 1252 3979 115,
1272 3899 1313 3997 83

161 4001 192 4083 4,
217 4003 276 4084 12,
300 3995 350 4069 18.
375 4003 405 4084 6,
431 4002 490 4083 16,
514 4004 543 4082 6,
568 4002 604 4083 2,
630 3996 678 4069 19.
706 4003 755 4082 11,
779 4004 813 4080 1,
837 4003 865 4078 9,
889 4003 925 4082 5,
953 4002 1003 4082 12,
1030 4002 1088 4081 10,
1115 3996 1170 4069 20.
1194 4004 1224 4080 6,
1251 4003 1313 4084 10,

161 4106 193 4190 2,
217 4107 254 4188 4,
279 4111 308 4185 5,
333 4109 368 4189 5,
393 4106 422 4170 1.
446 4107 485 4188 9,
509 4106 539 4185 9,
563 4109 602 4188 6,
625 4098 675 4171 21.
700 4107 729 4186 6,
754 4106 791 4182 2,
817 4107 866 4185 13,
891 4106 949 4186 15,
985 4107 1012 4187 1,
1042 4106 1100 4184 13,
1133 4109 1164 4186 5,
1188 4108 1224 4185 8,
1257 4099 1312 4174 22.

163 4212 215 4294 15,
241 4212 276 4292 1,
302 4214 351 4288 11,
375 4213 412 4294 6,
437 4213 467 4291 8,
491 4212 547 4290 31,
572 4211 603 4293 3,
627 4211 665 4293 8,
688 4205 742 4277 23.
766 4212 797 4292 5,
820 4211 877 4288 21,
911 4209 1020 4289 5,11,
1050 4212 1167 4293 6,14,
1200 4212 1230 4292 6,
1255 4211 1314 4274 213

170 4315 280 4398 5,11,
311 4317 340 4400 6,
364 4317 422 4400 24,
454 4309 510 4384 24.
536 4318 565 4399 1,
589 4317 627 4397 5,
663 4316 693 4396 1,
718 4316 773 4397 10,
801 4308 856 4382 25.
880 4318 909 4397 4,
935 4317 972 4396 3,
1005 4316 1054 4398 10,
1078 4317 1112 4395 6,
1144 4317 1173 4393 3,
1200 4317 1257 4396 16,
1284 4315 1314 4392 3,

1150 4415 1199 4472 1³⁸
