2962 4800
703 281 771 365 [61]
1283 294 1301 356 5

215 473 249 535 11
273 471 346 534 Aul.
371 474 428 535 741
455 471 540 550 Quid
561 472 607 534 ois
620 472 723 553 fiori?
744 473 905 556 factumst
932 475 1029 538 illuct:
1050 476 1130 555 fieri
1152 476 1305 558 iufeatum

1008 599 1071 642 uam
1092 586 1199 661 potest.

325 678 408 743 Deos
426 680 517 742 creola
532 680 679 744 uoluisse:
701 701 774 744 uara
791 682 825 743 ui
841 681 990 761 velleret,
1015 682 1215 765 uousieret
1230 684 1301 746 scio.

213 779 248 863 2)
272 781 347 846 Aul.
371 784 434 844 439
457 780 509 844 Ibi
531 781 584 845 ull
606 782 662 846 tibi
684 789 752 847 erat
775 786 948 866 maeotium,
980 784 1024 847 ael
1037 784 1152 867 socam
1175 787 1203 849 sl
1232 785 1304 848 acl·

283 956 288 968 ,
1075 907 1203 970 esses,

323 985 397 1049 Nau
415 987 512 1067 fissile
535 987 729 1068 auferres
752 995 864 1070 caput:
887 990 996 1053 merito
1017 990 1052 1052 iel
1067 989 1123 1052 tili
1136 990 1304 1071 factumst.

327 1090 474 1170 auferres
499 1090 618 1170 Goet23
641 1091 768 1155 traheres
791 1091 882 1156 codd.

212 1192 245 1272 3)
273 1190 361 1257 Asin.
386 1193 446 1255 stt
722 1193 887 1276 Furcifer,
911 1197 1003 1259 etlam
1026 1218 1074 1260 me
1097 1197 1263 1261 delusisti?
1278 1220 1307 1261 ::

270 1294 450 1375 Numquam
486 1295 586 1360 liercle
618 1298 823 1378 facerem,
862 1318 965 1382 qcrrua
1003 1302 1038 1362 ui
1070 1307 1136 1363 tam
1168 1302 1308 1382 aequiter

993 1403 1199 1484 fricorus.

273 1520 301 1584 Ε
332 1522 476 1606 perfeeto
507 1521 652 1586 delusisti
685 1522 770 1607 quod
803 1524 964 1587 antecedit
986 1523 1122 1587 efficitur
1146 1525 1307 1608 praeteriti

170 1625 333 1690 notionem
362 1625 468 1689 inesse
498 1625 527 1691 in
560 1625 668 1690 formis
683 1625 830 1708 facerem
860 1632 892 1690 et
913 1626 1067 1709 fricares.
1121 1628 1169 1690 Ao
1193 1630 1306 1712 nequis

172 1728 281 1793 credet
304 1750 384 1792 voce
409 1746 579 1810 numquam
601 1728 683 1792 hano
706 1729 832 1812 infringi
854 1730 1169 1813 interpretationem,
1200 1733 1308 1795 confe-

170 1838 258 1896 retur

169 1952 266 2018 Mero.
291 1954 353 2016 993
378 1951 415 2016 Si
436 1951 537 2015 hercle
566 1953 720 2015 scivissem
749 1953 811 2016 siue
834 1952 912 2017 acteo
941 1955 1041 2018 ioculo
1073 1954 1202 2019 elisisset
1230 1956 1308 2019 milei

378 2055 418 2119 Se
446 2056 536 2118 illam
559 2076 686 2137 omaro,
708 2073 923 2136 uuruquam
938 2058 1130 2141 facerem
1158 2064 1192 2121 ut
1216 2059 1307 2122 illam

862 2163 985 2224 amomi
1007 2159 1199 2225 abducerem.

272 2281 442 2344 Praeteriti
474 2280 560 2344 notio
589 2279 621 2342 in
652 2278 785 2362 apodosi
816 2280 984 2363 perspicue
1015 2287 1076 2360 est3
1110 2279 1141 2343 in
1176 2282 1308 2362 protasis

171 2393 277 2448 utrum
300 2384 388 2447 notio
412 2383 575 2466 praeteriti
599 2383 641 2445 sit
663 2381 880 2464 intellegenda
899 2401 1010 2464 neone,
1034 2403 1097 2445 non
1121 2383 1196 2446 setis
1219 2392 1306 2447 certo

169 2489 388 2571 cognoscitur:

170 2609 287 2692 Amph.
297 2610 358 2674 525
376 2606 427 2670 Ea
450 2607 506 2670 tibi
527 2608 631 2670 omma
647 2607 817 2669 erearraui:
839 2605 904 2667 uisi
920 2611 948 2668 te
960 2624 1098 2667 ornarem
1112 2605 1306 2688 pleeramum,

376 2709 450 2773 Nou
469 2710 659 2792 facerem.

171 2814 361 2879 Baeehslo
376 2812 458 2877 Nam
481 2814 516 2876 m'
538 2814 603 2876 illie
625 2811 715 2875 leoelie
734 2812 821 2892 forte
834 2811 977 2894 fortuita
999 2809 1048 2874 tac
1066 2811 1163 2892 foret,

376 2917 470 2980 Miles
493 2915 719 2979 Mnesilochum
752 2934 820 2977 cum
843 2934 940 2978 rurore
964 2915 1222 2996 opprimeret
1245 2936 1305 2978 suo

377 3021 478 3104 Atque
500 3019 771 3084 obtruncaret
793 3017 947 3081 moecleum
970 3017 1247 3101 ruariru‘estarimu.

172 3123 350 3189 0331112.
364 3127 404 3187 25
432 3122 549 3187 Verum
587 3128 691 3185 autem
721 3121 931 3184 altrovorsum
965 3137 1056 3200 auom
1090 3140 1155 3183 eam
1190 3141 1306 3184 cicerum

482 3228 635 3289 ratiouem
655 3231 743 3309 uicto,

429 3329 564 3411 Siquid
587 3331 759 3410 amasset,
783 3335 889 3392 esset
912 3349 1031 3391 raecum
1052 3328 1232 3410 postulatio.

171 3453 397 3515 olterouorsum
429 3456 461 3514 et
489 3471 548 3534 quo
578 3451 608 3513 in
639 3449 746 3533 priore
777 3469 870 3512 versu
902 3448 983 3511 male
1007 3448 1037 3511 A
1064 3445 1162 3530 [teste
1192 3445 1306 3511 Stude·

101 3586 108 3598 ·
171 3554 315 3635 mund0].
351 3552 546 3637 (epodoseos
577 3552 733 3617 sententie
764 3558 875 3616 nostre
909 3550 1017 3635 lingua
1051 3557 1098 3614 est
1132 3549 1226 3614 haee:
1263 3552 1307 3613 sie

170 3659 255 3722 liiitte
276 3658 342 3721 siole
366 3659 422 3720 mit
444 3658 506 3719 mir
529 3654 667 3720 elariller
691 3653 1043 3737 eleeseiuarulerqasotzt).

170 3779 269 3842 Poen.
293 3779 353 3839 691
421 3776 505 3856 Quid
526 3775 594 3839 ita?
608 3798 637 3838 .·.·
652 3776 736 3855 Quoia
760 3797 780 3838 a
798 3776 914 3838 muscis
929 3776 957 3837 si
971 3776 1015 3838 mi
1030 3775 1198 3858 hospitium
1214 3793 1307 3858 quae·

1091 3898 1202 3958 rerem,

372 4062 377 4070 .
428 3983 606 4048 Adueuieus
630 3984 728 4046 irem
751 3983 784 4045 iu
809 4001 967 4045 carcerem
990 3988 1075 4044 recta
1098 3982 1159 4043 uia.

172 4088 259 4153 Trin.
284 4090 346 4152 113
429 4086 510 4150 Mili
535 4085 758 4149 commendauit
780 4084 934 4167 uiryiuem
957 4090 1087 4166 arratam
1110 4102 1201 4145 suam

429 4191 473 4255 Et
495 4211 559 4254 rem
575 4210 666 4252 seram
683 4208 802 4252 orarum
817 4194 846 4250 31
861 4187 949 4250 illum
967 4187 1305 4268 corramptumfilium.

431 4295 530 4376 Haec,
544 4295 572 4358 si
584 4294 628 4356 rui
639 4294 787 4357 lreiruious
799 4297 884 4372 esset,
901 4290 991 4355 eraclo
1006 4289 1095 4354 hored
1111 4289 1305 4354 crederet.
