2956 4822
183 287 225 352 36
705 281 797 370 [132]

182 479 267 559 fieri,
298 479 343 543 ita
366 483 402 542 ut
424 476 464 543 de
495 477 543 541 his
573 476 698 563 legibus
730 478 931 562 priuatorum
960 479 1141 544 necessario
1170 480 1323 568 suffragia

182 583 269 646 fiant.
316 582 406 656 Quae
429 602 480 646 res
504 587 536 644 et
557 600 615 666 per
636 603 672 645 se
694 581 763 666 ipsa
785 581 862 646 satis
893 582 1078 647 turbulenta
1102 594 1134 648 ct
1157 583 1198 648 ad
1221 587 1322 672 plebis

182 694 375 772 potestatem
399 685 580 770 aagendam
603 691 678 769 apta
701 707 771 749 esse
795 685 933 768 uidetur,
957 686 1053 771 idque
1070 708 1109 754 eo
1127 691 1228 774 magis
1250 712 1321 756 cum
1385 713 1390 721 ⁴

181 791 256 877 quid
278 791 356 855 alias
378 791 412 854 in
433 790 558 873 legibus
582 787 721 853 ferendis
744 791 841 852 moris
864 790 960 853 fuerit
975 789 1105 856 Graecis
1131 795 1319 879 respexeris.

181 896 317 962 Athenis
351 894 435 957 enirn
471 915 661 979 quamquam
696 895 811 977 singuli
851 895 937 958 ciues
973 916 1174 981 nequaquam
1212 899 1321 984 legum

180 998 385 1065 ferendarum
410 1006 559 1082 expertes
583 1003 692 1080 eraut,
727 998 786 1061 nisi
811 995 1084 1064 extraordinariae
1107 1014 1223 1065 causae
1245 1003 1321 1066 inci·

180 1105 309 1185 debant,
334 1103 373 1167 de
397 1103 441 1166 eis
465 1109 589 1166 tantum
612 1100 710 1166 rebus
733 1102 831 1166 semel
854 1104 1026 1186 quotannis
1049 1104 1136 1187 leges
1151 1105 1236 1170 ferre
1253 1110 1321 1171 uui·

180 1209 295 1293 cuique
318 1207 444 1271 licuisse
468 1213 596 1270 constat
632 1205 673 1270 de
700 1205 815 1290 quibus
847 1205 987 1291 populus
1018 1207 1180 1292 iussisset,
1215 1232 1319 1296 neque

179 1314 220 1378 de
243 1313 291 1376 his
315 1310 443 1396 quidem
467 1311 526 1374 nisi
550 1311 604 1389 ita,
628 1316 662 1372 ut
678 1330 697 1372 a
714 1315 828 1373 senatu
844 1316 877 1374 et
893 1308 1009 1373 iudicio
1033 1312 1209 1377 iuratorum
1232 1316 1320 1400 leges

180 1418 436 1482 examinarentur
466 1414 686 1479 defensoribus
714 1414 919 1499 pristinarum
951 1415 1059 1499 legum
1082 1416 1209 1500 publice
1231 1420 1319 1485 insti·

179 1522 265 1603 tutis,
291 1528 324 1587 et
345 1527 381 1584 ut
404 1518 580 1604 periculum
602 1517 814 1581 accusationis
838 1538 919 1601 quae
941 1516 1126 1600 παρανόμων
1143 1521 1319 1605 dicebatur,

178 1627 285 1708 legum
319 1633 485 1707 rogatores
520 1643 576 1707 per
611 1643 752 1685 annuum
791 1622 929 1705 spatium
966 1631 1177 1707 praestarent.
1223 1627 1317 1693 Anno

178 1736 336 1793 autema.
363 1726 397 1793 Ο.
421 1749 453 1792 n.
478 1729 539 1790 403
572 1748 643 1790 cum
673 1732 805 1791 auctore
834 1726 1003 1790 Tisameno
1036 1729 1124 1812 leges
1153 1737 1317 1799 retractari

178 1837 315 1921 populus
330 1832 483 1913 iussisset,
508 1829 682 1894 decemuiri
705 1830 839 1894 instituti
862 1832 957 1895 sunt¹
982 1832 1046 1916 qui,
1061 1834 1106 1897 ita
1123 1842 1157 1898 ut
1173 1835 1233 1901 boc
1249 1839 1317 1907 loco

177 1938 307 2017 sexniri,
330 1956 487 1999 nouarum
507 1935 615 2018 legum
631 1933 834 1999 ferendarum
857 1956 934 1998 cura
956 1945 1174 2003 onerarentur.
1213 1943 1318 2028 Leges

178 2049 285 2107 autern
308 2061 387 2125 quas
411 2041 562 2120 tulerunt,
586 2059 650 2102 non
675 2046 710 2102 ut
733 2039 794 2103 hoc
817 2039 888 2102 loco
905 2060 924 2102 a
940 2041 1075 2105 comitiis
1096 2043 1151 2106 sed
1168 2056 1316 2111 asenatu

178 2154 209 2211 et
225 2144 384 2209 iudicibus
407 2144 610 2207 examinatae
633 2149 717 2224 suut,
740 2165 844 2227 neque
860 2143 885 2207 si
902 2145 976 2228 quid
1000 2145 1117 2230 priuati
1141 2159 1316 2230 rogassent,

179 2250 219 2316 de
243 2250 291 2314 hia
314 2249 438 2333 legibus
463 2247 573 2333 utique
596 2247 748 2331 suffragia
780 2249 915 2329 fiebant,
945 2248 1003 2313 sed
1026 2253 1150 2315 senatui
1172 2260 1316 2338 potestas

177 2354 253 2418 data
275 2359 340 2435 est,
371 2373 449 2436 quas
479 2352 592 2415 harum
622 2352 728 2436 legum
764 2353 1012 2437 comprobasset,
1041 2354 1082 2418 ad
1113 2360 1316 2426 nomothetas

177 2458 309 2523 ferendi.
342 2457 448 2542 Atque
471 2457 586 2521 eodem
611 2458 705 2521 mado
729 2458 848 2520 tributa
870 2459 1027 2522 sociorum
1052 2461 1148 2544 (quac
1171 2468 1207 2525 ut
1228 2463 1316 2548 leges

176 2563 409 2641 tractabantur)
432 2561 560 2624 saeculo
584 2581 613 2625 a.
630 2560 665 2626 Ο.
690 2561 800 2645 quinto
824 2583 955 2626 recensa
979 2584 1049 2627 esse
1071 2563 1181 2628 docuit
1204 2567 1315 2634 Koch-

175 2666 285 2733 lerna.
310 2702 350 2713 -
374 2665 494 2728 Contra
516 2665 543 2728 si
566 2686 637 2728 cum
660 2663 708 2728 his
740 2686 822 2749 quac
845 2665 961 2747 adtuli,
985 2686 1023 2729 ea
1046 2688 1211 2752 compares
1235 2693 1316 2757 quae

176 2770 380 2855 Thucydides
404 2767 506 2852 (VIII
530 2766 588 2851 67)
611 2789 694 2832 auno
719 2772 779 2832 411
814 2770 844 2833 in
877 2769 1183 2855 quadringentorum
1214 2775 1315 2841 domi·

177 2875 306 2938 natione
340 2872 535 2937 instituenda
568 2870 653 2935 facta
687 2894 758 2938 esse
790 2873 904 2953 refert,
938 2884 970 2938 et
1000 2876 1041 2938 ab
1071 2877 1314 2944 Atheniensium

177 2980 315 3044 moribus
338 2978 417 3041 haec
439 2996 570 3060 prorsus
600 2977 773 3041 abhorrere
805 2978 989 3060 intelleges,
1021 2987 1052 3042 et
1076 2981 1313 3049 similitudinem

177 3082 336 3169 quandam
367 3080 566 3146 intercedere
595 3082 678 3145 inter
707 3103 759 3145 res
782 3103 802 3144 a
824 3081 1010 3167 Thucydide
1040 3093 1184 3149 narratas
1208 3094 1239 3150 et
1261 3110 1315 3152 eas

178 3208 261 3272 quae
291 3192 400 3250 nostro
434 3187 503 3249 loco
539 3193 735 3250 statuuntur.
782 3186 919 3250 Athenis
952 3188 1035 3250 eninr
1065 3197 1244 3275 συγγραφῆς
1275 3192 1315 3256 ad
1419 3228 1424 3241 ·

176 3294 263 3376 leges
287 3312 388 3354 nouas
412 3290 533 3355 dandas
564 3290 691 3374 publice
721 3291 885 3354 constituti
918 3312 988 3354 cum
1021 3292 1080 3376 ipsi
1116 3313 1184 3356 eam
1208 3295 1313 3379 legem

177 3417 239 3480 qua
262 3395 463 3480 respublica
491 3395 632 3458 funditus
663 3400 915 3479 peruerteretur,
945 3395 1029 3459 ferre
1057 3419 1127 3467 uon
1149 3399 1314 3484 auderent,

176 3500 254 3564 nihil
272 3501 330 3564 nisi
348 3501 517 3584 unicuique
533 3499 651 3564 ciuium
668 3501 809 3563 cuiusuis
825 3500 904 3582 legia
919 3499 1070 3564 ferendae
1094 3502 1313 3587 impunitatem

177 3610 383 3686 rogauerunt.
450 3604 522 3678 Qua
553 3626 586 3668 re
617 3627 657 3668 cx
687 3604 937 3690 uniuscuiusque
975 3606 1081 3670 seruili
1122 3610 1315 3691 procacitate

177 3708 421 3772 instrumentum
444 3714 552 3793 aptum
577 3708 615 3771 ad
641 3730 690 3772 res
715 3730 844 3792 prorsus
867 3710 1034 3774 nouaudas
1061 3712 1233 3795 optimates
1256 3716 1313 3778 sibi

176 3812 342 3895 parabant.
373 3812 448 3878 Hoc
470 3815 566 3897 igitur
590 3814 722 3877 interest
744 3813 827 3877 inter
850 3822 988 3877 nostram
1011 3821 1043 3878 et
1066 3816 1151 3878 illam
1174 3837 1315 3902 causam,

281 4074 416 4127 ¹Andoc.
440 4078 469 4140 l,
493 4074 534 4129 83.
565 4077 588 4128 οἶ
616 4077 675 4128 δέκα
703 4074 815 4143 ᾑρημένοι
842 4092 892 4142 pro
919 4078 944 4128 οἶ
971 4080 1001 4130 δὲ
1028 4074 1142 4146 ᾑρημένοι
1172 4080 1314 4146 proposuit

178 4159 311 4215 Sluiterus
325 4161 542 4214 adsentientibus
556 4162 693 4215 Kochh·ro
707 4165 782 4223 ttocc
796 4163 869 4214 intra
884 4165 966 4216 uot2
980 4166 1078 4230 citato)
1092 4172 1118 4216 et
1133 4166 1165 4217 R.
1176 4166 1313 4219 Schocltio

178 4245 337 4310 (comment.
357 4249 382 4300 in
404 4249 466 4301 hon.
488 4249 647 4302 hicmmseni
666 4268 691 4318 p.
710 4249 781 4316 467).

282 4335 292 4371 ²
314 4335 378 4388 Urk.
399 4353 422 4388 u.
444 4335 554 4389 Unters.
573 4354 595 4390 a.
615 4337 713 4391 Gcsch.
732 4336 758 4391 d.
777 4336 830 4390 dal.
849 4342 899 4391 att.
918 4338 1028 4392 Bundes
1047 4355 1072 4407 p.
1091 4339 1133 4393 66.
