2956 4822
211 312 253 376 ao
736 312 826 398 [aaa]

315 508 410 593 Pyth.
427 505 511 570 VIII
528 529 558 571 v.
578 509 617 570 18
635 503 841 582 Ἀπόλλωνος,
857 527 886 570 v.
904 509 940 570 61
961 503 1136 589 incrudela,
1154 528 1183 571 V.
1200 509 1240 571 67
1258 503 1350 589 ἅναξ;

316 610 412 698 Pyth.
435 610 469 675 X
493 633 523 676 v.
549 613 589 674 10
605 606 775 687 νΑττολλον,
799 631 828 673 v.
852 612 892 674 33
917 615 995 697 θεῷ,
1019 631 1048 674 ν.
1068 613 1109 675 35
1134 608 1307 675 Ἀπόλλων.

316 714 353 778 In
388 716 525 779 carmine
558 713 693 799 Pythice
728 720 841 798 quarto
885 711 930 796 (v.
963 716 982 776 3
1015 714 1232 790 Λατοίδαισιν,
1267 737 1299 778 r.
1331 717 1351 780 5

213 816 425 895 Ἀπόλλιιινος,
455 839 484 882 v.
509 821 549 881 54
575 820 705 898 Φοῖβος,
738 837 768 880 v.
792 819 832 880 66
857 815 1036 894 Ἀπόλλων,
1066 838 1094 880 v,
1117 818 1156 881 87
1186 815 1351 895 Ἀπόλλων,

213 942 240 984 V.
272 924 335 985 176
365 921 570 999 Ἀπόλλωνος,
605 943 633 986 v.
664 922 726 985 259
759 921 935 998 Λατοίδας,
968 942 998 986 v.
1031 923 1094 985 294
1125 918 1352 1006 Ἀπόλλωνος),

215 1046 407 1112 quamquam
430 1028 461 1090 in
491 1026 596 1089 media
623 1024 704 1089 odae
730 1033 821 1110 parte
848 1024 1002 1090 Pindarus
1034 1032 1082 1088 ter
1111 1025 1197 1088 nulla
1221 1025 1352 1089 circnm-

214 1130 376 1194 locutione
410 1131 598 1214 interposita
636 1127 676 1192 ad
711 1149 827 1193 nomen
860 1129 1019 1213 Apollinis
1057 1128 1205 1209 recurrit,
1243 1134 1350 1192 tamen

211 1256 372 1320 nunquam
396 1235 545 1318 repetitio
573 1234 655 1296 intra
684 1253 783 1296 unum
814 1232 963 1318 idemque
992 1242 1134 1318 systema
1163 1234 1215 1311 fit,
1246 1254 1351 1319 nequa

214 1358 350 1423 usquam
382 1338 486 1402 minus
520 1356 615 1422 quam
649 1334 731 1399 duae
766 1335 916 1420 strophae
951 1336 1148 1400 interiacent.
1205 1335 1351 1402 Eandem

216 1442 256 1505 ob
279 1462 408 1507 causam
431 1462 536 1528 neque
559 1443 592 1506 in
614 1439 754 1505 earmina
776 1439 913 1526 Pythice
937 1440 1064 1526 quinto,
1095 1439 1150 1503 ubi
1180 1440 1299 1524 legitur
1320 1440 1352 1504 in

213 1567 245 1610 v.
269 1547 305 1609 21
333 1544 546 1610 Ἀπολλώνιον
567 1541 736 1627 (ἄθυρμα),
765 1562 796 1608 v.
820 1545 860 1607 37
889 1547 978 1620 θεοῦ,
1008 1563 1037 1606 v.
1068 1545 1110 1608 56
1138 1540 1154 1606 ὁ
1178 1540 1353 1626 ἀρχαγέτας

214 1646 387 1726 Ἀπόλλων,
411 1670 438 1712 v.
461 1651 587 1715 tal-75
607 1645 759 1711 ”Ariolica
775 1643 927 1728 Καρνήίε,
949 1668 980 1712 v.
997 1648 1037 1711 97
1052 1643 1210 1730 χρυσάορα
1226 1650 1351 1730 Φοῖβον,

214 1772 317 1836 neque
346 1754 378 1816 in
410 1751 573 1819 Nemeaeo
604 1753 735 1836 quinto,
774 1749 829 1814 ubi
864 1758 896 1813 et
929 1749 960 1813 in
994 1770 1022 1814 v.
1055 1752 1096 1814 24
1127 1756 1158 1813 et
1186 1751 1217 1814 in
1249 1772 1278 1815 v.
1310 1754 1352 1815 44

213 1854 334 1919 nudum
360 1856 515 1942 Apollinis
541 1876 655 1920 nomen
681 1863 798 1933 exstat,
822 1854 956 1919 molesta
979 1862 1028 1920 est
1047 1852 1188 1919 eiusdem
1211 1854 1352 1938 appella·

213 1960 308 2024 tionis
331 1960 487 2044 repetitio.
1381 2042 1384 2049 ι

318 2063 417 2127 Simili
441 2063 754 2127 circumlocutionum
787 2061 880 2147 copia
905 2059 1063 2125 Pindarus
1091 2082 1167 2125 usus
1198 2071 1263 2144 est,
1296 2063 1351 2127 ubi

215 2165 461 2231 NEPTUNUM
484 2166 556 2252 plus
578 2167 676 2230 semel
700 2167 975 2246 commemoravit,
1006 2165 1125 2251 qnippe
1155 2168 1245 2231 cuius
1277 2189 1349 2232 eum

214 2271 293 2334 mari
326 2280 359 2336 et
388 2272 484 2335 rebus
511 2270 677 2335 navalibus
707 2270 788 2334 ratio
821 2277 853 2333 et
883 2269 1082 2334 necessitudo
1108 2271 1269 2353 ingentem
1303 2294 1352 2337 eo·

215 2376 396 2459 gnominum
433 2374 596 2439 cumulum
629 2373 857 2459 suppeditaret.
907 2372 1023 2457 Itaque
1052 2395 1122 2437 cum
1151 2376 1183 2438 in
1214 2378 1354 2442 carmine

215 2479 382 2566 Olympico
419 2480 536 2564 prime,
571 2477 728 2562 quomodo
761 2477 930 2563 Neptunus
966 2476 1115 2562 Pelopem
1151 2500 1351 2563 summopere

214 2583 364 2648 dilectum
399 2585 429 2648 in
463 2583 677 2669 Hippodamia
709 2603 808 2647 uxore
839 2581 994 2667 potiunda
1029 2581 1213 2665 adiuvaret,
1253 2585 1351 2670 pluri-

216 2687 273 2750 bus
297 2688 402 2752 verbis
435 2696 529 2773 poeta
561 2697 750 2772 persecutus
782 2687 839 2768 sit,
871 2686 902 2749 in
936 2708 966 2752 v.
990 2688 1118 2752 25—26
1149 2687 1203 2752 ille
1236 2688 1351 2753 dicitur

213 2792 410 2874 μεγασθενής
441 2791 585 2876 γαιάοχος
611 2794 771 2866 Ποσειδᾶν,
802 2790 857 2854 sed
882 2790 913 2853 in
938 2811 967 2856 v,
994 2794 1036 2854 40
1066 2791 1206 2855 eiusdem
1236 2813 1350 2857 nomen

212 2915 270 2978 per
293 2895 443 2980 ambages
469 2896 628 2960 redditum
652 2904 710 2961 est.
749 2896 875 2960 Etenim
899 2895 1146 2977 Ἀγλαοτρίαιναν
1167 2898 1349 2983 Neptunum

212 3020 292 3076 esse,
315 3020 506 3086 quamquam
536 3022 693 3087 nusquam
716 3000 790 3064 alibi
813 3000 874 3064 hoc
891 3022 1070 3084 cognomen
1094 3001 1124 3064 ei
1141 3001 1273 3065 inditum
1291 3012 1351 3081 est,

213 3112 318 3167 tamen
350 3126 421 3168 cum
457 3107 580 3169 tridens
611 3106 652 3168 sit
684 3106 839 3169 sollemne
875 3105 968 3168 huius
1001 3105 1052 3167 dei
1083 3107 1225 3189 signum,
1259 3104 1352 3169 facile

212 3209 412 3293 perspicitur.
454 3209 554 3273 Simili
578 3217 609 3273 et
631 3209 716 3293 quod
740 3208 826 3291 apud
850 3209 929 3273 alios
952 3217 1065 3293 poetas
1080 3207 1196 3273 frustra
1213 3230 1351 3293 quaeras

215 3313 341 3375 nomine
366 3311 527 3376 Pindarus
550 3313 580 3375 in
607 3333 636 3374 v.
662 3312 787 3375 72-73
814 3310 1001 3397 Neptunum
1024 3313 1157 3393 ornavit,
1186 3334 1257 3375 cum
1280 3333 1351 3375 eum

210 3414 403 3496 βαρύκτυπον
442 3416 622 3497 Εὐτρίαιναν
652 3415 780 3479 diceret.
826 3413 953 3478 Deinde
986 3421 1154 3499 postquam
1185 3416 1214 3477 in
1246 3436 1275 3478 v.
1311 3417 1350 3479 id

213 3518 386 3602 Pelopem,
421 3521 473 3605 qni
498 3519 537 3583 ab
560 3520 633 3596 illo,
656 3527 692 3583 ut
715 3518 775 3582 sibi
798 3518 925 3582 adesset
950 3521 980 3582 in
1004 3541 1104 3583 uxore
1127 3518 1352 3602 comparanda,

211 3625 332 3706 petivit,
360 3624 454 3687 deum
471 3624 684 3708 appellatione
705 3624 875 3686 Ποσείδαον
891 3622 1083 3686 salutantem
1104 3623 1189 3700 feeit,
1206 3622 1235 3685 in
1253 3644 1282 3687 v.
1299 3625 1350 3703 86,

210 3748 249 3790 no
264 3728 368 3791 denuo
389 3728 472 3791 idem
492 3749 607 3791 nomen
629 3735 837 3812 repeteretur,
861 3725 1029 3812 Neptunus
1043 3726 1226 3810 simpliciter
1246 3726 1349 3790 dictus

211 3839 260 3894 cst
284 3831 366 3908 daig.
414 3832 502 3896 Item
526 3832 555 3895 in
582 3834 719 3896 carmine
743 3830 908 3916 Olympico
933 3831 1027 3895 tertio
1051 3829 1173 3892 decimo
1197 3828 1353 3892 Pindarus

211 3946 378 4019 postquam
420 3938 450 3998 in
483 3957 511 3998 v.
542 3939 625 3999 4-5
656 3956 790 3999 exorsus
822 3944 869 3997 est
899 3934 938 3996 ab
969 3934 1183 4018 appellatione
1216 3932 1351 4013 Ἰσθμίου

214 4040 413 4115 Ποσειδᾶνος,
437 4080 475 4088 -
505 4041 535 4102 in
559 4027 689 4103 Isthmo¹
704 4039 805 4120 enim,
828 4038 882 4101 ubi
907 4038 999 4100 tertio
1026 4057 1152 4122 quoquc
1175 4058 1260 4099 anno
1283 4036 1352 4099 ludi

210 4144 441 4227 apparatissimi
466 4146 497 4208 in
524 4145 679 4208 honorem
698 4145 766 4205 eius
783 4142 969 4223 edebantur,
993 4139 1164 4224 Neptunus
1179 4141 1351 4226 praecipue

210 4244 375 4309 colebatur
402 4282 436 4288 —
466 4248 498 4311 in
523 4269 554 4311 v.
579 4249 620 4310 39
642 4245 768 4331 quidem
793 4266 856 4309 non
887 4244 1009 4309 adiecto
1040 4244 1198 4309 adiectivo
1216 4241 1354 4323 Ἴσθμιος

210 4345 250 4409 ad
266 4346 349 4412 idem
368 4371 483 4413 nomen
507 4351 684 4427 revertitur,
703 4348 759 4412 sed
777 4369 848 4414 cum
864 4368 962 4413 unum
978 4359 1121 4432 systema
1137 4355 1169 4412 et
1185 4346 1350 4410 dimidium
