2962 4800
645 286 717 377 [eo]
1207 291 1247 357 13

112 485 284 573 genuinam
314 484 504 551 coniunctivi
534 486 802 570 significationem
833 484 1097 569 cognoscendam.
1149 485 1247 549 Velut

114 591 239 656 (lortius
271 591 309 654 de
338 591 410 654 loco
442 590 517 654 Sall.
548 589 619 674 lug.
648 593 706 670 59,
737 589 756 650 3
786 589 944 653 disserens
974 589 1145 653 affirmavit
1175 609 1248 652 con-

113 695 251 757 iunctivo
276 694 454 777 significavi,
478 691 553 776 quid
578 693 674 756 moris
691 701 784 756 esset.
832 692 926 765 Quod
943 713 1039 776 quam
1060 692 1173 755 salsum
1197 692 1247 770 sit,

114 799 257 882 quamvis
280 819 319 860 ex
344 797 413 880 ipso
444 797 499 858 illo
524 795 701 879 Iugurthae
732 795 801 859 loco
832 797 908 858 satis
939 802 1109 879 appareat,
1142 804 1247 857 tamen

113 902 325 985 propinquum
349 898 584 983 quodammodo
608 920 678 963 esse
701 899 937 962 coniunctivum
960 897 1132 963 indicativo
1159 898 1247 983 impl.

114 1013 201 1068 recte
224 1003 320 1066 sensit
343 1003 390 1064 vir
414 1000 536 1065 doetus.
584 1001 660 1066 Eius
689 1004 877 1065 sententiam
909 1001 1057 1066 refellens
1080 1000 1248 1085 Krueger¹

115 1107 258 1192 pluribus
282 1106 430 1190 exposuit
453 1105 640 1189 aliquotiens
664 1126 682 1167 a
702 1106 907 1189 scriptoribus
925 1105 1148 1189 imperfectum
1163 1104 1248 1188 poni,

115 1231 178 1273 nou
203 1219 238 1272 ut
260 1209 442 1292 simpliciter
466 1208 609 1272 condicio
634 1210 664 1271 in
690 1216 814 1293 tempus
839 1210 1046 1293 praeteritum
1066 1210 1248 1291 reiceretur,

116 1312 200 1397 quod
224 1313 342 1376 lactum
367 1318 450 1376 esset
473 1313 672 1376 coniunctivo
690 1312 794 1396 plusq.
812 1313 928 1395 posito,
951 1312 1007 1375 sed
1033 1319 1067 1375 ut
1090 1313 1248 1377 actionem

115 1416 146 1478 in
183 1415 356 1498 praeterito
395 1413 509 1477 durare
553 1414 755 1478 indicaretur.
816 1414 895 1478 Eius
940 1415 1075 1497 vestigia
1119 1421 1249 1478 secutus

113 1518 289 1584 Kuehner²
321 1518 429 1581 docuit
459 1518 693 1581 coniunctivum
723 1516 810 1601 impr.
840 1518 884 1580 sic
912 1518 1026 1582 sociari
1062 1539 1133 1582 cum
1168 1519 1247 1583 coni.

115 1624 227 1707 plusq,
257 1629 293 1684 ut
323 1627 423 1685 status
446 1621 476 1683 in
501 1620 674 1703 praeterito
698 1620 748 1684 vel
776 1621 860 1684 actio
892 1627 959 1684 tum
987 1620 1104 1685 durans
1132 1622 1249 1705 signifi·

117 1731 251 1789 caretur.

220 1827 340 1890 Verum
385 1846 425 1888 no
465 1825 560 1908 plane
600 1825 792 1889 coniunctivi
832 1847 960 1891 sensum
1006 1835 1250 1910 assequerentur

116 1930 259 1994 homines
283 1929 377 2010 docti,
401 1949 438 1991 ea
460 1929 659 2012 potissimum
681 1929 907 2012 impedimento
924 1929 1061 2009 luerunt,
1085 1951 1165 2014 quae
1182 1938 1250 1995 tum

116 2032 156 2097 de
178 2031 340 2097 indicativi
369 2032 456 2115 impl.
480 2040 593 2094 natura
614 2033 710 2094 stetui
732 2031 890 2096 solebant.
937 2031 1003 2096 Nos
1033 2035 1148 2097 rectius
1176 2057 1247 2099 oum

121 2135 295 2199 Wetzelio3
324 2134 429 2198 lacere
455 2134 608 2212 videmur,
635 2134 688 2218 qui
713 2133 844 2198 Curtio⁴
874 2133 1085 2220 adstipulatus
1115 2140 1250 2222 sumpsit

117 2238 300 2322 imperfecto
339 2246 482 2321 tempore
519 2238 703 2321 simpliciter
741 2238 927 2321 significari,
964 2240 1031 2304 ficri
1066 2240 1183 2324 aliquid
1216 2243 1249 2304 in

118 2350 262 2425 tempore
293 2340 487 2424 praeterito;
518 2361 577 2405 nec
606 2347 712 2404 tamen
743 2360 812 2404 eam
841 2343 882 2405 ab
912 2342 1000 2405 initio
1031 2344 1099 2407 eius
1128 2343 1250 2409 formae

118 2445 216 2508 fuisse
238 2445 312 2525 vim,
336 2451 370 2507 ut
393 2445 551 2507 actionem
575 2443 744 2508 durantem
767 2445 819 2508 vel
848 2449 1017 2528 repetitam
1048 2448 1250 2530 exprimeret.

118 2548 225 2630 Atque
242 2547 355 2610 eadem
371 2553 418 2610 est
434 2549 572 2629 genuina
588 2549 782 2612 coniunctivi
797 2551 950 2633 temporis
967 2550 1062 2625 notio,
1087 2570 1167 2632 quae
1186 2572 1250 2615 eer-

118 2655 191 2711 vata
214 2655 262 2712 est
283 2650 314 2711 iu
337 2650 374 2711 iis
392 2650 560 2713 enuntiatis
584 2650 861 2733 condicionalibus,
885 2652 917 2714 in
941 2652 1056 2734 quibus
1076 2654 1251 2716 coniuncti·

117 2771 176 2813 vus
198 2752 251 2814 illa
275 2753 437 2836 praeteriti
464 2755 615 2836 temporis
645 2754 873 2837 significatione
902 2754 1064 2837 praeditus
1099 2757 1246 2822 cernitur.

649 3012 719 3093 §a

224 3164 382 3239 Quoniam
406 3174 543 3249 quantus
566 3169 608 3231 sit
630 3189 780 3231 numerus
799 3187 909 3231 eorum
926 3167 1096 3252 dequibus
1113 3169 1251 3235 diximus

120 3271 356 3335 enuntiatorum
381 3269 643 3334 condicionalium
666 3270 751 3357 apud
768 3271 917 3334 Plautum
943 3279 973 3335 et
993 3293 1074 3356 quae
1090 3275 1251 3356 praeteriti

120 3374 206 3436 notio
230 3373 394 3436 inhaereat
417 3373 616 3436 coniunctivo
633 3374 721 3457 impl.
738 3374 978 3457 explicavimus,
1002 3395 1063 3457 age
1078 3374 1251 3452 videamus,

120 3484 274 3560 quantum
291 3474 500 3540 Ciceroniana
521 3476 719 3540 consuetudo
743 3476 928 3540 aPlautina
950 3476 1053 3541 distet.
1097 3479 1202 3561 Atque
1219 3480 1251 3542 iu

119 3579 181 3642 illis
206 3579 402 3642 orationibus
428 3579 469 3641 ab
486 3579 616 3643 Halmio
641 3579 732 3643 editis
748 3582 811 3642 212
835 3581 1000 3661 enuntiata
1022 3580 1252 3645 condicionalis

119 3684 238 3764 insunt,
269 3702 402 3765 quorum
435 3683 467 3768 in
497 3689 630 3766 utraque
654 3689 745 3767 parte
768 3689 824 3745 aut
856 3683 1158 3767 plusquamperfecti
1181 3705 1253 3748 con·

119 3786 274 3849 inactivus
304 3790 359 3848 aut
388 3787 469 3849 coni.
492 3785 579 3869 impf.
603 3786 778 3870 praesentis
809 3786 1073 3869 significationem
1105 3785 1252 3852 redolens

225 3981 233 4014 ¹
254 3979 286 4029 G.
304 3977 334 4028 Τ.
355 3977 386 4028 Α.
405 3975 537 4040 Kruoger,
562 3975 807 4051 Untersuchungen
833 3992 882 4028 aus
910 3975 970 4026 dem
993 3975 1106 4027 Gabiate
1132 3975 1180 4026 der
1205 3977 1251 4028 lat.

121 4064 312 4131 Spraelrlelvre,
330 4062 424 4113 loscio.
443 4060 472 4111 II
492 4078 517 4125 p.
536 4059 588 4113 212
606 4078 666 4128 sqq.

224 4148 389 4208 ²Kuelvner,
409 4147 486 4198 Ausi.
506 4148 624 4198 (irenam.
644 4147 692 4198 der
711 4148 758 4199 lat.
780 4150 838 4214 Spr.
857 4147 918 4198 112
937 4144 952 4211 §
971 4145 1029 4211 215,
1047 4148 1064 4200 2
1083 4164 1108 4213 p.
1127 4145 1187 4200 929.

225 4235 235 4268 ³
256 4235 368 4292 wetzel,
387 4232 514 4296 Beitrtige
532 4249 579 4283 zur
598 4233 686 4284 Lehre
703 4250 754 4284 von
776 4233 824 4284 der
843 4249 949 4284 conseo.
969 4236 1050 4299 temp.
1070 4250 1096 4298 p.
1114 4231 1150 4285 ‘20
1167 4250 1225 4301 sqq.

223 4320 235 4355 ⁴
254 4319 285 4371 G.
305 4318 421 4381 Curtius,
443 4319 496 4368 Das
515 4317 636 4368 Verbum
655 4321 703 4369 der
722 4320 825 4384 grisoli.
844 4319 963 4384 Spraohe
982 4319 995 4370 1
1014 4334 1039 4384 p.
1064 4318 1109 4369 rot
1128 4333 1187 4386 sqq.
