2956 4822
220 306 269 370 aa
744 304 835 388 [rsa]

215 497 280 576 92),
303 496 332 559 in
358 519 396 559 oo
413 518 477 561 non
492 495 721 560 inhaerendum
738 503 796 577 est,
818 496 899 562 leuis
914 498 999 561 enim
1015 497 1168 561 sermonis
1189 494 1352 560 sollemnis

216 602 393 666 immutatio
430 603 576 665 uidetur:
610 603 686 686 quin
721 603 817 665 etiaim
853 602 1095 665 inconstantiam
1130 599 1291 684 quandam
1324 607 1355 662 et

214 705 451 789 neglegentiam
483 706 585 769 inesse
613 705 778 770 ltoecklrio
802 705 984 787 concedam,
1010 705 1183 770 dummodo
1204 706 1357 778 κατοίκους

215 809 333 873 milites
355 809 463 890 fuisso,
488 831 550 872 non
577 811 661 872 ciues
678 819 797 886 teneas,
821 809 941 894 quippe
966 811 1018 895 qui
1035 811 1065 873 in
1082 810 1180 885 ἱππεῖς
1196 816 1227 872 et
1246 803 1357 883 πεζοίς

214 912 266 976 uel
291 912 477 996 στρατιώτας
501 913 604 994 diuisi,
630 934 733 997 neque
757 914 788 976 in
812 913 923 991 tribus,
947 914 1003 977 sed
1021 914 1051 977 in
1069 914 1219 978 cohortes
1235 920 1267 974 et
1283 931 1355 973 cen·

215 1017 313 1081 turias
336 1015 493 1098 (ταὶγματα
516 1040 546 1080 v.
569 1020 620 1081 46.
655 1015 898 1099 καταλοχισμούς
913 1021 965 1080 45.
981 1018 1037 1097 ll)
1059 1017 1220 1081 distributi
1237 1021 1353 1078 essent.

317 1121 425 1204 Atque
448 1122 588 1186 colonias
605 1121 756 1184 militares
775 1121 816 1184 ab
833 1121 1018 1187 Alexandro
1035 1122 1065 1184 in
1082 1120 1161 1207 Asia
1179 1119 1354 1204 superiore,

216 1222 331 1286 deinde
354 1224 393 1287 ab
418 1225 485 1288 eius
508 1224 747 1289 successoribus
771 1226 801 1287 in
829 1225 973 1290 omnibus
997 1226 1080 1289 illius
1104 1225 1191 1309 regui
1211 1221 1355 1308 partibus

216 1327 366 1412 plurimas
392 1328 534 1391 conditas
559 1349 627 1391 esse
653 1333 793 1392 constat:
818 1349 952 1412 quarum
977 1331 1146 1412 plerasque
1166 1327 1356 1410 Droysenus

216 1430 344 1513 collegit
366 1430 419 1494 ΙΙΙ
436 1434 465 1509 2,
492 1433 551 1495 187
569 1452 636 1515 sqq.
683 1431 793 1506 Qualis
817 1440 924 1497 autem
946 1433 1071 1495 illarum
1088 1431 1231 1496 condicio
1249 1428 1356 1506 fuerit,

215 1555 287 1596 curn
311 1536 471 1618 expressis
495 1535 601 1600 uerbis
622 1556 644 1596 a
670 1535 833 1600 ueteribus
866 1536 1074 1622 scriptoribus
1106 1535 1257 1599 traditum
1291 1553 1355 1595 non

216 1639 266 1721 sit,
290 1660 331 1702 ex
354 1639 416 1703 hoo
433 1641 501 1724 ipso
519 1640 611 1731 titulo
629 1641 817 1724 comparatis
834 1641 960 1726 Polybii
977 1660 1058 1723 quae
1076 1640 1170 1703 citaui
1185 1638 1292 1703 uerbis
1309 1635 1354 1717 (V

217 1744 267 1821 65,
293 1742 345 1823 10)
369 1742 409 1808 de
432 1764 470 1807 ea
493 1766 526 1807 re
551 1743 669 1828 aliquid
695 1743 779 1808 effici
803 1765 897 1829 posse
923 1744 1059 1808 uidetur.
1106 1743 1187 1807 Nam
1217 1743 1355 1825 primum

218 1845 346 1929 quidem
381 1870 399 1912 e
432 1847 567 1933 Polybio
602 1846 633 1909 id
673 1847 838 1930 colligam,
873 1847 914 1911 ad
949 1848 1093 1911 militiam
1128 1844 1353 1931 praestandam

166 1988 167 1991 =
217 1950 349 2014 colonos
374 1950 531 2034 obligatos
555 1950 671 2014 fuisse:
701 1969 780 2032 quos
812 1956 916 2014 autem
945 1950 997 2013 ille
1029 1956 1257 2015 commemorat
1287 1951 1353 2011 ἑπι-

218 2052 332 2135 γὸναυς,
362 2056 443 2121 filios
474 2055 661 2120 colonorum
691 2075 759 2119 esse
772 2057 790 2121 ¹.
837 2056 994 2129 Quicum
1025 2056 1136 2119 eadem
1162 2053 1356 2136 obligatione

217 2160 319 2222 teneri
342 2159 522 2236 uideantur,
548 2167 578 2222 et
601 2159 744 2222 militiam
768 2167 800 2222 et
819 2179 914 2241 agros
931 2158 1083 2221 militibus
1099 2158 1159 2220 illis
1176 2156 1354 2240 assignatos

217 2261 430 2328 hereditarios
447 2261 544 2326 fuisse
563 2282 719 2326 censeam.
734 2298 772 2307 —-
787 2261 913 2324 Deinde
930 2263 975 2324 eis
991 2261 1226 2326 condicionibus
1239 2260 1354 2343 quibus

217 2374 346 2451 pactum
373 2366 454 2429 inter
484 2366 678 2451 Smyrnaeos
709 2373 741 2429 et
768 2365 935 2449 Magnetes
965 2366 1123 2444 conuenit,
1155 2372 1228 2448 post
1257 2361 1354 2425 fidem

218 2469 354 2534 Seleuco
378 2468 482 2534 denuo
507 2469 753 2554 promittendam
769 2469 870 2555 primo
888 2470 958 2533 loco
976 2469 1144 2552 Magnetes
1162 2468 1354 2551 obligantur,

218 2578 254 2636 ut
270 2594 308 2637 ca
324 2595 406 2658 quae
423 2575 604 2658 acceperint
620 2595 638 2637 a
654 2595 740 2657 rege,
764 2575 849 2637 omni
866 2573 1030 2656 diligentia
1049 2572 1201 2658 praestita
1224 2582 1354 2634 seruent

219 2685 251 2742 et
282 2679 349 2762 regi
379 2680 563 2743 restituant:
594 2679 713 2742 scilicet
744 2679 870 2764 quando
902 2679 1038 2762 primunr
1066 2677 1187 2742 restitui
1220 2677 1355 2759 possint,

219 2803 290 2846 curn
315 2803 353 2846 eo
376 2783 445 2866 ipso
463 2790 606 2866 ternpore
623 2790 656 2846 et
671 2804 729 2846 rex
745 2784 813 2865 ipse
829 2783 940 2867 procul
956 2782 1049 2864 absit,
1075 2791 1105 2846 et
1121 2780 1243 2866 Lydiae
1265 2800 1355 2863 pree·

217 2885 318 2950 fectus
348 2885 535 2951 Alexander
567 2907 586 2949 a
613 2906 690 2966 rege
721 2884 874 2950 defecerit
898 2885 954 2968 (cf.
972 2908 1002 2970 p.
1021 2889 1060 2949 75
1084 2884 1157 2948 adn.
1175 2886 1219 2955 b).
1264 2883 1355 2956 Quae

218 2999 325 3053 autem
358 2997 432 3053 sunt
464 3011 502 3054 ea
537 3011 618 3074 quae
652 2990 753 3054 coloni
788 3012 807 3053 a
841 3011 916 3073 rege
950 2988 1165 3074 acceperant?
1218 2990 1270 3049 An
1303 3008 1354 3050 res

219 3093 382 3178 quaelibet
411 3094 462 3158 uel
485 3094 639 3178 pecuniae
670 3115 779 3157 eorum
804 3093 879 3156 fidei
911 3091 1118 3157 commissae?
1170 3092 1215 3154 At
1245 3092 1353 3155 hostes

218 3197 301 3282 regis
316 3197 443 3263 fuerant
460 3197 630 3281 Magnetes
647 3219 747 3282 usque
764 3197 804 3260 ad
822 3197 883 3262 lroc
897 3199 1002 3283 ipsum
1021 3207 1163 3284 tempus:
1186 3206 1355 3282 praeterea

218 3322 290 3366 cum
314 3301 384 3388 ipso
407 3302 474 3366 iure
497 3302 538 3365 ad
560 3302 637 3366 talia
661 3301 863 3368 restituenda
887 3303 1019 3386 obligati
1042 3302 1187 3384 fuissent,
1212 3305 1265 3366 uix
1289 3309 1353 3365 tam

217 3407 332 3491 insigni
361 3408 431 3471 loco
462 3408 556 3492 pacti,
586 3408 696 3471 sedin
730 3407 870 3495 παρέργῳ
901 3410 1008 3492 potius
1040 3430 1078 3472 ee
1109 3416 1355 3472 commemorata

218 3531 288 3575 esse
312 3512 516 3596 expectabas.
564 3512 671 3596 Atque
697 3534 767 3575 cum
786 3513 951 3596 Magnesia
975 3513 1022 3576 sui
1040 3514 1114 3577 iuris
1131 3534 1200 3576 esse
1220 3510 1354 3587 desinat,

218 3614 383 3698 Magnetes
400 3616 431 3679 in
447 3616 588 3700 singulas
605 3618 853 3702 Smyrnaeorum
871 3617 969 3680 tribus
987 3617 1227 3700 distribuantur,
1253 3636 1356 3700 neque

218 3719 352 3803 amplius
376 3721 441 3784 suis
465 3721 704 3803 magistratibus
729 3728 874 3803 utantur,
906 3721 1103 3806 probabilius
1125 3729 1213 3802 erat,
1243 3720 1354 3804 Smyr-

217 3842 370 3887 naeorum
395 3825 639 3906 magistratuum
664 3825 757 3907 fidei,
782 3827 863 3889 sicut
885 3825 1077 3910 praesidium
1101 3833 1133 3888 et
1158 3826 1264 3889 claues
1289 3824 1355 3886 lla·

218 3925 346 4008 gnosiae
366 3928 476 4011 ipsius,
501 3928 569 3992 illas
585 3950 636 3993 res
653 3928 787 3992 traditas
804 3930 913 4009 fuisse,
937 3930 962 3993 si
979 3930 1183 3993 traditionem
1200 3950 1250 3992 res
1266 3928 1354 4012 ipsae

217 4050 332 4112 passae
362 4039 476 4097 essent.
522 4033 635 4117 ltaque
666 4033 705 4096 de
736 4034 823 4097 nulla
855 4033 917 4098 alia
949 4056 982 4097 re
1006 4034 1089 4098 hunc
1120 4035 1225 4098 locum
1256 4035 1352 4098 inter·

324 4282 329 4310 ¹
352 4279 498 4345 Perperam
515 4282 672 4347 Droyscnus
685 4278 740 4344 (Do
753 4281 916 4346 Lagidnrum
931 4299 1014 4346 regno
1031 4300 1054 4347 p.
1066 4282 1098 4337 ‘lt
1113 4281 1175 4338 adn.
1188 4283 1215 4343 ‘lt
1236 4291 1355 4336 aetolaus

221 4362 256 4419 ad
277 4367 390 4440 Sequor,
408 4368 533 4438 ἐπιγόνων
550 4368 585 4420 ad
605 4369 725 4423 Γαλατῶν
742 4370 881 4438 pertinere
900 4370 1013 4425 censuit.
