2954 4808
660 285 754 370 [rae]
1237 287 1278 352 ss

139 533 146 549 .
171 535 179 548 .
203 530 211 546 .
230 480 388 566 pecudum
410 481 476 544 ritu
499 479 645 543 inertium
671 477 894 555 trucidantur3
920 478 969 542 18.
988 478 1052 559 7,5
1077 483 1110 540 ot
1133 475 1187 540 nbi
1206 477 1282 541 solis

135 587 241 652 racliis
263 586 422 651 exarserit
444 590 575 668 tempus,
599 631 606 646 .
632 634 639 648 .
665 633 672 648 .
696 582 834 664 (leones)
867 584 1056 666 aqitontur3
1084 582 1136 645 22.
1163 582 1212 659 lb,
1238 581 1281 644 20

136 691 248 756 audon
278 697 381 767 tomen
415 687 591 753 crocodilus
617 691 792 752 monstrum
820 673 1011 769 inpacibum
1042 682 1096 750 ubi
1126 684 1281 750 audacem

136 796 277 875 senserit,
301 793 545 858 timidissimum.

244 900 274 963 4.
307 904 367 980 ut,
389 899 756 985 quotienscumque
779 915 850 960 oum
872 894 1017 980 perfecto
1046 893 1096 958 vel
1120 893 1281 978 praesenti

139 1003 249 1066 iuncta
270 1022 334 1066 non
358 1001 573 1067 inveniuntur.

242 1109 272 1171 5.
304 1104 644 1172 Enuntiationes
667 1102 880 1168 relativae
910 1103 1075 1189 (quisquis,
1098 1103 1282 1188 quicunque,

138 1211 205 1296 qui)
230 1210 410 1275 iterativum
434 1210 499 1274 vim
521 1209 712 1293 praebentes
736 1227 806 1271 cum
827 1204 964 1292 'perfecti
981 1206 1183 1271 coniunctim
1207 1226 1281 1270 con·

138 1320 322 1380 struuntur:
354 1316 405 1379 23.
438 1317 469 1396 4,
492 1317 512 1377 5
536 1333 628 1377 muro
660 1332 753 1377 succo
776 1312 869 1376 buius
895 1310 981 1376 meat
1008 1311 1103 1375 moles
1133 1311 1283 1394 imposita

138 1419 282 1483 disiectat
304 1417 457 1504 quidquid
479 1419 632 1481 invaserit
654 1414 760 1480 subter
784 1416 982 1495 concussione
1005 1414 1159 1492 oiolenta;
1183 1413 1235 1477 23.
1252 1415 1282 1494 4,

142 1524 180 1586 12
205 1527 414 1586 conseruntur
437 1527 540 1585 autem
563 1523 628 1585 einos
647 1517 844 1603 frontalibus
868 1571 874 1584 .
899 1567 907 1582 .
932 1568 939 1583 .
964 1516 1183 1601 cuspides...
1203 1537 1282 1600 pon·

139 1625 266 1690 cleribus
287 1625 406 1709 ferreis
427 1644 553 1708 proces,
571 1674 578 1689 .
595 1673 628 1689 ..
652 1630 687 1688 ut
706 1621 854 1709 quioquid
867 1622 991 1705 petierit
1014 1621 1131 1685 aculeis
1156 1622 1284 1685 essentis

140 1729 329 1812 obrurnpot3
361 1730 412 1792 23.
436 1731 466 1810 6,
492 1731 530 1793 17
554 1731 595 1791 lu
616 1726 666 1791 bis
683 1728 781 1810 papis
804 1725 911 1790 biatus
940 1745 1058 1811 quoque
1090 1727 1284 1809 conspicitur

140 1839 254 1912 terrae,
278 1831 361 1897 uncle
382 1833 500 1897 balitus
523 1831 626 1898 letalis
646 1850 818 1917 cusrorqcns
840 1831 1052 1917 quodcumque
1075 1830 1197 1894 animal
1205 1848 1285 1912 pro·

142 1939 223 2002 sinu
246 1939 364 2002 steterit
386 1936 481 2002 odore
502 1939 598 2022 praei
619 1938 785 2002 consumit.

242 2041 281 2105 B.
325 2039 470 2106 Alteram
502 2043 606 2126 legem
631 2038 848 2106 Dederiohsus
871 2038 953 2104 hano
982 2039 1047 2104 iere
1079 2037 1206 2102 statuit:
1240 2036 1284 2102 In

140 2148 183 2209 eis
206 2147 378 2211 enuntiatis
400 2144 668 2210 condicionalibus
692 2144 767 2227 (neo
790 2165 854 2208 non
877 2144 911 2207 in
934 2141 1176 2229 temporalibus,
1202 2141 1284 2207 rela-

140 2249 236 2331 tivis),
260 2269 339 2336 quae
354 2251 514 2332 pertinent
537 2249 581 2312 ad
606 2269 657 2313 res
678 2249 854 2332 praeterito
877 2254 1013 2331 tempore
1036 2266 1104 2309 oere
1125 2245 1234 2327 factos
1257 2253 1286 2311 ct

139 2354 288 2416 iteratam
310 2352 423 2416 baberet
444 2354 716 2437 siqnificationem‚
739 2350 958 2435 imperfectum
978 2351 1025 2415 oel
1044 2349 1286 2436 plusquamper-

137 2456 259 2539 fectum
285 2457 475 2521 coniuuetiot
505 2455 681 2522 adhibetur.
727 2454 771 2520 In
802 2455 935 2538 spaciosi
960 2455 1144 2540 plerumque
1171 2456 1285 2536 imper-

133 2559 259 2643 sectum
286 2561 455 2625 invenitur.
502 2559 562 2624 Cui
589 2560 669 2624 haec
701 2557 850 2624 addenda
881 2565 974 2622 sunt:
1005 2558 1157 2642 primum,
1188 2558 1285 2641 parti·

142 2664 245 2726 culam
269 2683 338 2726 oum
360 2683 517 2748 nusquam
542 2684 614 2746 cum
636 2661 951 2748 plusquamperfecto
975 2660 1136 2742 construi3
1169 2658 1285 2725 deinde

143 2766 367 2830 coniunctione
390 2764 443 2829 ubi
466 2766 514 2830 bis
539 2787 611 2830 oum
642 2764 821 2850 imperfecti
845 2763 1054 2846 coniunctius,
1084 2764 1181 2829 semel
1213 2783 1285 2828 oum

141 2866 313 2933 indicativo
337 2890 431 2932 usum
449 2890 520 2933 esse
536 2868 759 2946 Ammianum;
775 2868 913 2952 denique
928 2867 1117 2953 particulam
1132 2874 1167 2932 ut
1186 2867 1286 2932 semel

143 2993 216 3037 cum
238 2971 422 3058 indicativo,
444 2994 607 3059 nunquam
631 2994 702 3037 oum
727 2972 926 3071 coniunctivo
954 2991 1110 3036 conexam
1141 2971 1285 3037 inveniri.

245 3075 405 3161 Exempla
426 3084 501 3141 sunt
523 3076 622 3140 haec:

247 3186 275 3247 1.
308 3182 359 3246 De
375 3183 409 3246 si
424 3180 462 3246 cs.
478 3179 696 3247 Dederiohsus
712 3201 786 3265 pag.
803 3182 833 3245 9.
850 3181 898 3262 10,
915 3177 1164 3244 Hassensteinus
1185 3200 1216 3264 p.
1233 3182 1285 3245 43.

245 3287 274 3349 2.
309 3284 420 3350 Cum:
455 3283 717 3371 Imperfeoti
754 3283 1085 3349 coniunctivus:
1119 3285 1166 3347 14.
1198 3284 1234 3364 2,
1265 3285 1285 3348 2

141 3411 304 3477 quoscum
325 3392 358 3454 in
381 3410 525 3454 soranum
547 3391 697 3454 sentirent
720 3388 859 3474 effusos.
880 3438 912 3453 ..
938 3386 1052 3452 eisclem
1073 3388 1188 3451 sensim
1208 3386 1288 3452 nibil

143 3493 344 3579 opinantibus
376 3493 586 3575 adsistebant3
619 3495 669 3558 21.
700 3494 749 3571 16,
781 3494 801 3557 6
833 3510 941 3557 somno
971 3496 1131 3555 contentus
1163 3492 1287 3574 cuique,

145 3620 216 3663 oum
230 3597 265 3662 iel
276 3605 418 3681 posceret
434 3605 555 3681 tempus
573 3605 600 3662 et
622 3599 725 3680 ratio;
750 3599 800 3662 27.
818 3598 849 3679 4,
869 3595 1161 3678 9;27.11,2;27.
1180 3596 1230 3676 12,
1249 3599 1288 3659 14

143 3701 249 3786 Sapor
279 3703 453 3766 inmensum
483 3707 638 3787 quantum
669 3707 794 3765 astutus
825 3706 872 3779 et,
904 3717 975 3761 cum
1006 3695 1064 3760 sibi
1095 3696 1288 3782 conduceret,

142 3807 271 3872 bumilis
293 3812 350 3869 out
372 3806 484 3872 elatus.

246 3911 276 3975 3.
315 3907 407 3973 Ubi:
437 3906 700 3995 Imperfeoti
733 3904 1066 3971 coniunctivus:
1101 3906 1151 3970 27.
1184 3907 1240 3985 11,
1270 3907 1290 3969 2

142 4021 211 4079 erot
235 4060 243 4078 .
267 4063 275 4078 .
300 4060 308 4076 .
330 4009 385 4076 ubi
403 4020 543 4095 poneret,
568 4014 653 4077 muni
674 4011 826 4076 humilior
848 4030 945 4075 socco.

245 4106 627 4200 Pl'usquamperieoti
650 4112 935 4179 coniunctivus:
968 4114 1019 4177 25.
1044 4114 1075 4195 4,
1098 4113 1117 4175 5
1141 4109 1195 4176 ubi
1216 4130 1289 4177 oero

143 4223 259 4306 cuique
275 4217 453 4284 dormiendi
474 4222 573 4305 quiete
586 4224 757 4284 recreasset
780 4237 895 4300 corpus
912 4213 1073 4281 laboribus
1089 4214 1288 4299 induratum,

144 4323 383 4410 euperqefoctus
406 4323 664 4407 explorabat...
689 4320 875 4409 oipiliarum
896 4322 978 4386 oices
1000 4327 1028 4385 et
1050 4321 1232 4386 stationum.
