3030 4816
695 307 786 391 [sno]
910 252 914 258 ’
1269 316 1308 377 rr

172 502 300 584 dieitur,
324 503 536 566 contaminari
558 523 621 565 non
637 501 741 566 decere
758 502 911 582 fabulas:
936 525 1127 590 quamquam
1144 506 1175 570 id
1192 529 1302 573 vereor

174 614 210 672 ut
233 629 273 672 en
297 607 454 672 sententia
476 608 679 671 inimicorum
702 607 842 672 Terentii
865 609 1065 693 protulerit.¹

278 711 385 797 Atque
412 712 580 776 artificium
611 711 688 775 illud
722 712 846 776 diverso
878 712 971 777 modo
999 713 1176 778 adhibitum
1200 737 1309 782 ossea

174 819 274 905 poetis
297 819 420 902 etipsa
443 816 584 881 Terentii
606 817 638 879 in
661 815 800 900 prologis
826 817 923 880 verba
947 823 1103 881 testantur
1126 826 1157 882 et
1179 818 1308 885 fabulae

174 927 368 991 confirmant.
413 921 590 986 Audiamus
612 922 734 1004 ipsum:

279 1045 309 1126 1)
333 1044 455 1110 Andr.
479 1044 557 1128 prol.
583 1061 613 1108 v.
637 1044 657 1106 9
681 1063 741 1127 sq.t

301 1167 479 1233 Menander
499 1166 578 1247 fecit
600 1164 761 1228 Andriam
784 1171 812 1228 et
834 1164 1042 1235 Perinthiam.

300 1273 362 1354 Qui
383 1271 542 1335 utramuis
564 1276 644 1333 recte
665 1271 760 1348 norit,
778 1270 893 1333 ambas
916 1262 1055 1335 nouerit:

300 1376 375 1443 Non
396 1376 444 1438 ito
467 1375 615 1438 dissimili
636 1380 710 1436 sunt
733 1380 928 1457 arqumento,
952 1381 980 1437 et
1002 1380 1107 1440 tamen

300 1480 460 1544 Dissimili
482 1480 625 1543 oratione
646 1485 720 1541 sunt
735 1477 850 1559 sactae
872 1499 910 1541 ac
931 1480 1013 1545 stilo.

300 1586 388 1666 Quae
411 1604 580 1648 conuenere
604 1585 638 1646 in
661 1581 823 1645 Andriam
845 1591 882 1646 eo'c
906 1582 1073 1647 Perinthia

302 1689 440 1754 Fatetur
462 1688 663 1751 transtulisse
686 1693 778 1771 atque
799 1706 892 1750 usum
910 1708 973 1770 pro
996 1690 1072 1752 suis.

258 1810 382 1876 Fabula
404 1809 503 1873 latina
526 1809 622 1893 igitur
646 1829 687 1872 ex
710 1807 865 1872 duabus
888 1809 1117 1874 comoediis
1133 1809 1308 1876 Graecis

173 1917 307 1982 oonflats
329 1920 385 1978 est.

275 2032 311 2119 2)
335 2032 516 2098 Eunuoh.
542 2033 620 2116 prol.
643 2052 673 2095 v.
700 2033 739 2094 19
762 2052 827 2117 sq.:
902 2000 903 2003 Ἴ

643 2175 737 2238 quam
760 2174 843 2217 nunc
865 2156 971 2217 acturi
992 2173 1102 2218 sumus

299 2261 474 2326 Menandri
496 2259 696 2337 Eunuchum,
719 2267 884 2343 postquam
908 2259 1024 2336 aediles
1046 2267 1195 2341 emerunt,

258 2399 260 2403 v
300 2365 441 2449 Perfecit
463 2363 524 2429 sibi
546 2371 580 2428 ut
602 2363 799 2448 inspiciundi
822 2370 898 2427 esset
921 2366 1022 2447 copia.

298 2470 514 2552 Mooistratus
537 2490 627 2555 quom
650 2468 694 2532 ibi
715 2468 846 2548 adesset,
870 2475 1024 2552 occeptost
1047 2471 1112 2554 aqi.

301 2574 471 2639 Exclamat
490 2575 607 2657 furem,
631 2594 695 2637 non
716 2579 839 2656 poetam
860 2573 1008 2655 subulam

300 2679 435 2744 Dedisse
457 2685 485 2743 et
507 2678 587 2742 niliil
609 2678 729 2741 dedisse
752 2677 917 2762 uerborum
942 2685 1065 2742 tamen:

302 2781 444 2848 Colacem
466 2802 530 2847 esse
551 2781 657 2847 Naeui
679 2788 706 2846 et
730 2781 850 2862 Plauti,
874 2788 1005 2845 ueterem
1018 2781 1182 2864 sedulam,

302 2887 448 2952 Parasiti
468 2906 637 2969 personam
660 2885 734 2949 inde
758 2884 897 2948 adlatam
919 2891 947 2948 et
969 2886 1089 2949 militis.

301 2993 337 3056 Si
359 2991 394 3054 id
416 2997 459 3055 est
481 2996 652 3073 peccatum,
675 2995 837 3072 peccatum
859 2989 1097 3072 inprudentiast

301 3096 425 3177 Poetae,
448 3115 510 3158 non
534 3115 593 3179 quo
611 3093 741 3175 furtum
760 3092 872 3175 sarcre
895 3092 1062 3159 studuerit.

299 3202 342 3265 Id
364 3202 411 3264 ita
434 3219 576 3265 essenos
600 3202 663 3261 iam
686 3199 829 3263 iudicare
848 3199 1004 3281 poteritis.

301 3303 401 3369 Coloe
416 3303 644 3367 Menandrist:
666 3304 700 3365 in
723 3310 789 3366 east
807 3303 978 3386 parasitus
1001 3303 1092 3365 colae

298 3407 342 3472 m
364 3407 452 3471 miles
474 3408 650 3490 qloriosus:
673 3427 728 3470 eos
750 3427 782 3470 se
803 3424 866 3469 uon
888 3412 983 3489 neqot

301 3511 461 3576 Personas
484 3509 685 3574 transtulisse
707 3511 742 3573 in
766 3508 954 3573 Eunuchum
976 3529 1068 3574 suam

301 3607 353 3679 Mu
374 3614 501 3679 Graeca
523 3621 582 3679 eto.
674 3625 678 3633 '

276 3861 283 3895 ¹
304 3860 431 3927 Singulas
460 3860 611 3912 sententias
637 3848 670 3910 'ex
696 3859 750 3910 atio
776 3859 911 3924 scriptore
936 3860 1051 3910 mutuari
1077 3862 1168 3912 nullus
1187 3878 1305 3928 unquam

172 3958 293 3998 votorum
327 3944 478 4006 dubitavit,
505 3944 590 3995 voluti
624 3941 755 3995 Afranius
786 3944 882 3995 solitus
913 3951 973 3997 erat
1002 3945 1078 3995 tooos
1110 3946 1241 4014 quosdam
1264 3934 1306 3999 ¹de

172 4032 322 4084 Menandro
342 4016 503 4087 transferre.
524 4038 606 4098 atquo
626 4029 660 4081 ds
680 4047 708 4081 se
728 4033 785 4098 ipss
804 4032 915 4096 scripsit
935 4031 966 4082 tr.
987 4047 1010 4082 r,
1029 4029 1064 4082 25
1082 4048 1122 4098 sq.
1141 4033 1237 4085 niba:

474 4117 578 4183 fateor,
596 4122 703 4186 sumpsi
724 4136 778 4172 non
796 4119 829 4170 ab
848 4118 894 4171 illo
912 4118 999 4183 modo,

378 4207 425 4257 sed
442 4210 472 4255 ut
489 4208 601 4273 quisque
620 4205 722 4272 lralnit,
739 4208 896 4259 conueniret
914 4205 983 4273 quod
1000 4205 1078 4271 milri,

377 4293 448 4361 quod
465 4309 505 4344 me
519 4307 572 4345 non
587 4307 668 4362 posse
687 4293 785 4349 melias
797 4291 894 4363 fucere
911 4291 1024 4361 credidi,

378 4383 456 4432 oliam
477 4399 494 4434 a
514 4382 621 4434 Latino.
