2954 4808
675 269 767 356 [sm]
1252 276 1287 337 11

152 469 264 552 μέτρου
287 474 390 534 ποδῶν
413 468 471 550 (=
496 466 816 554 Pseudo-Hephaest.
842 466 859 548 ξ
882 465 952 549 20),
981 466 1049 547 napi
1073 470 1128 530 τοῦ
1149 463 1289 550 ἡρωϊκοῦ

153 571 278 656 μέτρου,
301 576 367 654 περὶ
391 579 447 638 τοῦ
469 575 641 654 ἒλεγενακοῢ
654 570 782 656 μέτρου,
805 574 871 652 περὶ
887 575 943 633 τοῦ
961 567 1198 650 ἀνακρεοντείου,
1221 572 1290 651 περὶ

153 685 211 741 τοῦ
232 679 375 758 lautissimi
394 674 521 760 μέτρου,
544 674 587 740 ἔτι
611 677 681 759 περὶ
705 680 760 738 τοῦ
781 677 923 755 inflatissimi
937 672 1062 754 με’τρου,
1086 695 1167 759 quae
1185 675 1291 760 capita

155 782 261 846 omnia
277 802 294 846 e
312 779 523 845 Studemundi
540 779 674 860 schedis,
699 800 770 842 oum
794 779 927 844 comiter
947 777 979 842 id
995 777 1070 842 milri
1086 777 1294 862 permisisset,

152 885 235 950 inira
258 885 288 948 iu
305 883 491 969 Appendice
516 882 615 966 edidi3
640 882 782 968 inscripsi
798 880 995 968 ‘Anonymus
1009 878 1192 946 Romanus'.
1230 882 1288 946 Ac·

155 989 361 1068 curatissime‚
385 996 421 1053 ut
443 989 525 1054 solet
549 989 597 1053 vir
622 988 777 1073 egregius,
801 986 935 1051 contulit
953 1007 1008 1052 eas
1024 993 1133 1069 partes
1148 984 1292 1050 Pseudo-

155 1093 417 1178 Hephaestionis,
447 1114 530 1178 quae
559 1093 592 1156 iu
624 1092 654 1156 R
682 1098 828 1176 exstant,
860 1113 878 1154 a
912 1088 1133 1156 Studemundo
1162 1095 1292 1176 rogatus

155 1195 324 1280 Augustus
347 1196 433 1261 Mau,
861 1194 863 1199 ’

259 1302 289 1365 2.
326 1299 350 1363 Z
373 1327 416 1352 =
439 1299 704 1366 Mutinensis
727 1299 766 1364 ΙΙ
790 1300 816 1363 F
837 1304 857 1363 4
880 1299 1067 1365 chartaceus
1090 1297 1210 1363 saeculi
1228 1296 1294 1363 XV

148 1404 207 1488 ‚vel
228 1403 334 1488 potius
358 1401 442 1467 XVI
464 1423 538 1467 curn
560 1405 624 1469 alia
646 1405 799 1485 continet,
823 1403 864 1468 de
887 1402 1002 1488 quibus
1029 1402 1152 1467 rettulit
1175 1399 1293 1466 Stude·

154 1506 250 1572 mund
275 1507 307 1571 in
330 1508 434 1572 annal.
457 1508 567 1591 philol.
591 1530 618 1571 a.
637 1510 719 1572 1867
743 1527 817 1591 pag.
835 1509 898 1570 612
921 1508 993 1591 sq.¹‚
1016 1512 1083 1571 tum
1100 1511 1173 1590 post
1189 1502 1293 1569 Ohoe·

155 1611 279 1677 robosci
309 1610 425 1676 librum
449 1611 640 1677 rhetoricum
669 1612 701 1675 in
725 1612 787 1676 fine
810 1611 955 1675 mutilum
979 1606 1294 1693 Pseudo-Hephae·

154 1717 268 1782 ationis
298 1714 537 1801 paragraphum
559 1715 693 1800 primam
723 1715 834 1798 solam,
866 1714 915 1802 cui
945 1715 1009 1778 alia
1032 1734 1145 1779 manus
1175 1710 1295 1776 saeculi

155 1817 239 1884 XVI
261 1819 346 1884 huuc
377 1818 504 1883 titulum
536 1820 703 1905 praefixit:
736 1822 807 1902 περὶ
838 1817 945 1883 πόδων
976 1815 1051 1901 (sic)
1083 1818 1132 1880 καὶ
1162 1813 1291 1895 μέτρων.

156 1923 341 2007 Perpaucas
364 1945 406 1989 ex
428 1923 452 1987 Z
475 1924 629 1989 lectiones
653 1924 693 1988 ad
717 1922 799 1988 hano
821 1923 839 2004 ἕ
864 1928 878 1986 l
907 1923 1103 2008 pertinentes
1135 1918 1294 2004 excerpsit

156 2026 366 2108 Studemund,
397 2047 477 2112 quas
498 2048 557 2092 suo
587 2027 658 2091 loco
683 2047 742 2112 ego
773 2027 806 2090 in
831 2034 988 2112 apparatu
1017 2025 1126 2090 critico
1157 2044 1293 2089 comme·

153 2132 288 2197 moravi.

258 2233 392 2316 Hauc§
418 2240 432 2298 l
466 2235 497 2299 in
531 2235 556 2298 Z
590 2236 755 2319 excipiunt
786 2234 898 2299 eadem
931 2253 1026 2297 manu
1057 2232 1175 2317 scripta
1206 2233 1294 2297 varia

155 2337 260 2423 capita
283 2338 323 2402 ad
347 2361 401 2403 eas
425 2339 608 2425 discipliuae
633 2341 783 2405 metricae
807 2347 924 2426 partes,
948 2360 1031 2424 quae
1054 2336 1239 2424 Byzantinis
1262 2337 1293 2400 iu

155 2440 275 2506 deliciis
298 2448 397 2521 eraut,
421 2445 624 2530 pertinentia,
648 2443 688 2508 de
712 2443 827 2530 quibus
850 2444 929 2508 haec
961 2464 1064 2528 pauca
1095 2443 1127 2506 iu
1159 2440 1294 2506 schedas

155 2566 239 2625 suas,
261 2545 338 2609 dum
360 2546 504 2611 Mutinae
532 2548 628 2632 degit,
659 2568 743 2612 nuno
768 2549 851 2611 1865
883 2547 1042 2630 congessit
1073 2543 1292 2610 Studemuud:

154 2652 221 2728 περὶ
242 2646 356 2732 μέτρου
379 2647 511 2729 licentiosi
534 2651 627 2730 (ine.:
661 2649 677 2713 ὁ
707 2648 777 2733 [sic]
808 2648 920 2730 μέτρον
950 2647 1084 2733 ἡρωϊκόν
1114 2647 1195 2713 ἔστιν
1226 2646 1294 2723 ἐξοί-

153 2775 279 2835 μετρον,
312 2750 376 2834 ἔχει
399 2753 504 2816 δὲκαὶ
528 2750 604 2816 inrui
632 2752 715 2829 τινοῖς
747 2750 897 2837 διαφοράς
905 2804 914 2830 ,
946 2752 1026 2818 des:
1057 2749 1100 2828 ὠς
1129 2750 1164 2815 rii
1195 2757 1293 2833 τρῶες

154 2852 338 2940 δ’ἒρίγησον,
362 2856 427 2919 ἐπεὶ
449 2853 515 2919 ἴδον
537 2854 640 2920 αἰόλον
661 2852 733 2940 ὅφιν
754 2855 869 2939 (Hom.
894 2856 927 2920 M
950 2854 1039 2939 208).
1065 2891 1106 2902 --
1129 2858 1200 2939 περὶ
1223 2858 1293 2920 δακ-

153 2958 247 3022 τύλου
269 2961 318 3023 καὶ
340 2956 460 3046 η’τὲρονν
490 2958 563 3043 [sic]
585 2957 711 3046 μέτρων
742 2961 833 3042 (ino.:
864 2959 1013 3036 δάκτυλος
1035 2961 1068 3024 ἐκ
1094 2965 1216 3043 μακρᾶς
1244 2960 1293 3022 καὶ

153 3060 209 3126 δύο
222 3068 389 3148 βραχειῶν,
411 3060 598 3141 ἀνάπαιστος
615 3065 647 3129 ἐκ
663 3062 716 3128 δύο
729 3069 907 3149 βραχειῶν).
928 3098 963 3109 -
982 3067 1053 3148 περὶ
1073 3061 1187 3145 μέτρου
1201 3061 1293 3140 ποδός

154 3167 251 3243 (iuoz
279 3164 321 3230 Τι’
341 3168 404 3231 ἐστι
426 3165 549 3250 μέτρον,
573 3171 674 3233 ποδῶν
689 3167 843 3252 συνθήκη.
881 3170 929 3231 καὶ
952 3170 984 3231 ri
1001 3169 1066 3232 ἐστι
1081 3164 1166 3245 πους,
1188 3192 1292 3252 μετρι-

153 3270 206 3334 usia
228 3267 372 3352 συότημα
395 3277 568 3355 συλλαβών,
591 3270 671 3337 des-'z
693 3272 744 3335 ἵνα
766 3271 814 3355 μή
836 3277 1177 3355 περιττοσυλλαβοῦντες
1205 3267 1293 3360 ἡμεῖς

154 3373 384 3457 νομιζοίμεθα).
407 3413 448 3424 -
472 3373 515 3440 ἔτι
538 3377 608 3462 περὶ
630 3373 746 3460 μέτρου
769 3373 903 3459 η’ρονὶνοῦ
925 3377 1017 3458 (inat
1047 3375 1148 3439 Ποῖον
1170 3377 1233 3439 ἐστὶ
1255 3373 1292 3438 ro*

155 3474 287 3565 ἡρωϊκὸν
308 3472 468 3560 μέτρονῶ
497 3482 544 3542 καὶ
574 3475 692 3563 ὅμηρος
718 3477 884 3563 ἐχρήσατο,
915 3478 1000 3545 des:
1030 3474 1086 3556 τοῖς
1112 3480 1162 3542 ἐπὶ
1188 3479 1293 3561 τρουάς

153 3578 279 3665 πράξεις
309 3579 452 3664 διεξιών).
486 3618 523 3629 -
557 3585 627 3668 περὶ
656 3583 789 3664 ἐλεγείου
821 3583 911 3664 (iuo.:
947 3582 994 3647 To*
1021 3585 1150 3664 ἐλεγεῖον
1177 3580 1293 3665 μέτρον

153 3683 361 3769 πεντάμετρον
384 3688 474 3752 ἐστιν.
499 3684 589 3753 πέντε
612 3686 672 3774 γοὶρ
694 3686 753 3771 ἔχει
772 3684 888 3773 χώρας,
911 3688 995 3754 des:
1021 3685 1205 3770 ἀμπλακίην,
1228 3671 1292 3771 quo

153 3786 310 3854 vocabulo
351 3789 550 3856 Studamnnd
586 3792 617 3856 in
656 3793 793 3876 patriam
831 3812 978 3858 reversus
1015 3791 1175 3856 intellexit
1209 3791 1291 3855 effici

154 3893 330 3959 clausulam
352 3896 542 3979 pentametri
569 3895 669 3961 illius:
696 3893 864 3977 πνεύματος
894 3893 1043 3961 isidoras
1073 3894 1204 3975 νάμασιν
1231 3892 1292 3975 ἀμ·

257 4159 266 4194 ¹
285 4157 354 4223 Pag.
372 4154 424 4210 612
442 4156 488 4209 lin.
507 4155 542 4210 45
559 4157 729 4224 typographi
743 4173 836 4209 erroro
852 4165 1029 4225 πεποιημένον
1041 4158 1172 4226 scriptum
1186 4164 1227 4210 cst
1240 4173 1290 4225 pro

152 4250 324 4312 πεποιημένον
341 4243 369 4295 in
388 4243 436 4304 eis,
456 4259 527 4311 quse
545 4243 686 4310 pertinent
705 4243 739 4296 ad
753 4243 867 4312 Georgii
880 4243 1066 4297 Ohoerobosoi
1079 4243 1141 4296 libri
1155 4260 1172 4296 a
1185 4242 1291 4297 Walzio

153 4327 181 4381 iu
200 4328 280 4382 Rhat.
301 4330 399 4383 Graao.
418 4328 487 4382 VIII
505 4345 569 4397 pag.
588 4327 734 4394 soa-812,
753 4330 771 4385 9
789 4330 854 4383 editi
874 4331 1066 4398 fragmentum.
