<?xml version="1.0" encoding="UTF-8"?>
<!DOCTYPE html PUBLIC "-//W3C//DTD XHTML 1.0 Transitional//EN"
    "http://www.w3.org/TR/xhtml1/DTD/xhtml1-transitional.dtd">
<html xmlns="http://www.w3.org/1999/xhtml" xml:lang="en" lang="en">
 <head>
  <title>
</title>
<meta http-equiv="Content-Type" content="text/html;charset=utf-8" />
  <meta name='ocr-system' content='tesseract 3.04.00' />
  <meta name='ocr-capabilities' content='ocr_page ocr_carea ocr_par ocr_line ocrx_word'/>
</head>
<body>
  <div class='ocr_page' id='page_1' title='image "./dissertationesp00stragoog/dissertationesp00stragoog_0596.png"; bbox 0 0 2956 4822; ppageno 0'>
   <div class='ocr_carea' id='block_1_1' title="bbox 654 294 1266 378">
    <p class='ocr_par' dir='ltr' id='par_1_1' title="bbox 654 294 1266 378">
     <span class='ocr_line' id='line_1_1' title="bbox 654 294 1266 378; baseline -0.002 -19"><span class='ocrx_word' id='word_1_1' title='bbox 654 294 744 378; x_wconf 79' lang='lat' dir='ltr'><strong>[aar]</strong></span> <span class='ocrx_word' id='word_1_2' title='bbox 1222 296 1266 359; x_wconf 79' lang='lat' dir='ltr'><strong>ra</strong></span> 
     </span>
    </p>
   </div>
   <div class='ocr_carea' id='block_1_2' title="bbox 135 486 1268 1407">
    <p class='ocr_par' dir='ltr' id='par_1_2' title="bbox 135 486 1267 887">
     <span class='ocr_line' id='line_1_2' title="bbox 136 486 1265 576; baseline -0.002 -21"><span class='ocrx_word' id='word_1_3' title='bbox 136 489 383 576; x_wconf 79' lang='lat' dir='ltr'>appellationem</span> <span class='ocrx_word' id='word_1_4' title='bbox 397 487 579 569; x_wconf 77' lang='lat' dir='ltr'><strong>recurrisse,</strong></span> <span class='ocrx_word' id='word_1_5' title='bbox 598 487 623 551; x_wconf 93' lang='lat' dir='ltr'><strong>si</strong></span> <span class='ocrx_word' id='word_1_6' title='bbox 638 487 715 551; x_wconf 89' lang='lat' dir='ltr'><strong>novi</strong></span> <span class='ocrx_word' id='word_1_7' title='bbox 729 486 911 571; x_wconf 79' lang='lat' dir='ltr'><strong>systematis</strong></span> <span class='ocrx_word' id='word_1_8' title='bbox 927 486 1050 551; x_wconf 90' lang='lat' dir='ltr'><strong>initium</strong></span> <span class='ocrx_word' id='word_1_9' title='bbox 1067 488 1265 572; x_wconf 78' lang='lat' dir='ltr'><strong>sumpsisset.</strong></span> 
     </span>
     <span class='ocr_line' id='line_1_3' title="bbox 135 590 1267 676; baseline -0.004 -17"><span class='ocrx_word' id='word_1_10' title='bbox 135 593 306 659; x_wconf 81' lang='lat' dir='ltr'><strong>Rarissime</strong></span> <span class='ocrx_word' id='word_1_11' title='bbox 336 598 443 657; x_wconf 91' lang='lat' dir='ltr'><strong>autem</strong></span> <span class='ocrx_word' id='word_1_12' title='bbox 472 591 556 655; x_wconf 86' lang='lat' dir='ltr'><strong>intra</strong></span> <span class='ocrx_word' id='word_1_13' title='bbox 581 612 679 655; x_wconf 91' lang='lat' dir='ltr'><strong>unum</strong></span> <span class='ocrx_word' id='word_1_14' title='bbox 703 596 842 676; x_wconf 89' lang='lat' dir='ltr'><strong>systema</strong></span> <span class='ocrx_word' id='word_1_15' title='bbox 863 590 947 655; x_wconf 92' lang='lat' dir='ltr'><strong>idem</strong></span> <span class='ocrx_word' id='word_1_16' title='bbox 970 611 1085 656; x_wconf 92' lang='lat' dir='ltr'><strong>nomen</strong></span> <span class='ocrx_word' id='word_1_17' title='bbox 1108 592 1267 675; x_wconf 88' lang='lat' dir='ltr'><strong>repetivit,</strong></span> 
     </span>
     <span class='ocr_line' id='line_1_4' title="bbox 135 695 1267 783; baseline 0.001 -22"><span class='ocrx_word' id='word_1_18' title='bbox 135 696 231 783; x_wconf 90' lang='lat' dir='ltr'><strong>idque</strong></span> <span class='ocrx_word' id='word_1_19' title='bbox 262 699 449 783; x_wconf 89' lang='lat' dir='ltr'><strong>plerumque</strong></span> <span class='ocrx_word' id='word_1_20' title='bbox 484 696 548 779; x_wconf 89' lang='lat' dir='ltr'><strong>ita,</strong></span> <span class='ocrx_word' id='word_1_21' title='bbox 588 703 625 761; x_wconf 90' lang='lat' dir='ltr'><strong>ut</strong></span> <span class='ocrx_word' id='word_1_22' title='bbox 659 695 970 760; x_wconf 78' lang='lat' dir='ltr'><strong>circumlocutionem</strong></span> <span class='ocrx_word' id='word_1_23' title='bbox 1002 697 1140 781; x_wconf 86' lang='lat' dir='ltr'><strong>aliquam</strong></span> <span class='ocrx_word' id='word_1_24' title='bbox 1172 696 1267 762; x_wconf 89' lang='lat' dir='ltr'><strong>inter·</strong></span> 
     </span>
     <span class='ocr_line' id='line_1_5' title="bbox 137 808 279 887; baseline 0.007 -21"><span class='ocrx_word' id='word_1_25' title='bbox 137 808 279 887; x_wconf 88' lang='lat' dir='ltr'><strong>poneret.</strong></span> 
     </span>
    </p>

    <p class='ocr_par' dir='ltr' id='par_1_3' title="bbox 135 903 1268 1407">
     <span class='ocr_line' id='line_1_6' title="bbox 238 903 1266 990; baseline 0.001 -21"><span class='ocrx_word' id='word_1_26' title='bbox 238 903 380 969; x_wconf 82' lang='lat' dir='ltr'><strong>Eandem</strong></span> <span class='ocrx_word' id='word_1_27' title='bbox 403 903 569 969; x_wconf 91' lang='lat' dir='ltr'><strong>rationem</strong></span> <span class='ocrx_word' id='word_1_28' title='bbox 583 924 660 968; x_wconf 92' lang='lat' dir='ltr'><strong>num</strong></span> <span class='ocrx_word' id='word_1_29' title='bbox 683 903 779 968; x_wconf 90' lang='lat' dir='ltr'><strong>etiam</strong></span> <span class='ocrx_word' id='word_1_30' title='bbox 801 904 834 967; x_wconf 93' lang='lat' dir='ltr'><strong>in</strong></span> <span class='ocrx_word' id='word_1_31' title='bbox 856 903 1045 970; x_wconf 90' lang='lat' dir='ltr'><strong>heroinis</strong></span> <span class='ocrx_word' id='word_1_32' title='bbox 1068 904 1266 990; x_wconf 82' lang='lat' dir='ltr'><strong>appellandis</strong></span> 
     </span>
     <span class='ocr_line' id='line_1_7' title="bbox 137 1007 1267 1097; baseline 0.001 -22"><span class='ocrx_word' id='word_1_33' title='bbox 137 1014 266 1075; x_wconf 89' lang='lat' dir='ltr'><strong>secutus</strong></span> <span class='ocrx_word' id='word_1_34' title='bbox 288 1009 328 1072; x_wconf 90' lang='lat' dir='ltr'><strong>sit</strong></span> <span class='ocrx_word' id='word_1_35' title='bbox 351 1014 438 1073; x_wconf 88' lang='lat' dir='ltr'><strong>rates</strong></span> <span class='ocrx_word' id='word_1_36' title='bbox 454 1007 637 1085; x_wconf 84' lang='lat' dir='ltr'><strong>Thebanus,</strong></span> <span class='ocrx_word' id='word_1_37' title='bbox 660 1027 745 1072; x_wconf 92' lang='lat' dir='ltr'><strong>nunc</strong></span> <span class='ocrx_word' id='word_1_38' title='bbox 767 1028 966 1092; x_wconf 83' lang='lat' dir='ltr'><strong>quaeramus.</strong></span> <span class='ocrx_word' id='word_1_39' title='bbox 1012 1011 1119 1097; x_wconf 86' lang='lat' dir='ltr'><strong>Atque</strong></span> <span class='ocrx_word' id='word_1_40' title='bbox 1143 1009 1267 1094; x_wconf 90' lang='lat' dir='ltr'><strong>Hippo·</strong></span> 
     </span>
     <span class='ocr_line' id='line_1_8' title="bbox 137 1111 1267 1199; baseline 0.001 -22"><span class='ocrx_word' id='word_1_41' title='bbox 137 1114 243 1179; x_wconf 90' lang='lat' dir='ltr'><strong>damia</strong></span> <span class='ocrx_word' id='word_1_42' title='bbox 264 1113 419 1179; x_wconf 88' lang='lat' dir='ltr'><strong>Oenomai</strong></span> <span class='ocrx_word' id='word_1_43' title='bbox 441 1113 506 1177; x_wconf 87' lang='lat' dir='ltr'><strong>filia</strong></span> <span class='ocrx_word' id='word_1_44' title='bbox 530 1112 675 1177; x_wconf 87' lang='lat' dir='ltr'><strong>carminis</strong></span> <span class='ocrx_word' id='word_1_45' title='bbox 692 1111 850 1197; x_wconf 87' lang='lat' dir='ltr'><strong>Olympici</strong></span> <span class='ocrx_word' id='word_1_46' title='bbox 873 1113 966 1199; x_wconf 92' lang='lat' dir='ltr'><strong>primi</strong></span> <span class='ocrx_word' id='word_1_47' title='bbox 987 1114 1019 1178; x_wconf 92' lang='lat' dir='ltr'><strong>in</strong></span> <span class='ocrx_word' id='word_1_48' title='bbox 1035 1136 1065 1178; x_wconf 82' lang='lat' dir='ltr'><strong>v.</strong></span> <span class='ocrx_word' id='word_1_49' title='bbox 1083 1116 1123 1178; x_wconf 78' lang='lat'><strong>70</strong></span> <span class='ocrx_word' id='word_1_50' title='bbox 1138 1114 1267 1180; x_wconf 90' lang='lat' dir='ltr'><strong>nomine</strong></span> 
     </span>
     <span class='ocr_line' id='line_1_9' title="bbox 135 1215 1267 1302; baseline 0 -20"><span class='ocrx_word' id='word_1_51' title='bbox 135 1217 263 1302; x_wconf 88' lang='lat' dir='ltr'><strong>proprio</strong></span> <span class='ocrx_word' id='word_1_52' title='bbox 286 1216 478 1293; x_wconf 76' lang='lat' dir='ltr'><strong>introducta,</strong></span> <span class='ocrx_word' id='word_1_53' title='bbox 513 1217 546 1281; x_wconf 92' lang='lat' dir='ltr'><strong>in</strong></span> <span class='ocrx_word' id='word_1_54' title='bbox 570 1237 598 1283; x_wconf 78' lang='lat' dir='ltr'><strong>v,</strong></span> <span class='ocrx_word' id='word_1_55' title='bbox 622 1217 662 1280; x_wconf 82' lang='lat'><strong>81</strong></span> <span class='ocrx_word' id='word_1_56' title='bbox 696 1217 911 1301; x_wconf 86' lang='lat' dir='ltr'><strong>appellatione</strong></span> <span class='ocrx_word' id='word_1_57' title='bbox 942 1215 1098 1301; x_wconf 84' lang='grc' dir='ltr'><strong><em>θυγατρός</em></strong></span> <span class='ocrx_word' id='word_1_58' title='bbox 1127 1224 1267 1283; x_wconf 87' lang='lat' dir='ltr'><strong>notatur.</strong></span> 
     </span>
     <span class='ocr_line' id='line_1_10' title="bbox 137 1319 1268 1407; baseline 0 -22"><span class='ocrx_word' id='word_1_59' title='bbox 137 1321 259 1386; x_wconf 81' lang='lat' dir='ltr'><strong>Verum</strong></span> <span class='ocrx_word' id='word_1_60' title='bbox 284 1322 377 1385; x_wconf 91' lang='lat' dir='ltr'><strong>etiam</strong></span> <span class='ocrx_word' id='word_1_61' title='bbox 400 1319 569 1405; x_wconf 76' lang='grc' dir='ltr'><strong><em>παρθένος,</em></strong></span> <span class='ocrx_word' id='word_1_62' title='bbox 599 1342 662 1406; x_wconf 90' lang='lat' dir='ltr'><strong>qua</strong></span> <span class='ocrx_word' id='word_1_63' title='bbox 685 1319 802 1405; x_wconf 87' lang='lat' dir='ltr'><strong>Pelops</strong></span> <span class='ocrx_word' id='word_1_64' title='bbox 825 1320 991 1387; x_wconf 90' lang='lat' dir='ltr'><strong>Oenomao</strong></span> <span class='ocrx_word' id='word_1_65' title='bbox 1014 1329 1163 1406; x_wconf 89' lang='lat' dir='ltr'><strong>superato</strong></span> <span class='ocrx_word' id='word_1_66' title='bbox 1187 1321 1268 1407; x_wconf 92' lang='lat' dir='ltr'><strong>poti·</strong></span> 
     </span>
    </p>
   </div>
   <div class='ocr_carea' id='block_1_3' title="bbox 7 1423 1268 1509">
    <p class='ocr_par' dir='ltr' id='par_1_4' title="bbox 7 1423 1268 1509">
     <span class='ocr_line' id='line_1_11' title="bbox 7 1423 1268 1509; baseline 0 -18"><span class='ocrx_word' id='word_1_67' title='bbox 7 1495 15 1502; x_wconf 19' lang='grc' dir='ltr'><strong>,ς</strong></span> <span class='ocrx_word' id='word_1_68' title='bbox 135 1435 196 1509; x_wconf 86' lang='lat' dir='ltr'><strong>tur,</strong></span> <span class='ocrx_word' id='word_1_69' title='bbox 218 1426 250 1489; x_wconf 90' lang='lat' dir='ltr'><strong>in</strong></span> <span class='ocrx_word' id='word_1_70' title='bbox 272 1445 300 1491; x_wconf 82' lang='lat' dir='ltr'><strong>v.</strong></span> <span class='ocrx_word' id='word_1_71' title='bbox 325 1427 366 1490; x_wconf 86' lang='grc'><strong>88</strong></span> <span class='ocrx_word' id='word_1_72' title='bbox 389 1424 609 1509; x_wconf 87' lang='lat' dir='ltr'><strong>Hippodamia</strong></span> <span class='ocrx_word' id='word_1_73' title='bbox 630 1423 847 1506; x_wconf 87' lang='lat' dir='ltr'><strong>intellegenda</strong></span> <span class='ocrx_word' id='word_1_74' title='bbox 871 1431 928 1490; x_wconf 90' lang='lat' dir='ltr'><strong>est.</strong></span> <span class='ocrx_word' id='word_1_75' title='bbox 972 1426 1040 1490; x_wconf 91' lang='lat' dir='ltr'><strong>Iam</strong></span> <span class='ocrx_word' id='word_1_76' title='bbox 1066 1428 1100 1491; x_wconf 93' lang='lat' dir='ltr'><strong>in</strong></span> <span class='ocrx_word' id='word_1_77' title='bbox 1130 1426 1268 1491; x_wconf 86' lang='lat' dir='ltr'><strong>carmine</strong></span> 
     </span>
    </p>
   </div>
   <div class='ocr_carea' id='block_1_4' title="bbox 134 1528 1342 4216">
    <p class='ocr_par' dir='ltr' id='par_1_5' title="bbox 134 1528 1342 4216">
     <span class='ocr_line' id='line_1_12' title="bbox 134 1528 1269 1616; baseline -0.001 -21"><span class='ocrx_word' id='word_1_78' title='bbox 134 1529 269 1616; x_wconf 91' lang='lat' dir='ltr'><strong>Pythico</strong></span> <span class='ocrx_word' id='word_1_79' title='bbox 293 1528 461 1595; x_wconf 90' lang='lat' dir='ltr'><strong>undecimo</strong></span> <span class='ocrx_word' id='word_1_80' title='bbox 489 1528 758 1614; x_wconf 85' lang='lat' dir='ltr'><strong>Clytaemnestra,</strong></span> <span class='ocrx_word' id='word_1_81' title='bbox 788 1536 957 1616; x_wconf 89' lang='lat' dir='ltr'><strong>postquam</strong></span> <span class='ocrx_word' id='word_1_82' title='bbox 988 1530 1021 1595; x_wconf 92' lang='lat' dir='ltr'><strong>in</strong></span> <span class='ocrx_word' id='word_1_83' title='bbox 1050 1551 1077 1595; x_wconf 81' lang='lat' dir='ltr'><strong>r.</strong></span> <span class='ocrx_word' id='word_1_84' title='bbox 1103 1533 1141 1597; x_wconf 80' lang='grc'><strong>17</strong></span> <span class='ocrx_word' id='word_1_85' title='bbox 1173 1537 1269 1615; x_wconf 91' lang='lat' dir='ltr'><strong>poeta</strong></span> 
     </span>
     <span class='ocr_line' id='line_1_13' title="bbox 135 1633 1268 1720; baseline 0.003 -23"><span class='ocrx_word' id='word_1_86' title='bbox 135 1654 155 1697; x_wconf 93' lang='lat' dir='ltr'><strong>a</strong></span> <span class='ocrx_word' id='word_1_87' title='bbox 176 1634 305 1720; x_wconf 91' lang='lat' dir='ltr'><strong>proprio</strong></span> <span class='ocrx_word' id='word_1_88' title='bbox 329 1633 397 1699; x_wconf 89' lang='lat' dir='ltr'><strong>eius</strong></span> <span class='ocrx_word' id='word_1_89' title='bbox 419 1633 548 1699; x_wconf 89' lang='lat' dir='ltr'><strong>nomine</strong></span> <span class='ocrx_word' id='word_1_90' title='bbox 570 1653 705 1698; x_wconf 84' lang='lat' dir='ltr'><strong>exorsus</strong></span> <span class='ocrx_word' id='word_1_91' title='bbox 729 1639 794 1716; x_wconf 86' lang='lat' dir='ltr'><strong>est,</strong></span> <span class='ocrx_word' id='word_1_92' title='bbox 816 1635 848 1697; x_wconf 92' lang='lat' dir='ltr'><strong>in</strong></span> <span class='ocrx_word' id='word_1_93' title='bbox 871 1655 902 1699; x_wconf 88' lang='lat' dir='ltr'><strong>v.</strong></span> <span class='ocrx_word' id='word_1_94' title='bbox 926 1636 977 1716; x_wconf 83' lang='lat'><strong>22,</strong></span> <span class='ocrx_word' id='word_1_95' title='bbox 1002 1655 1072 1699; x_wconf 91' lang='lat' dir='ltr'><strong>cum</strong></span> <span class='ocrx_word' id='word_1_96' title='bbox 1095 1636 1268 1719; x_wconf 84' lang='lat' dir='ltr'><strong>Agamem·</strong></span> 
     </span>
     <span class='ocr_line' id='line_1_14' title="bbox 134 1734 1267 1821; baseline 0.004 -20"><span class='ocrx_word' id='word_1_97' title='bbox 134 1737 226 1802; x_wconf 93' lang='lat' dir='ltr'><strong>nonis</strong></span> <span class='ocrx_word' id='word_1_98' title='bbox 248 1737 418 1802; x_wconf 86' lang='lat' dir='ltr'><strong>trucidatio</strong></span> <span class='ocrx_word' id='word_1_99' title='bbox 441 1744 616 1801; x_wconf 88' lang='lat' dir='ltr'><strong>memorata</strong></span> <span class='ocrx_word' id='word_1_100' title='bbox 638 1737 687 1819; x_wconf 88' lang='lat' dir='ltr'><strong>sit,</strong></span> <span class='ocrx_word' id='word_1_101' title='bbox 710 1735 801 1802; x_wconf 90' lang='lat' dir='ltr'><strong>audit</strong></span> <span class='ocrx_word' id='word_1_102' title='bbox 824 1734 915 1821; x_wconf 74' lang='grc' dir='ltr'><strong><em>νηλὴς</em></strong></span> <span class='ocrx_word' id='word_1_103' title='bbox 939 1735 1022 1820; x_wconf 77' lang='grc' dir='ltr'><strong><em>γυνά.</em></strong></span> <span class='ocrx_word' id='word_1_104' title='bbox 1071 1737 1140 1805; x_wconf 89' lang='lat' dir='ltr'><strong>Nec</strong></span> <span class='ocrx_word' id='word_1_105' title='bbox 1164 1740 1267 1805; x_wconf 89' lang='lat' dir='ltr'><strong>minus</strong></span> 
     </span>
     <span class='ocr_line' id='line_1_15' title="bbox 137 1839 1268 1928; baseline 0.002 -22"><span class='ocrx_word' id='word_1_106' title='bbox 137 1842 169 1906; x_wconf 87' lang='lat' dir='ltr'><strong>in</strong></span> <span class='ocrx_word' id='word_1_107' title='bbox 197 1860 227 1906; x_wconf 83' lang='lat' dir='ltr'><strong>v.</strong></span> <span class='ocrx_word' id='word_1_108' title='bbox 251 1843 308 1923; x_wconf 73' lang='lat'><strong>37,</strong></span> <span class='ocrx_word' id='word_1_109' title='bbox 338 1839 393 1906; x_wconf 92' lang='lat' dir='ltr'><strong>ubi</strong></span> <span class='ocrx_word' id='word_1_110' title='bbox 422 1861 559 1926; x_wconf 80' lang='lat' dir='ltr'><strong>poenae,</strong></span> <span class='ocrx_word' id='word_1_111' title='bbox 593 1861 687 1926; x_wconf 91' lang='lat' dir='ltr'><strong>quam</strong></span> <span class='ocrx_word' id='word_1_112' title='bbox 718 1839 849 1906; x_wconf 88' lang='lat' dir='ltr'><strong>Orestes</strong></span> <span class='ocrx_word' id='word_1_113' title='bbox 879 1841 962 1905; x_wconf 89' lang='lat' dir='ltr'><strong>filius</strong></span> <span class='ocrx_word' id='word_1_114' title='bbox 992 1841 1032 1906; x_wconf 89' lang='lat' dir='ltr'><strong>ab</strong></span> <span class='ocrx_word' id='word_1_115' title='bbox 1062 1843 1115 1907; x_wconf 93' lang='lat' dir='ltr'><strong>illa</strong></span> <span class='ocrx_word' id='word_1_116' title='bbox 1145 1845 1268 1928; x_wconf 80' lang='lat' dir='ltr'><strong>repetit,</strong></span> 
     </span>
     <span class='ocr_line' id='line_1_16' title="bbox 135 1943 1268 2033; baseline 0.003 -24"><span class='ocrx_word' id='word_1_117' title='bbox 135 1944 256 2010; x_wconf 91' lang='lat' dir='ltr'><strong>mentio</strong></span> <span class='ocrx_word' id='word_1_118' title='bbox 278 1945 323 2027; x_wconf 84' lang='lat' dir='ltr'><strong>fit,</strong></span> <span class='ocrx_word' id='word_1_119' title='bbox 345 1943 502 2010; x_wconf 87' lang='lat' dir='ltr'><strong>Pindarus</strong></span> <span class='ocrx_word' id='word_1_120' title='bbox 526 1945 812 2030; x_wconf 79' lang='lat' dir='ltr'><strong>Clytaemnestram</strong></span> <span class='ocrx_word' id='word_1_121' title='bbox 845 1967 903 2031; x_wconf 94' lang='lat' dir='ltr'><strong>per</strong></span> <span class='ocrx_word' id='word_1_122' title='bbox 933 1945 1084 2030; x_wconf 84' lang='lat' dir='ltr'><strong>ambages</strong></span> <span class='ocrx_word' id='word_1_123' title='bbox 1113 1947 1268 2033; x_wconf 90' lang='lat' dir='ltr'><strong>quasdam</strong></span> 
     </span>
     <span class='ocr_line' id='line_1_17' title="bbox 135 2048 1267 2138; baseline 0.003 -25"><span class='ocrx_word' id='word_1_124' title='bbox 135 2048 256 2131; x_wconf 84' lang='grc' dir='ltr'><strong><em>ματέρα</em></strong></span> <span class='ocrx_word' id='word_1_125' title='bbox 289 2049 471 2135; x_wconf 89' lang='lat' dir='ltr'><strong>appellavit.</strong></span> <span class='ocrx_word' id='word_1_126' title='bbox 526 2050 699 2117; x_wconf 89' lang='lat' dir='ltr'><strong>Praeterea</strong></span> <span class='ocrx_word' id='word_1_127' title='bbox 733 2050 881 2135; x_wconf 80' lang='lat' dir='ltr'><strong>Coronis,</strong></span> <span class='ocrx_word' id='word_1_128' title='bbox 921 2052 1010 2116; x_wconf 89' lang='lat' dir='ltr'><strong>cuius</strong></span> <span class='ocrx_word' id='word_1_129' title='bbox 1045 2053 1086 2116; x_wconf 90' lang='lat' dir='ltr'><strong>ab</strong></span> <span class='ocrx_word' id='word_1_130' title='bbox 1119 2051 1267 2138; x_wconf 86' lang='lat' dir='ltr'><strong>Apolline</strong></span> 
     </span>
     <span class='ocr_line' id='line_1_18' title="bbox 136 2153 1267 2241; baseline 0 -22"><span class='ocrx_word' id='word_1_131' title='bbox 136 2162 261 2219; x_wconf 83' lang='lat' dir='ltr'><strong>amatas</strong></span> <span class='ocrx_word' id='word_1_132' title='bbox 284 2153 450 2239; x_wconf 87' lang='lat' dir='ltr'><strong>perfidiam</strong></span> <span class='ocrx_word' id='word_1_133' title='bbox 472 2155 536 2219; x_wconf 89' lang='lat' dir='ltr'><strong>iam</strong></span> <span class='ocrx_word' id='word_1_134' title='bbox 558 2175 656 2241; x_wconf 90' lang='lat' dir='ltr'><strong>snpra</strong></span> <span class='ocrx_word' id='word_1_135' title='bbox 677 2155 849 2241; x_wconf 84' lang='lat' dir='ltr'><strong>tetigimus,</strong></span> <span class='ocrx_word' id='word_1_136' title='bbox 874 2155 1020 2221; x_wconf 88' lang='lat' dir='ltr'><strong>carminie</strong></span> <span class='ocrx_word' id='word_1_137' title='bbox 1034 2155 1162 2239; x_wconf 86' lang='lat' dir='ltr'><strong>Pythici</strong></span> <span class='ocrx_word' id='word_1_138' title='bbox 1182 2155 1267 2220; x_wconf 91' lang='lat' dir='ltr'><strong>tertii</strong></span> 
     </span>
     <span class='ocr_line' id='line_1_19' title="bbox 135 2257 1268 2344; baseline 0.003 -24"><span class='ocrx_word' id='word_1_139' title='bbox 135 2257 168 2320; x_wconf 92' lang='lat' dir='ltr'><strong>in</strong></span> <span class='ocrx_word' id='word_1_140' title='bbox 190 2279 220 2321; x_wconf 82' lang='lat' dir='ltr'><strong>u.</strong></span> <span class='ocrx_word' id='word_1_141' title='bbox 244 2261 274 2342; x_wconf 87' lang='lat'><strong>8,</strong></span> <span class='ocrx_word' id='word_1_142' title='bbox 298 2279 369 2322; x_wconf 92' lang='lat' dir='ltr'><strong>cum</strong></span> <span class='ocrx_word' id='word_1_143' title='bbox 392 2258 553 2342; x_wconf 84' lang='lat' dir='ltr'><strong>Phlegyas</strong></span> <span class='ocrx_word' id='word_1_144' title='bbox 575 2260 707 2343; x_wconf 83' lang='lat' dir='ltr'><strong>regulus</strong></span> <span class='ocrx_word' id='word_1_145' title='bbox 730 2266 820 2344; x_wconf 90' lang='lat' dir='ltr'><strong>pater</strong></span> <span class='ocrx_word' id='word_1_146' title='bbox 844 2261 911 2324; x_wconf 88' lang='lat' dir='ltr'><strong>eius</strong></span> <span class='ocrx_word' id='word_1_147' title='bbox 936 2264 1037 2341; x_wconf 86' lang='lat' dir='ltr'><strong>esset,</strong></span> <span class='ocrx_word' id='word_1_148' title='bbox 1061 2257 1184 2342; x_wconf 78' lang='grc' dir='ltr'><em>Φλεγύα</em></span> <span class='ocrx_word' id='word_1_149' title='bbox 1208 2265 1268 2323; x_wconf 87' lang='grc' dir='ltr'><strong>θο·</strong></span> 
     </span>
     <span class='ocr_line' id='line_1_20' title="bbox 136 2358 1267 2449; baseline 0.003 -25"><span class='ocrx_word' id='word_1_150' title='bbox 136 2358 234 2445; x_wconf 80' lang='grc' dir='ltr'><strong><em>γαίτρρ</em></strong></span> <span class='ocrx_word' id='word_1_151' title='bbox 264 2361 349 2428; x_wconf 89' lang='lat' dir='ltr'><strong>dicta</strong></span> <span class='ocrx_word' id='word_1_152' title='bbox 375 2362 407 2426; x_wconf 95' lang='lat' dir='ltr'><strong>in</strong></span> <span class='ocrx_word' id='word_1_153' title='bbox 430 2382 460 2428; x_wconf 81' lang='lat' dir='ltr'><strong>r.</strong></span> <span class='ocrx_word' id='word_1_154' title='bbox 485 2364 526 2430; x_wconf 84' lang='lat'><strong>25</strong></span> <span class='ocrx_word' id='word_1_155' title='bbox 554 2364 683 2428; x_wconf 89' lang='lat' dir='ltr'><strong>nomine</strong></span> <span class='ocrx_word' id='word_1_156' title='bbox 710 2364 836 2449; x_wconf 89' lang='lat' dir='ltr'><strong>proprio</strong></span> <span class='ocrx_word' id='word_1_157' title='bbox 859 2370 1070 2448; x_wconf 89' lang='lat' dir='ltr'><strong>nuncupatur.</strong></span> <span class='ocrx_word' id='word_1_158' title='bbox 1115 2361 1267 2428; x_wconf 82' lang='lat' dir='ltr'><strong>Eiusdem</strong></span> 
     </span>
     <span class='ocr_line' id='line_1_21' title="bbox 136 2463 1266 2552; baseline 0.003 -23"><span class='ocrx_word' id='word_1_159' title='bbox 136 2486 251 2531; x_wconf 93' lang='lat' dir='ltr'><strong>nomen</strong></span> <span class='ocrx_word' id='word_1_160' title='bbox 273 2467 306 2529; x_wconf 92' lang='lat' dir='ltr'><strong>in</strong></span> <span class='ocrx_word' id='word_1_161' title='bbox 320 2488 351 2532; x_wconf 78' lang='lat' dir='ltr'><strong>v.</strong></span> <span class='ocrx_word' id='word_1_162' title='bbox 369 2468 410 2530; x_wconf 88' lang='grc'><strong>34</strong></span> <span class='ocrx_word' id='word_1_163' title='bbox 432 2466 477 2530; x_wconf 90' lang='lat' dir='ltr'><strong>ita</strong></span> <span class='ocrx_word' id='word_1_164' title='bbox 499 2466 770 2552; x_wconf 87' lang='lat' dir='ltr'><strong>circumscriptum</strong></span> <span class='ocrx_word' id='word_1_165' title='bbox 793 2473 853 2551; x_wconf 88' lang='lat' dir='ltr'><strong>est,</strong></span> <span class='ocrx_word' id='word_1_166' title='bbox 876 2474 912 2532; x_wconf 92' lang='lat' dir='ltr'><strong>ut</strong></span> <span class='ocrx_word' id='word_1_167' title='bbox 928 2463 1083 2549; x_wconf 78' lang='grc' dir='ltr'><strong><em>παρθένος</em></strong></span> <span class='ocrx_word' id='word_1_168' title='bbox 1098 2468 1266 2552; x_wconf 87' lang='lat' dir='ltr'><strong>diceretur,</strong></span> 
     </span>
     <span class='ocr_line' id='line_1_22' title="bbox 136 2570 1269 2655; baseline -0.001 -19"><span class='ocrx_word' id='word_1_169' title='bbox 136 2592 209 2637; x_wconf 92' lang='lat' dir='ltr'><strong>cum</strong></span> <span class='ocrx_word' id='word_1_170' title='bbox 224 2571 256 2634; x_wconf 93' lang='lat' dir='ltr'><strong>in</strong></span> <span class='ocrx_word' id='word_1_171' title='bbox 271 2592 301 2635; x_wconf 82' lang='lat' dir='ltr'><strong>r.</strong></span> <span class='ocrx_word' id='word_1_172' title='bbox 318 2572 357 2634; x_wconf 88' lang='grc'><strong>39</strong></span> <span class='ocrx_word' id='word_1_173' title='bbox 374 2577 471 2655; x_wconf 89' lang='lat' dir='ltr'><strong>pocta</strong></span> <span class='ocrx_word' id='word_1_174' title='bbox 487 2591 557 2635; x_wconf 90' lang='lat' dir='ltr'><strong>eam</strong></span> <span class='ocrx_word' id='word_1_175' title='bbox 572 2570 685 2651; x_wconf 80' lang='grc' dir='ltr'><strong><em>κούραν</em></strong></span> <span class='ocrx_word' id='word_1_176' title='bbox 699 2571 918 2637; x_wconf 86' lang='lat' dir='ltr'><strong>nominaverit.</strong></span> <span class='ocrx_word' id='word_1_177' title='bbox 951 2571 1067 2636; x_wconf 86' lang='lat' dir='ltr'><strong>Antaei</strong></span> <span class='ocrx_word' id='word_1_178' title='bbox 1082 2577 1187 2635; x_wconf 90' lang='lat' dir='ltr'><strong>autem</strong></span> <span class='ocrx_word' id='word_1_179' title='bbox 1203 2572 1269 2636; x_wconf 86' lang='lat' dir='ltr'><strong>filia</strong></span> 
     </span>
     <span class='ocr_line' id='line_1_23' title="bbox 135 2675 1269 2761; baseline 0.001 -23"><span class='ocrx_word' id='word_1_180' title='bbox 135 2675 297 2739; x_wconf 90' lang='lat' dir='ltr'><strong>Irasorum</strong></span> <span class='ocrx_word' id='word_1_181' title='bbox 326 2675 426 2758; x_wconf 87' lang='lat' dir='ltr'><strong>regis,</strong></span> <span class='ocrx_word' id='word_1_182' title='bbox 458 2696 553 2760; x_wconf 90' lang='lat' dir='ltr'><strong>quam</strong></span> <span class='ocrx_word' id='word_1_183' title='bbox 576 2697 595 2738; x_wconf 88' lang='lat' dir='ltr'><strong>a</strong></span> <span class='ocrx_word' id='word_1_184' title='bbox 617 2676 723 2740; x_wconf 90' lang='lat' dir='ltr'><strong>multis</strong></span> <span class='ocrx_word' id='word_1_185' title='bbox 754 2675 858 2761; x_wconf 92' lang='lat' dir='ltr'><strong>procis</strong></span> <span class='ocrx_word' id='word_1_186' title='bbox 889 2676 1063 2761; x_wconf 86' lang='lat' dir='ltr'><strong>expetitam</strong></span> <span class='ocrx_word' id='word_1_187' title='bbox 1095 2681 1202 2760; x_wconf 89' lang='lat' dir='ltr'><strong>pater,</strong></span> <span class='ocrx_word' id='word_1_188' title='bbox 1232 2682 1269 2739; x_wconf 92' lang='lat' dir='ltr'><strong>ut</strong></span> 
     </span>
     <span class='ocr_line' id='line_1_24' title="bbox 136 2779 1268 2865; baseline 0.003 -24"><span class='ocrx_word' id='word_1_189' title='bbox 136 2779 283 2843; x_wconf 88' lang='lat' dir='ltr'><strong>maritum</strong></span> <span class='ocrx_word' id='word_1_190' title='bbox 304 2779 443 2842; x_wconf 81' lang='lat' dir='ltr'><strong>validum</strong></span> <span class='ocrx_word' id='word_1_191' title='bbox 476 2779 504 2843; x_wconf 85' lang='lat' dir='ltr'><strong>oi</strong></span> <span class='ocrx_word' id='word_1_192' title='bbox 535 2781 751 2865; x_wconf 83' lang='lat' dir='ltr'><strong>prospiceret,</strong></span> <span class='ocrx_word' id='word_1_193' title='bbox 780 2781 883 2845; x_wconf 92' lang='lat' dir='ltr'><strong>Danai</strong></span> <span class='ocrx_word' id='word_1_194' title='bbox 913 2781 1103 2864; x_wconf 71' lang='lat' dir='ltr'><strong>exemplum.</strong></span> <span class='ocrx_word' id='word_1_195' title='bbox 1126 2780 1268 2844; x_wconf 87' lang='lat' dir='ltr'><strong>imitatus</strong></span> 
     </span>
     <span class='ocr_line' id='line_1_25' title="bbox 137 2883 1267 2969; baseline -0.002 -22"><span class='ocrx_word' id='word_1_196' title='bbox 137 2884 166 2947; x_wconf 95' lang='lat' dir='ltr'><strong>ei</strong></span> <span class='ocrx_word' id='word_1_197' title='bbox 188 2883 348 2966; x_wconf 87' lang='lat' dir='ltr'><strong>promisit,</strong></span> <span class='ocrx_word' id='word_1_198' title='bbox 375 2883 429 2967; x_wconf 93' lang='lat' dir='ltr'><strong>qui</strong></span> <span class='ocrx_word' id='word_1_199' title='bbox 451 2905 561 2947; x_wconf 89' lang='lat' dir='ltr'><strong>cursus</strong></span> <span class='ocrx_word' id='word_1_200' title='bbox 585 2885 755 2949; x_wconf 88' lang='lat' dir='ltr'><strong>certamine</strong></span> <span class='ocrx_word' id='word_1_201' title='bbox 778 2885 923 2966; x_wconf 80' lang='lat' dir='ltr'><strong>uicisset,</strong></span> <span class='ocrx_word' id='word_1_202' title='bbox 953 2890 1124 2969; x_wconf 90' lang='lat' dir='ltr'><strong>postquam</strong></span> <span class='ocrx_word' id='word_1_203' title='bbox 1145 2884 1178 2946; x_wconf 94' lang='lat' dir='ltr'><strong>in</strong></span> <span class='ocrx_word' id='word_1_204' title='bbox 1202 2903 1267 2948; x_wconf 91' lang='lat' dir='ltr'><strong>car·</strong></span> 
     </span>
     <span class='ocr_line' id='line_1_26' title="bbox 135 2983 1268 3073; baseline 0.001 -24"><span class='ocrx_word' id='word_1_205' title='bbox 135 2986 227 3051; x_wconf 92' lang='lat' dir='ltr'><strong>minis</strong></span> <span class='ocrx_word' id='word_1_206' title='bbox 261 2985 388 3071; x_wconf 91' lang='lat' dir='ltr'><strong>Pythici</strong></span> <span class='ocrx_word' id='word_1_207' title='bbox 422 2988 497 3051; x_wconf 94' lang='lat' dir='ltr'><strong>noni</strong></span> <span class='ocrx_word' id='word_1_208' title='bbox 530 3007 559 3050; x_wconf 81' lang='lat' dir='ltr'><strong>r.</strong></span> <span class='ocrx_word' id='word_1_209' title='bbox 596 2990 655 3051; x_wconf 88' lang='grc'><strong>105</strong></span> <span class='ocrx_word' id='word_1_210' title='bbox 690 2987 905 3073; x_wconf 89' lang='lat' dir='ltr'><strong>appellatione</strong></span> <span class='ocrx_word' id='word_1_211' title='bbox 939 2985 1099 3068; x_wconf 73' lang='grc' dir='ltr'><strong>Λιβύσσας</strong></span> <span class='ocrx_word' id='word_1_212' title='bbox 1132 2983 1268 3069; x_wconf 79' lang='grc' dir='ltr'><strong><em>γυναικός</em></strong></span> 
     </span>
     <span class='ocr_line' id='line_1_27' title="bbox 135 3088 1270 3173; baseline 0 -19"><span class='ocrx_word' id='word_1_213' title='bbox 135 3089 312 3173; x_wconf 87' lang='lat' dir='ltr'><strong>significata</strong></span> <span class='ocrx_word' id='word_1_214' title='bbox 325 3096 384 3172; x_wconf 92' lang='lat' dir='ltr'><strong>est,</strong></span> <span class='ocrx_word' id='word_1_215' title='bbox 399 3090 432 3154; x_wconf 94' lang='lat' dir='ltr'><strong>in</strong></span> <span class='ocrx_word' id='word_1_216' title='bbox 444 3110 474 3154; x_wconf 88' lang='lat' dir='ltr'><strong>v.</strong></span> <span class='ocrx_word' id='word_1_217' title='bbox 489 3093 549 3155; x_wconf 87' lang='grc'><strong>106</strong></span> <span class='ocrx_word' id='word_1_218' title='bbox 561 3091 720 3156; x_wconf 89' lang='lat' dir='ltr'><strong>Pindarus</strong></span> <span class='ocrx_word' id='word_1_219' title='bbox 736 3112 806 3156; x_wconf 90' lang='lat' dir='ltr'><strong>eam</strong></span> <span class='ocrx_word' id='word_1_220' title='bbox 822 3093 1002 3172; x_wconf 78' lang='grc' dir='ltr'><strong><em>καλλίκομον</em></strong></span> <span class='ocrx_word' id='word_1_221' title='bbox 1013 3089 1145 3172; x_wconf 69' lang='lat' dir='ltr'><strong>dynastia</strong></span> <span class='ocrx_word' id='word_1_222' title='bbox 1158 3088 1270 3173; x_wconf 82' lang='grc' dir='ltr'><strong><em>κου’ραν</em></strong></span> 
     </span>
     <span class='ocr_line' id='line_1_28' title="bbox 136 3193 1268 3283; baseline 0 -26"><span class='ocrx_word' id='word_1_223' title='bbox 136 3195 274 3259; x_wconf 81' lang='lat' dir='ltr'><strong>vocavit.</strong></span> <span class='ocrx_word' id='word_1_224' title='bbox 320 3193 388 3267; x_wconf 80' lang='lat' dir='ltr'><strong>Quo</strong></span> <span class='ocrx_word' id='word_1_225' title='bbox 410 3194 496 3260; x_wconf 85' lang='lat' dir='ltr'><strong>facto</strong></span> <span class='ocrx_word' id='word_1_226' title='bbox 527 3196 559 3259; x_wconf 94' lang='lat' dir='ltr'><strong>in</strong></span> <span class='ocrx_word' id='word_1_227' title='bbox 590 3215 617 3259; x_wconf 83' lang='lat' dir='ltr'><strong>v.</strong></span> <span class='ocrx_word' id='word_1_228' title='bbox 643 3199 700 3260; x_wconf 91' lang='lat'><strong>111</strong></span> <span class='ocrx_word' id='word_1_229' title='bbox 726 3197 882 3279; x_wconf 75' lang='grc' dir='ltr'><strong><em>θυγατρί,</em></strong></span> <span class='ocrx_word' id='word_1_230' title='bbox 911 3197 996 3260; x_wconf 86' lang='lat' dir='ltr'><strong>inv.</strong></span> <span class='ocrx_word' id='word_1_231' title='bbox 1031 3199 1089 3260; x_wconf 76' lang='lat'><strong>117</strong></span> <span class='ocrx_word' id='word_1_232' title='bbox 1118 3193 1208 3283; x_wconf 80' lang='grc' dir='ltr'><strong><em>πέρᾳ,</em></strong></span> <span class='ocrx_word' id='word_1_233' title='bbox 1236 3195 1268 3257; x_wconf 94' lang='lat' dir='ltr'><strong>in</strong></span> 
     </span>
     <span class='ocr_line' id='line_1_29' title="bbox 135 3296 1269 3384; baseline 0.002 -25"><span class='ocrx_word' id='word_1_234' title='bbox 135 3318 163 3363; x_wconf 83' lang='lat' dir='ltr'><strong>v.</strong></span> <span class='ocrx_word' id='word_1_235' title='bbox 189 3299 250 3361; x_wconf 83' lang='lat'><strong>122</strong></span> <span class='ocrx_word' id='word_1_236' title='bbox 273 3296 428 3378; x_wconf 74' lang='grc' dir='ltr'><strong><em>παρθένον</em></strong></span> <span class='ocrx_word' id='word_1_237' title='bbox 454 3299 559 3364; x_wconf 67' lang='grc' dir='ltr'><strong><em>κεδνόν</em></strong></span> <span class='ocrx_word' id='word_1_238' title='bbox 588 3322 645 3384; x_wconf 93' lang='lat' dir='ltr'><strong>pro</strong></span> <span class='ocrx_word' id='word_1_239' title='bbox 669 3302 796 3367; x_wconf 89' lang='lat' dir='ltr'><strong>nomine</strong></span> <span class='ocrx_word' id='word_1_240' title='bbox 825 3301 908 3367; x_wconf 90' lang='lat' dir='ltr'><strong>illius</strong></span> <span class='ocrx_word' id='word_1_241' title='bbox 938 3301 1110 3366; x_wconf 86' lang='lat' dir='ltr'><strong>substituit.</strong></span> <span class='ocrx_word' id='word_1_242' title='bbox 1164 3298 1269 3377; x_wconf 86' lang='lat' dir='ltr'><strong>Adde,</strong></span> 
     </span>
     <span class='ocr_line' id='line_1_30' title="bbox 137 3401 1268 3491; baseline 0.003 -27"><span class='ocrx_word' id='word_1_243' title='bbox 137 3401 222 3486; x_wconf 85' lang='lat' dir='ltr'><strong>quod</strong></span> <span class='ocrx_word' id='word_1_244' title='bbox 244 3401 379 3467; x_wconf 82' lang='lat' dir='ltr'><strong>Euadne</strong></span> <span class='ocrx_word' id='word_1_245' title='bbox 395 3403 528 3469; x_wconf 89' lang='lat' dir='ltr'><strong>Pitanae</strong></span> <span class='ocrx_word' id='word_1_246' title='bbox 544 3403 724 3471; x_wconf 89' lang='lat' dir='ltr'><strong>Laconicae</strong></span> <span class='ocrx_word' id='word_1_247' title='bbox 747 3407 812 3470; x_wconf 87' lang='lat' dir='ltr'><strong>filia</strong></span> <span class='ocrx_word' id='word_1_248' title='bbox 827 3427 847 3469; x_wconf 92' lang='lat' dir='ltr'><strong>a</strong></span> <span class='ocrx_word' id='word_1_249' title='bbox 861 3405 890 3469; x_wconf 91' lang='lat' dir='ltr'>N</span> <span class='ocrx_word' id='word_1_250' title='bbox 894 3415 1014 3491; x_wconf 91' lang='lat' dir='ltr'><strong>eptuno</strong></span> <span class='ocrx_word' id='word_1_251' title='bbox 1033 3414 1109 3470; x_wconf 89' lang='lat' dir='ltr'><strong>nata</strong></span> <span class='ocrx_word' id='word_1_252' title='bbox 1123 3404 1268 3469; x_wconf 86' lang='lat' dir='ltr'><strong>carminis</strong></span> 
     </span>
     <span class='ocr_line' id='line_1_31' title="bbox 136 3504 1268 3594; baseline 0 -23"><span class='ocrx_word' id='word_1_253' title='bbox 136 3504 293 3592; x_wconf 89' lang='lat' dir='ltr'><strong>Olympici</strong></span> <span class='ocrx_word' id='word_1_254' title='bbox 321 3506 406 3569; x_wconf 83' lang='lat' dir='ltr'><strong>sexti</strong></span> <span class='ocrx_word' id='word_1_255' title='bbox 435 3507 467 3570; x_wconf 92' lang='lat' dir='ltr'><strong>in</strong></span> <span class='ocrx_word' id='word_1_256' title='bbox 496 3528 527 3572; x_wconf 81' lang='lat' dir='ltr'><strong>r.</strong></span> <span class='ocrx_word' id='word_1_257' title='bbox 560 3510 601 3572; x_wconf 89' lang='grc'><strong>30</strong></span> <span class='ocrx_word' id='word_1_258' title='bbox 632 3510 760 3574; x_wconf 90' lang='lat' dir='ltr'><strong>nomine</strong></span> <span class='ocrx_word' id='word_1_259' title='bbox 793 3510 921 3594; x_wconf 89' lang='lat' dir='ltr'><strong>proprio</strong></span> <span class='ocrx_word' id='word_1_260' title='bbox 951 3510 981 3572; x_wconf 91' lang='lat' dir='ltr'><strong>in</strong></span> <span class='ocrx_word' id='word_1_261' title='bbox 1013 3530 1042 3575; x_wconf 83' lang='lat' dir='ltr'><strong>v.</strong></span> <span class='ocrx_word' id='word_1_262' title='bbox 1075 3511 1115 3572; x_wconf 82' lang='lat'><strong>33</strong></span> <span class='ocrx_word' id='word_1_263' title='bbox 1145 3506 1268 3594; x_wconf 72' lang='grc' dir='ltr'><strong><em>βρέφος,</em></strong></span> 
     </span>
     <span class='ocr_line' id='line_1_32' title="bbox 135 3608 1267 3698; baseline 0.006 -29"><span class='ocrx_word' id='word_1_264' title='bbox 135 3626 248 3691; x_wconf 89' lang='lat' dir='ltr'><strong>nempe</strong></span> <span class='ocrx_word' id='word_1_265' title='bbox 271 3608 422 3690; x_wconf 88' lang='lat' dir='ltr'><strong>Pitanae,</strong></span> <span class='ocrx_word' id='word_1_266' title='bbox 445 3608 568 3677; x_wconf 90' lang='lat' dir='ltr'><strong>dicitur.</strong></span> <span class='ocrx_word' id='word_1_267' title='bbox 614 3612 740 3677; x_wconf 92' lang='lat' dir='ltr'><strong>Deinde</strong></span> <span class='ocrx_word' id='word_1_268' title='bbox 771 3613 802 3676; x_wconf 94' lang='lat' dir='ltr'><strong>in</strong></span> <span class='ocrx_word' id='word_1_269' title='bbox 826 3633 855 3675; x_wconf 82' lang='lat' dir='ltr'><strong>u.</strong></span> <span class='ocrx_word' id='word_1_270' title='bbox 878 3616 919 3678; x_wconf 91' lang='grc'><strong>49</strong></span> <span class='ocrx_word' id='word_1_271' title='bbox 952 3613 1079 3698; x_wconf 90' lang='lat' dir='ltr'><strong>quidem</strong></span> <span class='ocrx_word' id='word_1_272' title='bbox 1107 3619 1204 3696; x_wconf 89' lang='lat' dir='ltr'><strong>pocta</strong></span> <span class='ocrx_word' id='word_1_273' title='bbox 1226 3612 1267 3678; x_wconf 94' lang='lat' dir='ltr'><strong>ad</strong></span> 
     </span>
     <span class='ocr_line' id='line_1_33' title="bbox 134 3711 1342 3798; baseline 0.004 -25"><span class='ocrx_word' id='word_1_274' title='bbox 134 3730 249 3775; x_wconf 92' lang='lat' dir='ltr'><strong>nomen</strong></span> <span class='ocrx_word' id='word_1_275' title='bbox 281 3711 430 3778; x_wconf 81' lang='lat' dir='ltr'><strong>Euadnes</strong></span> <span class='ocrx_word' id='word_1_276' title='bbox 460 3714 572 3797; x_wconf 90' lang='lat' dir='ltr'><strong>rediit,</strong></span> <span class='ocrx_word' id='word_1_277' title='bbox 606 3715 662 3779; x_wconf 91' lang='lat' dir='ltr'><strong>sed</strong></span> <span class='ocrx_word' id='word_1_278' title='bbox 690 3717 722 3779; x_wconf 91' lang='lat' dir='ltr'><strong>in</strong></span> <span class='ocrx_word' id='word_1_279' title='bbox 753 3736 783 3780; x_wconf 84' lang='lat' dir='ltr'><strong>v.</strong></span> <span class='ocrx_word' id='word_1_280' title='bbox 816 3718 856 3781; x_wconf 85' lang='grc'><strong>56</strong></span> <span class='ocrx_word' id='word_1_281' title='bbox 891 3717 1003 3782; x_wconf 91' lang='lat' dir='ltr'><strong>eadem</strong></span> <span class='ocrx_word' id='word_1_282' title='bbox 1033 3715 1121 3781; x_wconf 88' lang='lat' dir='ltr'><strong>audit</strong></span> <span class='ocrx_word' id='word_1_283' title='bbox 1155 3711 1268 3798; x_wconf 82' lang='grc' dir='ltr'><strong><em>μάτηρ.</em></strong></span> <span class='ocrx_word' id='word_1_284' title='bbox 1336 3721 1342 3734; x_wconf 87' lang='grc'>’</span> 
     </span>
     <span class='ocr_line' id='line_1_34' title="bbox 134 3812 1269 3904; baseline 0.006 -28"><span class='ocrx_word' id='word_1_285' title='bbox 134 3812 267 3880; x_wconf 87' lang='lat' dir='ltr'><strong>Necnon</strong></span> <span class='ocrx_word' id='word_1_286' title='bbox 291 3814 502 3881; x_wconf 79' lang='lat' dir='ltr'><strong>Cassandram</strong></span> <span class='ocrx_word' id='word_1_287' title='bbox 526 3819 672 3883; x_wconf 88' lang='lat' dir='ltr'><strong>carminis</strong></span> <span class='ocrx_word' id='word_1_288' title='bbox 695 3819 822 3904; x_wconf 86' lang='lat' dir='ltr'><strong>Pythici</strong></span> <span class='ocrx_word' id='word_1_289' title='bbox 853 3820 1009 3885; x_wconf 91' lang='lat' dir='ltr'><strong>undecimi</strong></span> <span class='ocrx_word' id='word_1_290' title='bbox 1033 3820 1063 3883; x_wconf 94' lang='lat' dir='ltr'><strong>in</strong></span> <span class='ocrx_word' id='word_1_291' title='bbox 1087 3842 1116 3884; x_wconf 81' lang='lat' dir='ltr'><strong>v.</strong></span> <span class='ocrx_word' id='word_1_292' title='bbox 1143 3822 1269 3883; x_wconf 84' lang='lat'>19-20</span> 
     </span>
     <span class='ocr_line' id='line_1_35' title="bbox 134 3917 1271 4005; baseline 0.005 -25"><span class='ocrx_word' id='word_1_293' title='bbox 134 3917 292 3984; x_wconf 82' lang='lat' dir='ltr'><strong>Pindarus</strong></span> <span class='ocrx_word' id='word_1_294' title='bbox 334 3922 511 4000; x_wconf 76' lang='grc' dir='ltr'><strong><em>Δαρδανίδα</em></strong></span> <span class='ocrx_word' id='word_1_295' title='bbox 553 3921 647 4003; x_wconf 85' lang='grc' dir='ltr'><strong><em>κόραν</em></strong></span> <span class='ocrx_word' id='word_1_296' title='bbox 688 3921 832 4005; x_wconf 83' lang='grc' dir='ltr'><strong><em>Πριάμου</em></strong></span> <span class='ocrx_word' id='word_1_297' title='bbox 880 3922 1084 4005; x_wconf 82' lang='grc' dir='ltr'><strong><em>Κασσάνδραν</em></strong></span> <span class='ocrx_word' id='word_1_298' title='bbox 1128 3925 1271 3988; x_wconf 83' lang='lat' dir='ltr'><strong>nomina·</strong></span> 
     </span>
     <span class='ocr_line' id='line_1_36' title="bbox 134 4021 1271 4113; baseline 0.007 -30"><span class='ocrx_word' id='word_1_299' title='bbox 134 4021 196 4103; x_wconf 81' lang='lat' dir='ltr'><strong>uit,</strong></span> <span class='ocrx_word' id='word_1_300' title='bbox 246 4023 278 4085; x_wconf 93' lang='lat' dir='ltr'><strong>in</strong></span> <span class='ocrx_word' id='word_1_301' title='bbox 315 4044 343 4087; x_wconf 85' lang='lat' dir='ltr'><strong>v.</strong></span> <span class='ocrx_word' id='word_1_302' title='bbox 381 4026 421 4088; x_wconf 89' lang='lat'><strong>33</strong></span> <span class='ocrx_word' id='word_1_303' title='bbox 467 4024 596 4089; x_wconf 91' lang='lat' dir='ltr'><strong>nomine</strong></span> <span class='ocrx_word' id='word_1_304' title='bbox 633 4027 757 4092; x_wconf 81' lang='lat' dir='ltr'><strong>variato</strong></span> <span class='ocrx_word' id='word_1_305' title='bbox 805 4026 915 4107; x_wconf 81' lang='grc' dir='ltr'><strong><em>μάντιν</em></strong></span> <span class='ocrx_word' id='word_1_306' title='bbox 952 4025 1054 4108; x_wconf 84' lang='grc' dir='ltr'><strong><em>κόραν.</em></strong></span> <span class='ocrx_word' id='word_1_307' title='bbox 1121 4027 1271 4113; x_wconf 89' lang='lat' dir='ltr'><strong>Denique</strong></span> 
     </span>
     <span class='ocr_line' id='line_1_37' title="bbox 135 4125 1267 4216; baseline 0.005 -27"><span class='ocrx_word' id='word_1_308' title='bbox 135 4125 291 4192; x_wconf 83' lang='lat' dir='ltr'><strong>Alcmena</strong></span> <span class='ocrx_word' id='word_1_309' title='bbox 323 4128 471 4193; x_wconf 91' lang='lat' dir='ltr'><strong>carminis</strong></span> <span class='ocrx_word' id='word_1_310' title='bbox 503 4126 654 4195; x_wconf 89' lang='lat' dir='ltr'><strong>Nemeaei</strong></span> <span class='ocrx_word' id='word_1_311' title='bbox 688 4131 781 4216; x_wconf 93' lang='lat' dir='ltr'><strong>primi</strong></span> <span class='ocrx_word' id='word_1_312' title='bbox 814 4131 845 4194; x_wconf 94' lang='lat' dir='ltr'><strong>in</strong></span> <span class='ocrx_word' id='word_1_313' title='bbox 879 4152 910 4195; x_wconf 82' lang='lat' dir='ltr'><strong>u.</strong></span> <span class='ocrx_word' id='word_1_314' title='bbox 942 4133 1000 4211; x_wconf 82' lang='lat'><strong>35,</strong></span> <span class='ocrx_word' id='word_1_315' title='bbox 1035 4129 1090 4194; x_wconf 89' lang='lat' dir='ltr'><strong>ubi</strong></span> <span class='ocrx_word' id='word_1_316' title='bbox 1120 4130 1267 4196; x_wconf 88' lang='lat' dir='ltr'><strong>Herculis</strong></span> 
     </span>
    </p>
   </div>
   <div class='ocr_carea' id='block_1_5' title="bbox 136 4230 1268 4419">
    <p class='ocr_par' dir='ltr' id='par_1_6' title="bbox 136 4230 1268 4419">
     <span class='ocr_line' id='line_1_38' title="bbox 136 4230 1268 4334; baseline 0.005 -42"><span class='ocrx_word' id='word_1_317' title='bbox 136 4235 223 4294; x_wconf 91' lang='lat' dir='ltr'><strong>ortus</strong></span> <span class='ocrx_word' id='word_1_318' title='bbox 245 4239 409 4311; x_wconf 88' lang='lat' dir='ltr'><strong>narratur,</strong></span> <span class='ocrx_word' id='word_1_319' title='bbox 440 4230 546 4317; x_wconf 85' lang='grc' dir='ltr'><strong><em>μοίτηρ</em></strong></span> <span class='ocrx_word' id='word_1_320' title='bbox 581 4241 612 4298; x_wconf 91' lang='lat' dir='ltr'><strong>et</strong></span> <span class='ocrx_word' id='word_1_321' title='bbox 643 4235 675 4298; x_wconf 94' lang='lat' dir='ltr'><strong>in</strong></span> <span class='ocrx_word' id='word_1_322' title='bbox 699 4257 729 4301; x_wconf 87' lang='lat' dir='ltr'><strong>v.</strong></span> <span class='ocrx_word' id='word_1_323' title='bbox 754 4237 796 4301; x_wconf 89' lang='grc'><strong>49</strong></span> <span class='ocrx_word' id='word_1_324' title='bbox 824 4232 952 4301; x_wconf 87' lang='lat' dir='ltr'><strong>demum</strong></span> <span class='ocrx_word' id='word_1_325' title='bbox 981 4235 1110 4302; x_wconf 90' lang='lat' dir='ltr'><strong>nomine</strong></span> <span class='ocrx_word' id='word_1_326' title='bbox 1141 4236 1268 4334; x_wconf 80' lang='lat' dir='ltr'><strong>proprio</strong></span> 
     </span>
     <span class='ocr_line' id='line_1_39' title="bbox 136 4335 377 4419; baseline 0.017 -23"><span class='ocrx_word' id='word_1_327' title='bbox 136 4335 296 4419; x_wconf 89' lang='lat' dir='ltr'><strong>appellata</strong></span> <span class='ocrx_word' id='word_1_328' title='bbox 319 4343 377 4400; x_wconf 92' lang='lat' dir='ltr'><strong>est.</strong></span> 
     </span>
    </p>
   </div>
   <div class='ocr_carea' id='block_1_6' title="bbox 0 0 1483 4822">
    <p class='ocr_par' dir='ltr' id='par_1_7' title="bbox 0 0 1483 4822">
     <span class='ocr_line' id='line_1_40' title="bbox 0 0 1483 4822; baseline 0 0"><span class='ocrx_word' id='word_1_329' title='bbox 0 0 1483 4822; x_wconf 95' lang='lat' dir='ltr'><strong> </strong></span> 
     </span>
    </p>
   </div>
  </div>
 </body>
</html>
