2948 4808
680 242 896 305 ..32-

215 426 407 515 ἱεροταμίαν
438 451 512 496 esse
545 429 734 511 referenda,
766 432 959 517 praesertim
984 451 1057 496 oum
1080 432 1113 495 in
1139 431 1351 517 sequentibus

217 534 239 597 ii
280 535 334 619 qui
371 535 529 600 creationi
562 534 722 620 praelecti
751 519 844 599 eraut
872 534 1100 601 collaudentur
1134 530 1207 617 „dar
1239 527 1353 621 ἀνδρες

214 628 340 723 ἀγαθοὶ
364 635 508 724 ἐγένοντο
532 633 627 722 περὶ
649 631 696 701 τὰ
719 632 846 724 ἱ[ε]ρά
868 634 910 703 τὰ
933 635 1113 705 Λινδίωνιι.

301 750 351 815 De
375 750 547 816 Taorum
571 750 761 815 sacrificulis
784 750 871 816 idem
895 752 1012 837 probat
1033 753 1083 818 tit.
1107 750 1194 839 apud
1215 749 1354 816 LeBas-

216 854 337 922 Wsdd.
361 855 453 940 3Asie
482 855 560 920 min.
588 854 640 918 III
662 877 694 921 n.
711 856 752 920 88
776 857 859 920 usti
887 893 929 903 -
955 852 1013 920 καὶ
1034 850 1092 922 τὸν
1115 848 1273 941 πρύτανιν
1296 851 1352 920 καὶ

214 953 291 1037 τοάς
314 953 503 1045 ἱεροποιοὺς
523 955 581 1023 καὶ
596 952 657 1037 τὰς
675 953 803 1045 [dlllog
817 955 1081 1046 συνυρχίαςὶ).
1122 957 1254 1024 Pariter
1267 979 1352 1023 συν-

215 1058 409 1149 ἀρχοντες
430 1068 588 1128 vocantur
612 1058 778 1149 ἱεροποιοί
801 1062 890 1128 chii
914 1062 951 1130 C.
965 1062 992 1129 Ι.
1010 1062 1050 1130 G.
1067 1063 1103 1128 ΙΙ
1130 1062 1204 1131 εδδ.
1225 1062 1353 1137 marm

106 1161 109 1168 ’
214 1166 336 1232 ibidem
359 1188 478 1231 munus
502 1158 710 1252 ἀγωνοθέτου
734 1188 809 1232 oum
833 1162 1003 1252 ἱεροποιοῦ
1020 1168 1229 1232 coniunctum
1249 1187 1353 1253 penes

214 1282 314 1336 unum
349 1270 555 1356 eundemque
584 1279 635 1335 est
657 1271 779 1335 virum:
814 1272 906 1356 isque
929 1271 1018 1358 prius
1041 1271 1181 1336 militum
1204 1270 1272 1335 dux
1294 1270 1354 1336 luit

216 1398 313 1462 quam
337 1377 403 1441 alia
425 1397 563 1441 munera
586 1376 721 1441 subiret.

301 1487 352 1553 Na
368 1488 561 1574 Aegyptii
580 1487 710 1574 quidem
728 1481 893 1573 ἱεροποιοί
914 1485 966 1574 (O.
983 1486 1352 1573 Leuiodanum)

215 1592 347 1678 publiea
370 1593 530 1657 carebant
552 1591 759 1658 auctoritate.
807 1591 923 1676 ltaque
946 1591 979 1654 in
995 1585 1096 1655 'titulo
1120 1591 1223 1656 altero
1246 1590 1351 1678 Apol·

216 1695 323 1760 lonius
359 1702 435 1783 post
471 1716 631 1760 summum
677 1695 894 1761 sacerdotium
935 1689 1105 1781 ἱεροποιοῦ
1139 1717 1257 1760 munus
1294 1695 1351 1760 ad-

216 1800 419 1865 ministrasse
442 1798 572 1864 dicitur:
592 1792 816 1877 Ἀπολλιιὶνιος
833 1791 1043 1885 Ἑρμογένους
1064 1792 1353 1888 γυμνασιαρχήοας

216 1899 273 1967 καὶ
314 1896 564 1991 ἀγορανομήσεις
601 1901 658 1968 καὶ
694 1895 857 1989 ἀρχιερεὺς
889 1898 1057 1989 γενόμενος
1090 1902 1146 1967 καὶ
1187 1898 1355 1989 ἱεροποιὸς

216 2001 385 2091 γενόμενος
409 1999 534 2090 ὁμοίως
559 2008 619 2094 τῆς
643 2001 766 2072 Λύκων
796 2002 925 2085 πόλεως
948 2004 1005 2072 καὶ
1029 2001 1090 2085 τὰς
1109 1999 1211 2086 ἀλλοις
1232 1999 1355 2092 ἀρχὰς

217 2109 363 2198 διῆλθεν.
836 2185 838 2189 ,

304 2223 444 2289 Omnino
470 2225 669 2290 sacrificulos
692 2225 878 2310 ubieunque
895 2246 988 2290 sacra
1003 2225 1135 2312 publiea
1152 2223 1355 2289 sollemniter

188 2406 194 2417 ἱ
219 2328 431 2393 sacrificanda
448 2335 564 2393 aurant
578 2331 631 2394 vel
646 2330 818 2414 pecuniam
834 2350 961 2393 sacram
977 2328 1205 2392 administrant
1221 2328 1353 2413 publica

220 2433 412 2498 auctoritate
428 2432 596 2519 praeditos
613 2454 687 2497 asse
706 2439 960 2498 consentaneum
978 2439 1038 2499 est.
1073 2431 1353 2507 Quemadmodum

219 2537 377 2622 Myconi
398 2528 514 2625 Ἀθήν.
538 2536 571 2600 ll
586 2558 618 2622 p.
630 2539 692 2600 237
716 2559 764 2602 rs.
782 2540 815 2601 3:
838 2531 917 2602 τάδε
934 2531 1044 2615 ἔδοξεν
1059 2531 1243 2614 Μυκονίοις
1257 2530 1352 2600 θύειν

219 2635 304 2725 πρὸς
336 2643 408 2718 τοῖς
441 2635 600 2726 πρότερον
630 2638 687 2705 καὶ
724 2634 955 2727 ἕπηνωρθώθιγ
985 2637 1061 2725 περὶ
1092 2640 1156 2704 τῶν
1188 2637 1355 2725 προτέρων

219 2768 247 2809 κ.
264 2769 293 2809 τ.
310 2743 338 2809 λ.
362 2766 410 2812 vs.
436 2747 489 2807 17:
518 2744 623 2809 ταῦτα
653 2738 809 2810 διδόντων
831 2740 861 2810 οἱ
891 2740 1055 2830 ἱεροποιοὶ
1084 2735 1154 2809 ἀπὸ
1183 2744 1243 2810 τοῦ
1267 2740 1356 2829 ἱεροῦ

220 2841 383 2934 ἀργυρίου.
437 2847 565 2913 Ibidem
595 2848 703 2913 officia
726 2870 837 2914 eorum
860 2871 925 2913 nou
948 2847 1103 2913 differunt
1126 2848 1167 2912 ab
1191 2839 1355 2933 ἀρχόντων

220 2953 334 3016 osfioiis
358 2951 420 3038 (vs.
440 2955 478 3016 13
496 2950 596 3039 sqq.):
620 2953 748 3039 utrique
772 2955 920 3019 victimas
943 2953 1089 3038 aliasque
1113 2974 1165 3017 ras
1188 2951 1229 3016 ad
1252 2952 1351 3016 saeri-

221 3056 382 3121 fiaundum
405 3059 612 3122 necessarias
637 3078 826 3144 comparare
849 3057 1012 3124 iubentur.

308 3168 400 3233 Idem
421 3169 509 3234 valet
529 3170 562 3234 in
581 3170 696 3234 insulis
708 3153 872 3234 Euboea
888 3167 1051 3254 (Rangsb.
1064 3167 1099 3232 Π
1111 3170 1173 3232 957
1190 3189 1238 3236 vs.
1255 3168 1355 3253 5-8)

221 3280 254 3338 et
277 3273 319 3338 Io
343 3272 442 3359 (Ross
464 3274 561 3339 inser.
585 3271 642 3338 Gr.
658 3271 744 3337 ined.
761 3295 791 3337 n.
808 3276 859 3354 94,
882 3272 922 3338 of.
937 3271 1080 3337 Keilium
1105 3273 1138 3335 in
1162 3274 1234 3358 syll.
1258 3273 1355 3338 inser.

220 3380 367 3445 Boeotio.
394 3401 425 3465 p.
445 3382 502 3459 33,
529 3380 586 3444 ubi
617 3378 645 3442 si
675 3377 776 3443 Keilii
803 3378 1039 3465 supplementis
1061 3377 1157 3442 fidem
1185 3378 1355 3457 habemus,

220 3489 419 3548 memoratur
447 3482 548 3571 κῆρυξ
578 3483 831 3546 sacrificulorum
859 3484 953 3546 vab:
987 3475 1067 3559 ὅσας
1089 3480 1120 3545 δ’
1142 3474 1181 3544 ἀν
1202 3477 1248 3571 μὴ
1274 3474 1354 3566 ὃμο-

222 3581 366 3677 [λογήσγγ]
384 3580 512 3674 ἡμερῶν
526 3581 555 3671 γ’
571 3581 698 3674 stipulat
714 3586 761 3672 api
776 3583 852 3673 τῷν]
868 3581 1052 3671 ἱεροποιῶν,
1069 3577 1227 3673 ὀφειλέτω
1239 3581 1355 3652 ἑκατὸν

221 3686 381 3777 δραχ[μὰς
403 3689 461 3777 τῷ]
486 3686 659 3777 δημοσίῳ).

308 3804 462 3869 Ceterum
475 3804 623 3890 privati
639 3803 849 3888 collegiorum
861 3799 1026 3888 ἱεροποιοί
1039 3803 1241 3890 publicorum
1255 3807 1355 3869 sacri-

222 3908 389 3972 ficulorum
412 3907 640 3971 auctoritatem
664 3907 840 3972 imitantur.
886 3906 987 3972 Velut
1007 3906 1094 3971 Bull.
1119 3907 1160 3972 do
1179 3930 1260 3975 eorr.
1277 3909 1354 3973 hell.

294 4116 313 4178 1)
332 4113 371 4166 lle
390 4111 550 4180 συνιιρχίιιις
568 4112 601 4165 of.
621 4112 803 4180 Haydernann
821 4112 855 4166 de
874 4117 972 4167 senatu
992 4113 1204 4167 Atheniensium
1223 4114 1287 4167 diss.
1308 4116 1354 4168 Ar-

221 4204 359 4270 gentorat.
381 4201 448 4253 1880
465 4217 491 4268 p.
504 4199 539 4252 4‘2
557 4218 598 4267 sq.
