2970 4814
546 277 589 289 -
634 238 722 329 [ms]
768 279 810 290 -
1206 247 1246 309 ar

198 432 227 494 2.
264 429 367 494 Porro
398 428 574 496 videndum
597 439 663 511 cst,
692 455 772 518 quos
795 436 1074 520 grammaticos
1097 436 1130 500 in
1153 458 1247 500 usum

113 555 206 599 suum
238 537 437 602 converterit
460 537 615 605 Soranus.
661 539 725 614 Qui
756 542 841 605 enim
870 543 922 606 vel
951 541 1057 608 obiter
1079 542 1247 629 Etymolo-

111 639 221 723 gicum
256 638 385 705 Orionis
419 643 616 728 inspexerit,
654 665 727 710 eum
763 666 828 710 non
862 646 981 732 fugiet,
1017 647 1112 732 quarn
1148 670 1248 734 saepc

112 741 257 806 Soranus
274 742 344 828 ipse
362 743 395 807 in
411 745 682 830 originationibus
698 748 930 815 vocabulorum
948 750 1143 835 effingendis
1166 752 1247 816 alios

112 848 343 930 grammaticos
365 848 411 912 ita
434 847 630 931 laudaverit,
653 858 690 917 ut
712 874 827 918 eorum
850 854 1064 939 etymologias
1086 855 1248 921 0011010-

22 973 24 976 ⁴
111 971 187 1035 gras
211 951 250 1020 in.
266 951 385 1016 librum
409 974 504 1017 suum
520 955 693 1041 reciperet,
715 962 784 1037 aut,
805 957 832 1021 si
856 959 961 1023 minus
985 958 1049 1045 ipsi
1068 958 1248 1045 placerent,

114 1076 216 1120 novas
241 1053 281 1120 de
306 1077 364 1120 suo
383 1056 529 1123 adderet.
574 1058 637 1124 His
660 1066 769 1125 autem
793 1062 940 1127 frustulis
964 1085 1006 1128 ex
1029 1062 1248 1149 antiquiorum

114 1160 399 1244 grammaticorum
439 1162 567 1227 seriniis
601 1164 804 1252 depromptis
840 1188 956 1231 nomen
990 1168 1130 1232 auctoris
1171 1179 1253 1232 eon-'

114 1269 238 1329 stanter
273 1263 431 1332 adiecisse
465 1266 625 1332 Soranum
659 1276 751 1354 patet
784 1291 827 1335 ex
857 1270 989 1337 Orione.
1045 1271 1128 1336 Sunt
1159 1293 1248 1354 vero,

114 1388 193 1452 quos
216 1368 328 1433 laudat
352 1368 507 1450 Soranus,
530 1374 734 1458 grammatici
756 1374 809 1438 hi:

198 1472 329 1559 Apion
346 1496 352 1537 :
369 1473 422 1538 Et.
446 1475 491 1541 M.
514 1479 587 1557 541,
605 1479 660 1551 21;
684 1477 737 1544 Ε1.
762 1477 846 1544 Gud.
872 1481 944 1559 333,
963 1482 1014 1544 36.

198 1579 496 1667 Apollodorus:
513 1581 701 1662 Or.81,12;
725 1584 867 1664 00116,
884 1584 1175 1663 222Mel.111,5;
1193 1583 1249 1649 Or.

117 1686 256 1765 129,12;
280 1684 335 1749 Or.
352 1687 421 1765 163,
435 1687 490 1759 em
514 1685 568 1751 Or.
584 1689 685 1768 170,3
702 1688 742 1754 cl.
756 1687 812 1753 Or.
830 1691 899 1770 168,
913 1691 969 1763 233
994 1687 1249 1768 Et.M.541,20;

115 1789 252 1869 702,42.
632 1810 633 1817 ¹

200 1891 491 1958 Aristarchus:
510 1870 564 1958 Or]
590 1894 818 1974 52,17;Μο1.
845 1898 915 1976 108,
937 1897 986 1961 19.

200 1996 459 2061 Aristonicus
482 2020 489 2061 :
510 1996 564 2062 Or.
600 2001 669 2080 119,
687 2000 727 2061 27
758 1997 813 2083 (=
843 2000 913 2080 188,
934 2003 968 2083 61
991 2023 998 2063 :
1022 1998 1098 2063 Mel.
1122 2001 1174 2080 68,
1193 2000 1250 2072 24;

114 2101 171 2167 Or.
194 2104 246 2181 94,
266 2104 304 2164 19
321 2123 328 2163 z
344 2101 421 2165 Mel.
446 2103 498 2180 84,
516 2103 567 2167 20.

201 2203 494 2290 Philoxenus¹)
512 2227 518 2268 :
537 2205 595 2270 Or.
619 2209 705 2287 81,8
724 2229 730 2269 :
747 2207 824 2273 Mel.
842 2210 892 2286 75,
913 2209 964 2281 17;
988 2206 1043 2271 Or.
1064 2210 1169 2287 155,4
1193 2203 1248 2290 (=

118 2312 188 2389 190,
204 2307 260 2393 20)
285 2305 359 2396 [nisi
381 2308 487 2395 potius
509 2309 685 2374 Philoxeni
708 2311 907 2396 etymologia
929 2309 971 2374 ab
995 2310 1116 2375 Orione
1140 2306 1250 2373 addita

115 2434 222 2498 00000
246 2436 288 2479 ex
313 2412 437 2478 Sorano
460 2412 654 2501 deprompta
678 2411 765 2501 001];
787 2415 864 2479 Mel.
886 2417 936 2494 76,
954 2416 1009 2488 31;
1035 2412 1104 2501 [Or.
1124 2415 1249 2493 187,14

116 2517 157 2581 01.
181 2517 235 2582 Or.
264 2521 334 2598 164,
354 2522 392 2581 15
410 2540 416 2581 :
432 2517 510 2585 Mel.
529 2522 600 2600 119,
615 2517 659 2606 9].
770 2576 772 2578 ,

204 2727 224 2791 ¹)
243 2724 282 2778 De
301 2722 454 2779 Philoxeno
473 2724 578 2794 optime
596 2725 656 2800 egit
678 2725 712 2779 H.
735 2725 826 2779 Kleist
850 2725 880 2778 in
904 2723 1152 2786 commentatione,
1179 2738 1251 2790 0000

115 2809 288 2865 inscribitur:
315 2811 355 2866 De
374 2811 521 2866 Philoxeni
541 2811 717 2882 grammatici
738 2811 919 2866 Alexandrini
938 2810 1038 2865 studiis
1056 2807 1251 2878 etymologicis

115 2897 282 2968 (Gryphisw.
302 2899 388 2966 1866).
425 2898 479 2964 Oui
497 2917 559 2953 cum
579 2897 725 2952 Philoxeni
744 2897 876 2966 reliquias
896 2897 1001 2968 publici
1019 2896 1088 2952 iuris
1111 2894 1251 2949 100100600

116 2983 169 3038 sibi
197 2984 371 3054 sumpsisset,
400 2985 484 3055 paulo
511 2987 575 3055 post
604 2985 746 3039 intellexit
773 2985 991 3054 fragmentorum
1019 2982 1251 3038 Philoxeneorum

116 3071 205 3125 multo
228 3071 361 3126 maiorem
386 3075 494 3127 exstare
519 3071 641 3142 copiam,
667 3089 751 3140 quam
770 3088 842 3140 quae
863 3073 996 3141 angusto,
1020 3070 1095 3139 quod
1114 3085 1252 3125 commen·

116 3154 219 3210 tationi
245 3156 421 3211 academicae
447 3157 620 3221 conceditur,
647 3155 739 3226 spatio
766 3155 852 3226 recipi
880 3159 980 3225 posset.
1027 3154 1142 3210 Accedit
1168 3154 1251 3224 quod,

116 3242 278 3312 priusquam
296 3243 391 3297 omnia
403 3243 550 3297 Philoxeni
569 3243 673 3313 scripta
692 3242 819 3306 edantur,
837 3242 1178 3312 nonnullaelquaeationes
1196 3241 1252 3295 sin·

116 3329 227 3399 0010000
245 3328 429 3399 attingendae
448 3332 476 3383 et
494 3329 680 3384 absolvendae
703 3330 781 3392 sunt,
805 3346 877 3398 quac
896 3347 958 3383 oum
977 3327 1123 3383 Philoxeni
1141 3327 1252 3397 scriptis

117 3415 255 3470 artissime
274 3418 340 3470 sunt
358 3416 533 3471 coniunctae:
552 3416 730 3485 quaestiones
748 3415 809 3470 dico
828 3415 862 3469 60
879 3414 1070 3484 Epimcrismis
1088 3414 1200 3484 (quibus
1218 3432 1252 3468 ax

117 3502 242 3556 fontibus
266 3501 360 3556 hausti
383 3504 411 3556 01
434 3501 544 3555 cuinam
569 3501 658 3556 aetati
680 3499 842 3554 vindicandi
870 3500 952 3567 sint),
980 3500 1014 3554 de
1037 3500 1163 3555 frustulis
1187 3499 1252 3553 Phi-

118 3587 273 3643 loxenianis
292 3589 441 3657 (quaenam
460 3587 579 3641 frustula
601 3588 637 3641 ad
656 3586 748 3656 ipsum
766 3587 950 3641 Philoxenum
968 3586 1085 3641 redeant
1102 3589 1252 3650 auctorem,

118 3693 190 3745 quac
208 3675 358 3730 secundnm
377 3675 533 3730 doctrinam
551 3675 586 3729 dc
605 3673 745 3728 radicibus
761 3673 968 3743 monosyllabis,
987 3691 1071 3742 quam
1084 3673 1253 3728 Philoxenus

118 3762 148 3816 iu
171 3761 243 3818 libro
265 3761 327 3834 περὶ
345 3760 556 3833 μονοσυλλάβων
577 3760 707 3832 ῥημάτων
731 3763 759 3815 01
783 3759 843 3832 περὶ
870 3757 1127 3830 ἀναδιπλασιασμοῦ
1150 3760 1253 3815 diserte

120 3851 296 3918 exposuerat,
324 3867 342 3903 a
367 3848 557 3920 grammaticis
580 3846 741 3918 posterioris
768 3847 870 3902 aetatis
893 3848 951 3902 sint
977 3848 1133 3915 formatae).
1176 3847 1252 3901 Phi-

120 3934 264 3989 loxcnca
282 3935 370 4005 igitur
388 3952 422 3989 ea
439 3934 553 3990 nomino
570 3934 702 3998 frustula,
721 3951 792 4003 0000
810 3933 865 4003 ipsi
883 3933 1037 3988 Philoxeno
1056 3932 1150 3986 deberi
1169 3933 1252 3988 100110

120 4021 277 4092 perspicias.
314 4023 473 4092 Tantcperc
490 4024 584 4076 autem
603 4039 676 4076 nova
695 4019 753 4075 eius
773 4038 863 4089 neque
880 4020 979 4090 inepta
1001 4019 1036 4074 60
1054 4019 1253 4088 monosyllabis

120 4107 259 4164 radicibus
283 4108 410 4164 doctrina
431 4108 631 4178 posterioribus
649 4107 822 4176 temporibus
845 4107 921 4161 00110
944 4108 999 4170 001,
1023 4107 1056 4160 01
1080 4105 1253 4175 insequentis

121 4194 221 4248 aetatis
233 4194 430 4249 vocabulorum
447 4193 648 4265 originationes
662 4195 811 4263 pleraeque
830 4192 882 4246 hac
900 4192 1027 4246 doctrina
1045 4190 1102 4246 sint
1119 4191 1252 4255 imbutae,
