3030 4816
739 276 828 368 [338]

321 476 394 547 Non
425 481 573 546 ferebant
602 487 816 566 spectatorum
847 477 944 545 animi
976 477 1134 546 actionem
1166 475 1298 565 placide
1334 486 1372 546 et

219 597 382 675 tamquam
404 588 472 652 sine
495 594 582 652 motu
604 588 766 651 fluentem.
811 585 879 650 Nec
902 585 1094 651 dissimiliter
1116 586 1148 649 in
1164 586 1370 652 Heautonti-

220 714 414 775 morumeno,
438 713 520 777 quae
535 693 568 755 in
583 698 732 756 accurata
747 712 870 754 morum
891 689 1101 774 descriptione
1116 699 1273 774 versatur,
1292 691 1371 756 dili·

219 799 405 883 gentissima
423 797 541 861 domiui
556 796 663 880 gregis
679 795 861 860 defensione
876 817 955 880 opus
970 796 1040 877 fuit,
1058 802 1094 859 ut
1109 796 1219 860 fabula
1234 804 1370 881 specta·

220 902 343 966 toribus
366 900 652 983 commendaretur,
676 899 716 963 cl.
740 900 818 984 prol.
842 921 871 965 v.
896 902 936 963 35
959 920 1021 985 sq.:
1048 921 1086 963 ae
1107 920 1227 984 seraper
1250 921 1370 964 anuos

221 1026 364 1087 curreres,
387 1008 492 1068 iratus
514 1026 606 1068 senex
629 1056 635 1068 ,
660 1053 667 1068 .
693 1053 700 1068 .
724 1052 732 1067 .
756 1004 890 1067 adsidue
906 1004 1023 1088 uperrdi
1044 1007 1107 1068 siat
1129 1005 1207 1068 mibi
1222 1005 1369 1070 clamore

221 1129 340 1173 summo
364 1131 434 1172 cara
457 1108 562 1172 labore
585 1127 742 1172 mamare.

326 1213 480 1278 Stataries
504 1214 601 1296 igitur
619 1213 638 1276 i.
654 1234 682 1276 e.
707 1213 878 1296 quietiores
901 1212 1087 1295 comoedias,
1111 1213 1143 1275 in
1159 1213 1274 1297 quibus
1289 1235 1368 1298 per-

222 1339 370 1383 sonamm
393 1317 532 1381 moribus
555 1316 768 1401 perpetiendis
791 1323 822 1380 et
844 1315 1052 1400 depingendis
1082 1317 1232 1381 maiorem
1264 1324 1367 1402 poeta

223 1443 352 1507 operam
376 1422 483 1503 dabat,
506 1443 587 1506 quae
609 1421 737 1506 quidem
753 1420 794 1483 ab
810 1420 941 1484 eruditis
957 1420 1188 1504 spectatoribus
1204 1421 1366 1506 praeferri

224 1527 290 1590 fere
329 1526 459 1590 Graecis
496 1525 657 1605 solebant,
701 1525 838 1589 Romani
874 1532 1068 1608 spectatores
1105 1525 1365 1607 contemnebant,

225 1631 378 1693 motorias
418 1631 494 1693 ‘cum
541 1629 648 1692 labore
688 1628 846 1691 maxumo'
888 1635 975 1692 actas
1015 1628 1217 1712 postulabant
1256 1636 1289 1691 et
1329 1629 1366 1693 in

225 1733 345 1797 deliciis
377 1733 547 1797 habebant.
604 1732 742 1796 Tantum
777 1740 884 1796 autem
918 1733 1044 1808 aberat,
1086 1743 1121 1795 ut
1162 1732 1211 1796 vel
1250 1733 1368 1796 Attica

225 1837 387 1920 elegantia
431 1836 481 1900 vel
525 1836 620 1900 totius
668 1837 799 1900 actionis
844 1835 977 1899 artificio
1020 1835 1272 1916 delectarentur,
1316 1844 1368 1919 ut,

226 1941 491 2025 quemadmodum
516 1943 581 2024 ipse
605 1940 715 2003 Cicero
738 1942 770 2003 in
801 1940 981 2024 eloquentia
1011 1936 1208 2003 ‘immensum
1239 1940 1367 2023 aliquid

228 2045 443 2130 nfinitumque'
475 2045 691 2122 desiderabat,
720 2045 765 2107 ita
797 2045 828 2107 in
860 2065 892 2108 re
922 2045 1064 2107 scaenica
1095 2063 1219 2127 quoque
1250 2046 1358 2127 magis

227 2156 398 2211 actuosa
421 2156 563 2232 spectare
588 2150 750 2233 cuperent.
785 2148 962 2232 Propterea
985 2168 1093 2210 omnes
1114 2154 1238 2230 praeter
1253 2146 1370 2211 Heau-

228 2251 515 2315 tontimorumenon
540 2259 571 2315 et
595 2252 757 2336 Hecyram
787 2250 912 2314 fabulas
935 2249 1075 2321 Terentii
1107 2251 1256 2314 motoriae
1280 2260 1369 2317 sunt.

227 2352 277 2417 De
299 2375 361 2438 qua
385 2376 418 2418 re
442 2354 482 2419 el.
499 2354 616 2418 Donati
640 2356 740 2439 praef.
757 2354 798 2418 ad
813 2353 913 2418 Eum:
937 2361 964 2417 et
980 2360 1024 2416 est
1036 2354 1175 2435 palliata
1191 2353 1371 2418 Menandri

228 2466 333 2522 cretos:
363 2480 457 2543 quara
480 2461 532 2524 ille
553 2467 665 2523 auctor
688 2460 726 2523 de
744 2461 836 2542 fecto
860 2457 1078 2537 adulescentis,
1102 2459 1155 2542 qui
1177 2478 1208 2521 ae
1227 2477 1290 2540 pro
1314 2480 1368 2522 eu·

227 2563 327 2627 aucto
351 2565 464 2628 deduci
487 2565 530 2629 ad
552 2567 742 2629 meretricem
762 2583 879 2647 puseus
894 2570 948 2643 est,
971 2563 1159 2626 aorrrirreuit.
1198 2560 1311 2646 Itaque
1329 2586 1370 2627 esc

228 2688 347 2752 mopere
373 2675 467 2751 parre
490 2670 624 2732 motoria
654 2675 707 2733 est.
753 2668 844 2732 Idem
874 2669 975 2751 praef.
1006 2666 1046 2730 ad
1070 2666 1223 2751 Adelph:
1252 2666 1370 2731 Huius

229 2775 295 2832 totu
319 2774 401 2834 actio
425 2795 494 2835 cum
518 2775 559 2837 sit
583 2775 680 2836 cariata
705 2793 741 2834 erc
764 2778 894 2856 utroque
916 2792 1036 2855 peracre,
1059 2770 1182 2854 adfore
1202 2769 1370 2835 Terentia·

228 2895 431 2953 perornare,
460 2884 590 2960 praeter
621 2876 1014 2957 Hecatorrtiraorurrrcrroa,
1047 2882 1151 2939 tamea
1181 2876 1299 2938 maior-i
1330 2898 1370 2940 ex

226 2986 321 3060 porte
343 2982 478 3044 motoria
496 2988 558 3060 est;
580 3003 655 3045 rrara
671 2982 824 3044 statarios
846 2981 930 3043 locos
949 3000 1127 3063 perpaucos
1142 2978 1240 3043 babet.
1275 2979 1370 3044 Idem

229 3082 329 3164 praet.
352 3084 391 3147 ad
414 3085 558 3151 Phorm:
584 3085 676 3149 Haec
692 3086 793 3168 ipitur
813 3085 945 3166 proprie
968 3089 1031 3146 tota
1055 3085 1190 3145 motoria
1206 3089 1260 3164 est,
1283 3090 1311 3145 et
1335 3086 1370 3147 irc

231 3185 392 3267 affectibus
425 3191 591 3252 corretitrrtrr
624 3210 723 3273 paene
757 3187 944 3267 cardioribus,
978 3207 1073 3271 qaam
1107 3187 1241 3249 rectrices
1274 3186 1371 3250 stilus

226 3297 386 3372 posceret:
408 3294 473 3355 cisi
494 3294 577 3376 quod
600 3300 669 3356 arte
688 3299 799 3376 poetae
823 3293 928 3355 orrraic
951 3290 1113 3354 racderatc
1136 3296 1219 3354 aurit.

335 3397 447 3482 Itaque
485 3400 580 3462 etiam
619 3399 760 3463 Terentii
805 3405 910 3461 aetate
950 3418 1142 3482 quamquam
1182 3396 1370 3460 eruditiores

232 3499 384 3582 homiues,
412 3504 532 3566 nobiles
556 3505 706 3584 maxime,
737 3502 933 3586 elegantiore
962 3523 1055 3565 sensu
1087 3503 1119 3565 in
1150 3500 1370 3565 existimandis

232 3610 267 3666 ut
297 3604 464 3669 Menandri
496 3614 527 3669 ct
560 3607 755 3670 Philemonis
786 3607 915 3670 Graecis
945 3606 989 3669 ita
1020 3605 1143 3668 Latinis
1173 3604 1301 3666 Caecilii
1337 3612 1370 3668 et

233 3707 373 3772 Terentii
397 3709 514 3773 fabulis
538 3710 718 3790 utebantur,
746 3719 853 3773 tamen
876 3711 975 3772 maior
999 3730 1071 3793 pars
1101 3707 1281 3771 auditorum
1311 3710 1371 3772 eti·

233 3821 352 3874 amtum
383 3814 535 3877 eiusmodi
573 3815 702 3878 delicias
736 3813 936 3893 fastidiebat,
971 3820 1075 3874 motus
1109 3811 1241 3873 actionis
1273 3818 1372 3894 atque

233 3936 395 3979 sorvorum
412 3918 620 4000 petulantiam
636 3916 834 4002 requirebat:
859 3916 971 4000 quibus
987 3914 1182 3978 auditoribus
1195 3913 1245 3976 vel
1261 3917 1373 3997 paucis

234 4026 304 4102 post
321 4019 460 4084 'terentii
485 4030 617 4085 nrorteru
641 4023 731 4084 anuis
753 4028 875 4083 veteres
899 4020 1023 4083 fabulas
1046 4019 1135 4082 noris
1155 4017 1374 4100 multomagis

234 4124 359 4206 plaeere
377 4126 524 4208 prologus
548 4125 681 4188 Casinac
704 4124 873 4186 Plautinae
897 4125 1070 4208 profitetur.

338 4228 440 4301 Quam
468 4229 663 4291 fastidiosum
688 4227 784 4290 fuerit
807 4228 894 4310 vulgi
927 4227 1091 4307 iudiciunr,
1121 4232 1153 4287 et
1182 4223 1374 4288 Heautonti-

236 4332 412 4394 nrorunreui
442 4340 536 4415 utque
568 4333 715 4416 Hecyrae
747 4330 923 4393 actionibus
955 4330 1174 4408 confirmatur,
1209 4333 1241 4389 et
1273 4338 1375 4411 poeta
