3030 4816
690 286 779 374 am
1255 293 1296 359 α

167 483 257 549 Blaes
274 484 305 549 in
322 484 405 550 Mus.
418 483 520 548 Rhen.
535 486 586 563 35,
602 485 663 547 287
680 504 748 569 sqq.
779 481 936 564 κάτέρωτα
952 485 1071 572 Sapph.
1089 490 1117 567 1,
1133 489 1163 550 5.
1181 484 1297 570 χᾶτερα

166 589 300 654 Theocr.
325 592 377 670 30,
399 591 450 652 24.
476 622 519 639 --
539 585 601 651 Sed
625 608 689 651 non
712 588 815 651 solum
839 608 944 653 erasas
964 595 1013 653 καί
1031 598 1100 664 †e
1122 588 1207 653 111κά
1224 611 1298 655 con·

167 700 288 757 tractae
312 692 402 757 nobis
425 692 561 754 traditae
584 697 667 768 sunt,
690 712 802 755 uerum
827 691 924 755 ctiam
943 694 1114 758 nonnullae
1138 696 1170 758 in
1192 691 1239 776 κῆ,
1262 702 1298 758 ut

167 794 251 879 κῆγα
274 795 408 860 Theoor.
431 797 483 876 29,
507 797 544 876 33
568 792 647 876 κῆμε
671 793 805 859 Theocr.
829 798 881 876 29,
905 799 963 878 243
986 795 1063 879 νήπι’
1087 798 1220 862 Theocr.
1244 800 1297 881 29,

167 904 224 978 373
254 899 312 984 κήν
342 900 462 984 Sapph.
486 902 536 977 68,
560 901 589 963 3.
621 938 660 948 -
694 898 786 973 Quod
817 898 994 965 Ahreneius
1027 900 1082 983 (de
1104 901 1178 967 dial.
1202 901 1297 967 (11.1

168 1002 245 1086 202)
268 1003 404 1067 iudicat:
430 1002 631 1086 „Scripturas
653 1003 845 1086 ambiguitas
869 1025 910 1068 ex
926 1004 1130 1088 antiquorum
1145 1005 1295 1086 librorum

166 1130 237 1187 usu,
259 1109 309 1170 nai
329 1107 486 1190 integrum
512 1106 719 1187 seruantium,
753 1107 942 1191 explicanda
971 1108 1114 1193 uidetur3
1144 1110 1297 1175 Doricum

167 1212 392 1276 contractionis
415 1232 517 1294 genus
541 1211 585 1290 (in
601 1214 638 1294 η)
661 1210 815 1275 Aeolibus
837 1212 949 1277 melius
966 1212 1154 1277 conuenit“:
1176 1214 1208 1278 id
1226 1237 1298 1279 mea

166 1315 293 1401 quidem
316 1316 475 1378 sententia
497 1314 612 1379 falsum
635 1322 694 1380 est.
733 1313 817 1378 Nam
831 1315 993 1380 Theocriti
1017 1318 1165 1400 exempla
1181 1319 1296 1382 nullius

165 1419 317 1483 momenti
339 1425 431 1483 sunt:
453 1419 484 1481 in
508 1440 571 1483 uno
595 1417 774 1503 Sapphouis
799 1420 947 1501 exemplo
972 1420 1040 1502 (68,
1065 1420 1098 1501 3)
1122 1441 1185 1484 non
1209 1430 1296 1486 certo

166 1523 282 1585 tradito
304 1518 359 1584 κάν
382 1520 583 1584 scribendum
607 1527 665 1602 est,
689 1522 764 1606 quia
786 1523 817 1585 in
842 1524 955 1588 ceteris
979 1523 1134 1608 exemplis
1151 1525 1295 1589 omnibus

165 1625 249 1709 apud
273 1624 445 1689 Lesbiacos
467 1630 516 1687 καὶ
540 1629 578 1699 -l-
603 1650 615 1687 a
640 1626 788 1689 coalescit
808 1627 840 1689 in
864 1624 909 1689 κά.
968 1679 970 1684 .

266 1755 305 1818 In
328 1755 532 1839 inscriptione
556 1753 707 1817 Oebrensi
730 1754 906 1838 Lollingius
929 1753 1048 1839 (Mitth.
1072 1755 1120 1820 VI
1143 1778 1196 1841 pg.
1223 1757 1297 1839 120)

166 1858 270 1922 edidit
288 1854 446 1939 σ[ᾶ]μα’να“,
469 1857 522 1920 ubi
544 1857 637 1921 lectio
660 1856 755 1922 ualde
777 1865 826 1922 est
847 1859 978 1936 incerta,
1009 1880 1080 1922 cum
1110 1860 1189 1944 lapis
1217 1861 1296 1925 nihil

163 1962 316 2047 praebeat
339 1962 396 2025 nisi
421 1962 605 2029 faloam.
652 1960 747 2025 Certe
769 1962 866 2025 orasis
889 1962 940 2026 hic
954 1963 1018 2026 iarn
1034 1973 1204 2048 propterea
1223 1985 1295 2028 con·

165 2065 323 2129 stituenda
346 2085 409 2128 non
434 2073 492 2142 est,
515 2064 588 2149 quic
612 2084 706 2127 uoces
738 2064 810 2127 illae
841 2065 926 2128 nullo
959 2065 1055 2130 modo
1088 2073 1156 2132 arte
1187 2068 1297 2134 cohae-

164 2178 244 2233 rent.
290 2169 421 2232 Rectius
444 2188 501 2253 per
523 2168 707 2250 aphaeresin
738 2169 913 2232 scribamus
944 2168 1056 2252 σ[ᾶ]μα
1080 2167 1125 2232 ’ni
1156 2170 1297 2236 Σθενέλα

165 2279 220 2335 aut
243 2292 314 2335 cum
336 2271 470 2337 Roehllo
495 2271 534 2350 11.
559 2271 596 2334 G.
619 2272 659 2336 A.
683 2272 760 2352 503)
783 2270 884 2336 orcita
907 2271 949 2335 ’πί
973 2273 1124 2339 Σθενέλα.

317 2397 1296 2487 2η.110116116111161111κήνΑΙοια.17(74).Τ116011.

164 2504 180 2567 I
205 2503 613 2591 103.-4611110111
638 2506 709 2569 136.
735 2543 772 2554 -
797 2505 854 2593 κήκ
879 2506 932 2569 Ar.
956 2504 1037 2570 Ach.
1063 2508 1135 2589 790,
1159 2507 1213 2571 ubi
1229 2508 1297 2572 Me·

164 2629 329 2693 gerensem
353 2608 537 2691 loquentem
560 2608 650 2690 fingit
674 2618 777 2693 poeta.
803 2645 840 2653 -
866 2607 941 2689 κήνί
962 2609 1064 2673 Alcm.
1089 2612 1128 2673 70
1153 2607 1235 2693 (19).
1263 2647 1293 2652 —

165 2709 293 2794 κῆπειτα
326 2710 436 2795 Epich.
463 2715 511 2775 19.
538 2749 573 2756 -
601 2707 687 2795 κη’γαὶ
719 2712 833 2796 Sophr.
859 2715 897 2792 63
924 2712 1059 2777 Theocr.
1090 2713 1125 2776 ΙΙ
1158 2716 1228 2777 118.
1259 2752 1295 2762 -

163 2814 321 2897 κήρυθράν
343 2818 398 2880 Ar.
423 2817 505 2880 Ach.
531 2818 601 2880 781.
630 2855 665 2864 --
690 2814 781 2899 κήαεί
800 2816 934 2882 Theocr.
951 2816 984 2880 II
1011 2819 1081 2881 100.
1107 2853 1144 2862 —-
1169 2815 1248 2899 κὴμέ
1264 2815 1297 2881 Π

166 2918 313 2997 15931V
338 2924 368 2984 4.
399 2955 436 2965 -
469 2918 555 3003 κῆφα
579 2920 593 2982 Ι
617 2923 668 2985 82.
702 2950 742 2966 ⁴-
775 2917 883 3003 addioa’
906 2920 955 2986 IV
980 2925 1029 2985 36.
1063 2960 1102 2972 —
1132 2921 1297 3004 κη’ξαπίνας

167 3023 273 3087 1125.

212 3123 216 3128 ’
267 3133 487 3220 τήπιβᾶλλοντα
509 3136 535 3200 Ι.
560 3136 599 3200 G.
623 3135 662 3200 Α.
687 3138 749 3203 514
773 3136 1024 3220 (sicil-megan).

265 3255 1298 3341 nuncnuncmnnnwmo-do

164 3358 199 3423 (l.
223 3359 249 3424 I.
273 3359 311 3423 G.
335 3361 430 3439 2254,
456 3361 525 3424 133.
558 3362 714 3428 136166
747 3360 861 3440 (arch).
893 3401 932 3409 -
965 3360 1161 3444 κὴπαινίομεν
1193 3361 1296 3426 (11111111

163 3461 417 3544 5622011111).
443 3499 482 3507 —
506 3463 669 3551 arjleoihoc
691 3464 716 3527 I.
739 3465 778 3529 G.
804 3467 840 3530 Α.
865 3469 916 3547 79,
941 3467 977 3528 ll
1004 3463 1149 3548 (lacon).
1174 3505 1213 3515 -
1238 3464 1296 3548 κήκ

163 3565 189 3630 1.
200 3566 240 3632 G.
255 3568 293 3631 A.
308 3570 358 3646 79,
375 3570 412 3632 17
417 3619 424 3633 .
439 3571 490 3632 23.
505 3570 545 3635 29
559 3565 704 3651 (lacon).
725 3606 761 3616 -
780 3569 836 3651 κήν
859 3569 885 3634 Ι.
902 3570 940 3634 G.
956 3570 997 3634 A.
1016 3572 1065 3649 79,
1081 3573 1122 3634 24
1138 3567 1295 3652 (11111011).1

266 3827 274 3862 ¹
296 3830 373 3894 Apud
394 3828 583 3881 Pindarum
609 3830 645 3881 ol.
664 3830 733 3881 VIII
751 3828 785 3882 78
802 3832 934 3899 κὸννομον,
956 3832 990 3882 ol.
1011 3831 1082 3884 XIII
1102 3829 1151 3883 103
1169 3836 1296 3893 (etnam.

162 3912 222 3966 169
234 3916 261 3964 in
278 3912 356 3976 adn.)
368 3912 413 3966 κᾶν
425 3912 607 3964 Mommsenio
621 3913 694 3964 dedit
708 3931 741 3965 ex
754 3916 924 3967 coniectura:
944 3916 1094 3968 cuiusmodi
1108 3918 1193 3968 orasis
1206 3934 1296 3982 neque

163 4000 302 4051 codicibus
323 4001 439 4050 traditur
459 4015 548 4066 neque
568 4000 685 4051 Doricae
703 4002 833 4053 conuenit
852 4003 977 4053 dialecto.

265 4087 325 4138 Duo
352 4086 515 4151 deprehendi
544 4087 670 4152 exempla
695 4088 805 4155 κοινῆς
833 4088 1000 4147 dialecti,
1025 4089 1070 4141 ubi
1094 4115 1118 4141 m
1149 4091 1171 4147 l·
1200 4111 1212 4140 ν
1238 4090 1297 4156 in»,

163 4174 307 4225 coalescit:
328 4171 356 4224 G.
377 4175 397 4223 I.
418 4172 449 4224 G.
469 4172 544 4236 6276,
563 4171 579 4225 6
597 4171 642 4238 nair
662 4177 688 4224 et
706 4173 782 4236 6262,
801 4176 816 4225 4
835 4173 973 4240 aindoma.
1011 4175 1071 4226 Hac
1092 4175 1162 4227 dnae
1181 4177 1297 4243 inscrip-

164 4259 251 4310 tiones
265 4257 369 4309 Romue
387 4265 514 4309 seruatae
534 4259 559 4309 in
580 4259 680 4310 ceteris
700 4261 802 4325 epicam
823 4262 955 4326 praebent
969 4260 1125 4326 dialectum,
1144 4263 1188 4313 coi
1205 4279 1297 4314 crcses

163 4343 280 4394 Doricae
299 4359 393 4410 parum
413 4345 590 4396 conueniunt.

1146 4429 1203 4482 Ἃὴ-
