2962 4800
195 302 233 366 16
724 291 795 383 [m]

193 495 485 573 constitueres,
516 498 569 573 ut,
600 494 653 573 qul
674 510 769 572 reque
791 491 847 555 tibi
869 498 960 555 uotus
982 496 1078 574 esset,
1113 512 1224 576 meque
1248 496 1361 581 coqui·

192 610 288 666 torem
304 600 483 682 locupletem
499 599 600 675 claret,
625 600 766 676 quamuis
782 597 858 659 ciuis
872 593 1034 658 Romouus
1049 605 1142 679 esset,
1169 601 1208 663 iu
1226 624 1358 666 erucem

192 706 360 769 tolleretur.
405 703 486 766 Sesl.
511 703 553 764 30
582 699 600 779 ξ
630 702 688 762 64:
722 697 848 782 Ecquoo
876 720 934 762 voc
963 717 1113 780 uinquam
1150 711 1202 766 est
1237 707 1359 769 credito

194 806 388 872 consulum?
442 807 639 884 Quamquam
675 804 744 884 quis
781 802 865 865 ouol
872 805 957 865 iret
964 851 974 882 ,
1014 805 1043 865 si
1077 806 1227 870 maxime
1262 813 1358 890 ocrem

193 910 365 976 oelleut?

296 1014 394 1078 Notio
416 1013 591 1097 praesentis
613 1012 693 1074 inest
724 1010 756 1073 in
785 1010 969 1094 imperfecto
998 1020 1168 1095 protaseos
1200 1015 1300 1080 Sulla
1332 1020 1352 1080 8

186 1121 211 1202 '§
244 1121 302 1183 25:
340 1117 389 1180 Ac
419 1118 464 1194 si,
501 1115 635 1194 iudices,
674 1116 783 1176 ceteris
820 1114 969 1197 patriciis
1005 1134 1052 1177 me
1084 1121 1112 1177 et
1156 1138 1215 1181 oos
1257 1141 1352 1202 pere·

194 1224 305 1307 qriuos
333 1219 434 1283 olcleri
463 1224 638 1300 oporteret,
672 1237 693 1279 o
716 1215 875 1296 Torquato
899 1223 1003 1279 torueu
1023 1216 1082 1280 loc
1103 1221 1221 1283 citium
1247 1225 1288 1286 si
1295 1224 1308 1287 l
1315 1246 1350 1286 e·

193 1333 319 1390 retur.

299 1426 386 1491 (loni.
410 1426 512 1510 plusq.
536 1431 640 1488 exstat
662 1425 695 1486 in
718 1424 881 1487 enuntiato
902 1422 1086 1486 secundario
1110 1423 1184 1508 Lig.
1203 1429 1223 1489 9
1249 1428 1349 1508 §28:

194 1534 247 1614 quei
270 1533 303 1594 iu
326 1551 394 1593 eum
416 1530 515 1593 locum
530 1549 669 1608 oeueros,
692 1525 745 1589 oeli
767 1525 823 1589 tili
845 1532 949 1589 esset
968 1528 1253 1609 pereundum,
1280 1536 1349 1597 nisi

195 1636 328 1698 vicisses.

298 1738 442 1800 Tertium
464 1755 564 1819 genus
586 1754 698 1797 eorum
729 1740 777 1798 est
799 1733 1036 1796 enuntiatorum
1060 1735 1345 1822 condicionalium,

196 1861 331 1924 quorum
353 1840 385 1902 in
408 1838 536 1922 spodosi
556 1838 659 1921 plusq.
683 1836 775 1918 coni,
797 1837 829 1898 iu
852 1836 972 1919 protasi
995 1837 1073 1901 coni.
1098 1839 1201 1922 impfi,
1225 1843 1344 1925 quales

196 1951 269 2008 suut
292 1944 481 2021 arbitrarer,
501 1948 646 2023 metorer,
670 1941 827 2022 leguntur.
859 1939 1035 2012 Quocum
1058 1941 1126 2005 sino
1144 1963 1245 2007 eausa
1261 1949 1344 2010 soci·

196 2046 278 2109 disse
301 2045 435 2109 videtur.
481 2043 565 2107 Nam
587 2050 620 2107 et
641 2064 713 2106 raro
744 2050 876 2106 utuntur
901 2043 1040 2107 Romani
1062 2044 1172 2110 formis
1196 2069 1216 2110 a
1240 2052 1343 2132 parti·

197 2149 279 2232 cipio
308 2148 441 2231 perfecti
471 2168 553 2231 pass.
577 2147 689 2223 horum
713 2146 880 2209 verborum
903 2147 1051 2210 derivatis
1083 2155 1115 2211 et
1145 2150 1343 2237 plerumque

198 2274 270 2316 oum
300 2273 427 2316 sensum
455 2252 487 2314 in
514 2250 630 2314 talibus
652 2250 822 2313 enuntiatis
852 2251 953 2314 inesse
984 2251 1160 2333 voluerunt,
1189 2262 1226 2317 ut
1258 2259 1343 2320 actio

197 2352 390 2436 ‘arbitrandi,
414 2350 553 2438 putandi
575 2374 637 2416 nou
661 2352 802 2436 perfecta
824 2373 892 2416 esse
914 2353 947 2415 in
970 2355 1141 2439 praeterito
1165 2356 1340 2423 diceretur.

197 2458 267 2522 Iam
290 2457 491 2521 conferantur
513 2455 546 2518 hi
568 2455 647 2518 loci:

300 2562 381 2625 Mur.
409 2563 447 2622 14
470 2558 487 2639 §
510 2559 567 2622 32:
599 2575 657 2638 quo
682 2559 744 2637 illc,
767 2578 837 2621 cum
859 2566 945 2634 esset,
974 2566 1009 2623 ut
1031 2581 1086 2643 eqo
1109 2562 1188 2626 mili
1218 2573 1340 2648 statuo,

197 2665 289 2746 talis,
326 2665 447 2744 qualem
482 2669 510 2725 te
542 2682 606 2725 esse
642 2662 746 2742 uideo,
781 2680 951 2745 numquam
984 2669 1060 2726 esset
1094 2665 1279 2751 profectus,
1313 2675 1343 2735 si

199 2789 269 2832 cum
296 2767 490 2831 mulierculis
517 2764 693 2828 bellouclum
722 2764 1020 2829 orlitrorelur.
1065 2765 1247 2847 Neque...
1272 2793 1342 2837 rem

196 2871 355 2954 publicum
391 2867 573 2948 liberasset,
618 2868 682 2929 uisi
717 2867 797 2929 illml
833 2887 930 2950 qrooe
966 2866 1076 2932 bellum
1113 2876 1141 2932 et
1178 2872 1344 2940 oeleeueus

198 2978 427 3058 putaretur.
474 2969 566 3034 Verr.
590 2969 621 3032 V
645 2972 664 3033 2
692 2968 710 3049 ἓ
738 2972 774 3034 5:
804 2990 824 3032 o
855 2987 912 3049 quo
941 2972 991 3034 illl
1021 2979 1134 3035 eouotu
1155 2995 1222 3038 nou
1247 2984 1342 3042 tauto

200 3096 289 3160 opere
301 3074 487 3158 prohibendi
497 3073 647 3155 suisseut,
666 3075 695 3136 si
709 3073 777 3136 ullo
792 3074 826 3136 iu
843 3072 956 3137 Sicilia
969 3076 1133 3157 cercesicliu
1148 3079 1194 3141 ac
1208 3081 1344 3145 illorum

199 3181 365 3244 odoeutum
396 3180 540 3261 opposito
568 3183 835 3259 putarentur.
882 3178 978 3242 Arch.
1005 3182 1021 3242 l
1053 3179 1150 3259 §loz
1180 3184 1237 3261 qui
1262 3205 1343 3267 pro·

196 3286 291 3368 fecto,
314 3285 343 3347 si
363 3282 444 3346 nihil
475 3281 519 3345 od
547 3281 783 3364 percipiendum
816 3281 1034 3362 coleuolomoue
1054 3284 1199 3347 uirtutem
1224 3289 1345 3355 litteris

200 3388 516 3466 odireooreutur,
538 3402 700 3465 uuuquom
722 3404 754 3447 se
776 3384 820 3447 od
842 3406 952 3448 eorum
967 3385 1106 3449 studium
1123 3391 1343 3458 contulissent.

200 3490 267 3553 Mil.
284 3489 325 3550 30
348 3487 366 3567 ξ
388 3488 445 3551 82:
476 3485 561 3550 Nom
590 3486 766 3566 quaemihi
786 3487 850 3570 ipsi
871 3486 1038 3551 tribuendo
1061 3489 1133 3552 lous
1155 3499 1243 3573 esset,
1269 3516 1344 3559 cum

201 3598 325 3655 toutum
354 3591 388 3653 iu
419 3591 584 3653 eousielotu
615 3610 681 3652 meo
708 3610 770 3672 pro
802 3589 886 3654 cobis
908 3612 946 3653 oc
968 3590 1073 3654 liberis
1104 3595 1217 3656 uestris
1241 3607 1345 3662 coemes

200 3714 304 3775 essem,
327 3695 356 3757 si
376 3693 421 3774 iel,
444 3692 525 3773 quod
548 3690 700 3773 couolor,
723 3695 790 3755 siue
812 3695 961 3757 mouimis
984 3695 1240 3761 dimicationibus
1261 3702 1344 3764 meis

200 3817 247 3859 me
269 3816 333 3860 esse
355 3816 510 3860 ausurum
532 3795 799 3860 arbitrarer?

304 3898 510 3984 Reliquorum
533 3900 754 3983 exemplorum
776 3900 886 3963 similis
909 3907 957 3964 est
973 3910 1086 3966 nature
1104 3907 1200 3987 etque
1216 3926 1342 3989 eorum,

200 4003 240 4066 de
264 4003 377 4087 quibus
398 4023 493 4086 supra
516 4002 728 4085 disseruimus,
755 4004 910 4067 locorum.
955 4003 1039 4069 Nam
1061 4005 1283 4073 coniunctivus
1308 4013 1343 4076 iu

201 4107 246 4170 eis
268 4107 313 4170 ila
335 4106 401 4169 lere
423 4107 569 4190 ponitur,
599 4113 635 4169 ut
666 4113 822 4188 congruat
844 4127 916 4170 cum
938 4109 1130 4193 temporibus
1161 4109 1343 4178 formarum

201 4209 290 4272 verbi
311 4210 345 4271 in
366 4209 510 4291 longiore
543 4209 692 4272 orationis
720 4208 841 4272 ambitu
865 4210 914 4272 vel
938 4211 1194 4275 antecedentium
1217 4216 1271 4279 vel
1294 4238 1345 4281 se·

201 4307 374 4375 boentium.
419 4310 531 4394 Itaque
555 4333 594 4374 ne
616 4311 762 4375 substitui
793 4312 920 4396 quidem
952 4314 1137 4397 plerumque
1168 4316 1201 4378 in
1232 4318 1344 4386 locum
