2954 4808
646 290 735 382 [res]
1225 298 1263 368 rt

227 489 343 555 Mirum
368 509 444 554 sene
467 499 516 554 ost
537 510 632 574 quom
661 489 725 554 lato
752 488 801 553 hio
835 511 908 553 usus
939 489 1024 574 opud
1055 490 1262 557 Ainniianum

121 603 261 682 potent.¹
281 595 344 659 Sed
360 594 422 657 ism
442 613 509 662 rem
526 595 570 658 ite
588 613 797 678 exponemus,
814 602 849 658 ut
863 594 992 675 singulo
1008 592 1264 662 enuntiationum

124 718 246 785 genera
268 699 509 784 perlustramus.

228 802 255 868 I.
299 801 632 866 Enuntiotionss
663 800 835 866 finales:
870 808 921 876 ut,
952 823 999 867 ne.
1048 807 1096 867 14.
1135 808 1189 885 11,
1223 806 1264 878 26

119 909 240 991 pinnas
263 912 364 970 autem
389 906 457 970 ideo
479 907 528 970 illi
551 907 587 983 (i.
613 928 640 970 o.
665 904 810 987 Nemesi)
826 905 983 989 sabulosa
1006 914 1147 972 vetustos
1175 916 1266 991 apto·

122 1012 176 1091 ait,
208 1016 241 1073 ut
272 1010 380 1073 adesse
411 1011 570 1073 velocitate
600 1011 721 1077 volucri
752 1013 872 1074 cunctis
902 1012 1100 1079 existimetur
1110 1034 1122 1092 ;
1154 1016 1203 1078 14.
1237 1016 1265 1089 6,

123 1114 165 1178 23
188 1114 398 1196 excopitotum
421 1120 465 1175 est
492 1113 718 1177 adminiculum
742 1164 750 1179 .
774 1163 782 1182 .
807 1163 826 1194 .,
850 1115 945 1199 nequi
967 1162 974 1176 .
999 1164 1006 1178 .
1032 1107 1039 1177 .
1063 1117 1264 1181 amicum...

122 1210 248 1298 aideot;
278 1218 329 1281 20.
359 1220 388 1293 4,
418 1219 455 1280 15
488 1215 680 1282 resistebat.
707 1267 714 1282 .
741 1269 748 1283 .
772 1217 956 1301 obsecrans,
986 1238 1024 1281 ne
1048 1268 1055 1282 .
1081 1268 1088 1282 .
1113 1269 1120 1285 .
1144 1227 1266 1302 apatur

240 1342 312 1384 neue
454 1322 627 1402 excitarem
665 1322 812 1400 (eandem
852 1322 1045 1385 coniunctivi
1085 1330 1263 1406 temporum

125 1424 347 1500 historicorum
372 1424 557 1487 varietatem
581 1424 679 1489 hobas
703 1426 736 1488 in
759 1427 810 1490 25.
837 1428 866 1506 1,
891 1427 944 1507 12;
969 1427 1021 1489 22.
1046 1429 1075 1507 4,
1095 1428 1132 1508 2;
1160 1429 1208 1491 14.
1233 1430 1262 1508 6,

125 1531 184 1609 13;
208 1530 259 1592 28.
285 1532 314 1591 4.
339 1531 397 1592 13;
422 1526 575 1611 ampliora
598 1529 749 1611 leguntur
772 1549 846 1613 pag.
864 1531 942 1608 40);
967 1531 1018 1593 25.
1041 1527 1128 1610 3,16
1151 1550 1266 1594 munus

123 1639 226 1695 aretem
254 1633 298 1695 id¹
319 1631 397 1695 milu
428 1630 567 1694 delatum
599 1633 712 1714 optime
743 1634 817 1711 scio,
851 1652 889 1695 ne
920 1627 1166 1715 difficultatibus
1197 1632 1266 1696 sub-

123 1735 293 1799 cumberem
317 1786 324 1800 .
347 1783 354 1797 .
380 1784 408 1817 .,
431 1755 503 1797 neoc
533 1754 580 1797 me
609 1736 765 1818 proiciam
789 1786 796 1800 .
820 1784 827 1798 .
852 1784 859 1799 .
884 1742 941 1798 out
960 1742 1185 1818 prosternam
1213 1740 1264 1804 21.

124 1840 154 1917 9,
184 1842 202 1901 8
232 1847 268 1902 ut
297 1839 424 1903 desinas
443 1858 560 1921 pavere
579 1840 735 1921 porreoi;
766 1840 818 1903 25.
851 1841 879 1912 8,
915 1840 951 1901 12
974 1831 1096 1904 iussum
1125 1847 1169 1905 est

123 1949 385 2008 remeare...ut
409 1992 416 2007 .
441 1991 448 2005 .
474 1991 481 2006 .
506 1943 638 2005 consilio
662 1950 882 2028 quaerentum
908 1944 959 2006 27.
985 1945 1035 2024 11,
1059 1944 1166 2027 bfuit
1189 1993 1197 2008 .
1223 1994 1231 2009 .
1257 1995 1264 2009 .

122 2046 285 2111 blandiens
365 2054 400 2110 ut
414 2054 524 2110 noceat
532 2066 545 2126 ,·
567 2048 618 2111 27.
638 2049 687 2125 12,
705 2051 723 2110 l
740 2046 933 2111 ordinarunt
949 2095 977 2112 ..
993 2092 1004 2112 .·
1024 2047 1198 2128 collumque
1212 2099 1220 2114 .
1235 2098 1263 2113 ..

123 2151 259 2237 adpredi
282 2202 289 2216 .
315 2202 322 2217 .
348 2201 373 2231 .‚
395 2158 431 2214 ut
453 2152 574 2215 lateant
595 2151 631 2214 id
653 2157 839 2235 temptantes
857 2153 994 2234 polliciti
1009 2172 1040 2216 se
1058 2153 1243 2234 provisuros
1253 2173 1266 2233 ;

122 2259 174 2322 29.
198 2259 227 2336 5,
251 2261 291 2320 48
321 2260 407 2321 risus
434 2263 478 2321 est
502 2255 636 2320 Firmus
659 2306 666 2320 .
692 2304 699 2320 .
725 2308 731 2321 .
763 2256 897 2338 hortari,
929 2264 964 2320 ut
994 2257 1128 2339 dedant3
1159 2259 1211 2322 29.
1233 2257 1265 2338 5,

125 2368 139 2428 l
165 2364 281 2430 disseri
299 2362 435 2446 placuit,
457 2381 527 2424 ne.
552 2408 560 2423 .
586 2411 593 2425 .
618 2359 849 2437 confundatur.
1244 2380 1254 2390 ’·

211 2466 271 2533 ἸΙΙ.
317 2464 644 2530 Ennntietiones
680 2463 1000 2528 consecutivae:
1034 2469 1087 2544 ut,
1122 2470 1157 2526 nt
1190 2484 1263 2529 nan.
1312 2520 1314 2528 .

124 2573 173 2634 14.
198 2573 227 2648 6,
251 2572 292 2633 23
316 2567 520 2647 additumque
542 2574 587 2631 est
612 2617 619 2631 .
643 2617 650 2631 .
675 2617 682 2631 .
706 2567 877 2631 remedium
901 2568 991 2630 alind
1012 2568 1093 2630 satis
1109 2567 1263 2646 calidum,

123 2682 158 2738 ut
177 2674 327 2760 famulos
350 2721 357 2735 .
383 2721 390 2736 .
416 2721 423 2735 .
455 2690 519 2734 non
553 2678 625 2734 onte
657 2672 812 2754 recipiant
846 2672 973 2736 darnrcm
1006 2692 1101 2756 quom
1136 2673 1264 2735 lavacro

118 2778 330 2864 purpooerint
353 2794 475 2859 corpus.
523 2777 574 2839 22.
598 2776 628 2853 8,
660 2778 696 2839 15
727 2781 899 2840 stetere..
924 2826 931 2840 .
956 2782 990 2839 ut
1014 2827 1021 2841 .
1046 2824 1053 2840 .
1079 2825 1086 2839 .
1111 2775 1243 2839 credant
1252 2797 1265 2856 ,·

123 2882 175 2947 22.
204 2884 251 2956 10,
274 2882 315 2943 23
346 2885 374 2943 et
403 2879 492 2942 nullo
524 2881 750 2949 tormentoruni
778 2881 826 2942 ais
853 2881 990 2954 inveniri
1017 2879 1122 2944 adbuc
1149 2881 1264 2963 potnit,

123 3005 201 3069 quoe
217 3033 225 3049 .
242 3028 248 3043 .
266 3033 273 3047 .
289 2982 411 3047 lotroni
425 2982 522 3045 invito
542 2983 650 3046 elicere
659 2984 775 3067 potnit,
795 2989 827 3045 ut
843 3003 954 3055 nomen
975 2984 1140 3066 proprium
1157 2983 1244 3047 dicat
1251 3005 1265 3065 ;

123 3091 175 3153 23.
200 3092 229 3157 5.
253 3090 271 3151 5
295 3086 444 3171 quoniam
465 3085 556 3148 nulla
580 3087 626 3149 ais
648 3086 788 3151 bumccna
812 3086 858 3149 ael
881 3088 984 3150 virtus
1015 3089 1165 3151 meruisse
1195 3108 1263 3163 nme

122 3213 217 3278 puom
235 3192 351 3273 potuit,
367 3194 409 3252 ut
430 3189 513 3274 quod
533 3190 742 3273 praescripsit
756 3189 879 3273 fatalis
901 3189 979 3253 ordo
1010 3210 1074 3261 non
1091 3190 1194 3274 fiatp
1210 3192 1262 3256 23.

123 3299 155 3378 5,
177 3297 219 3360 20
241 3296 286 3358 ito
310 3294 538 3376 oppressit...
547 3342 557 3374 ,
579 3300 614 3356 nt
636 3293 770 3357 suadere
791 3291 878 3357 nobis
901 3291 1020 3357 laboret
1043 3341 1050 3356 .
1073 3341 1081 3357 .
1104 3341 1134 3374 .,
1155 3300 1263 3360 ut...

124 3400 292 3462 credamus
298 3418 311 3477 ,·
331 3400 385 3469 ,22.
410 3400 441 3479 4,
466 3399 485 3461 2
508 3415 640 3479 nomque
664 3396 837 3479 solendum
867 3402 921 3476 est,
946 3398 1126 3480 pleramque
1156 3418 1263 3469 eorum

122 3502 365 3588 (palatinorum)
385 3508 511 3584 portem
533 3503 683 3574 citiorum
704 3501 842 3564 omnium
859 3502 1129 3566 seminarium...
1147 3501 1264 3568 aluisse

122 3607 179 3686 ita,
202 3613 237 3670 ut
260 3625 326 3669 rem
346 3604 505 3687 publicam
526 3604 696 3687 infecerint
728 3602 953 3687 cupiditatibus
982 3605 1104 3687 proris,
1129 3603 1264 3690 piraque

122 3711 269 3794 exemplis
291 3730 385 3794 quom
403 3709 562 3792 peccandi
582 3710 706 3773 licentio
732 3707 892 3772 laederent
914 3710 1037 3772 multos.
1083 3708 1120 3772 In
1148 3707 1262 3776 ultimo

123 3811 207 3897 quod
233 3811 350 3895 protuli
373 3811 521 3896 exemplo
545 3810 721 3895 perlectum
745 3809 935 3873 coniunctivi
965 3810 1100 3895 ponitur,
1147 3800 1259 3889 Falsus

122 3915 220 3999 igitur
243 3924 291 3978 ost
310 3914 497 3997 *Dinogerus
521 3914 672 3999 (Syntex.
697 3913 711 3976 Ι
738 3911 850 3996 [1878]
873 3933 946 3998 pag.
970 3913 1057 3993 2lO)·,
1080 3935 1150 3992 cnm
1173 3912 1259 3980 huno

124 4106 187 4158 pag.
201 4085 295 4149 2-18,
309 4085 441 4152 imprimis
457 4084 556 4150 11,12;
574 4085 601 4148 3)
621 4085 861 4137 Prookoohius
880 4085 906 4136 in
927 4090 1103 4152 progrsmste
1118 4088 1262 4154 gymnasii,

123 4177 253 4228 Bautzsn.
275 4171 340 4225 1810
356 4187 418 4239 pag.
437 4173 467 4223 31
487 4188 542 4238 sq.;
564 4172 591 4234 t)
612 4173 643 4224 A.
655 4172 862 4238 Drsegorus
883 4172 911 4222 in
927 4173 1006 4223 'Hist
1026 4173 1130 4239 Syntex
1147 4172 1197 4225 der
1213 4175 1261 4226 lot.

124 4259 192 4329 Spr.'
219 4258 234 4325 ἕ
257 4257 316 4324 1333
340 4258 368 4321 5)
386 4258 619 4310 Knehnestus
640 4258 669 4310 in
693 4255 752 4310 ‘Die
772 4258 969 4325 Hsuptpunlsts
996 4259 1044 4310 der
1071 4259 1129 4311 Lis.
1149 4256 1263 4328 syntex'

124 4363 187 4416 pag.
206 4345 258 4399 210
276 4360 334 4413 sqq.
355 4345 493 4398 stsdnot.
515 4343 572 4398 102.

1127 4430 1163 4486 10
