2956 4822
629 323 720 409 [aaa]
1204 329 1245 394 as

111 523 209 600 poeta
231 515 417 598 Agesidami
440 517 568 580 victoris
591 516 717 580 nomine
740 518 869 602 proprio
895 518 1009 597 utitur,
1039 517 1093 583 sed
1117 519 1148 582 in
1173 538 1201 582 v.
1226 523 1245 583 2

109 629 141 685 et
174 644 203 684 v.
235 624 277 685 99
312 620 447 686 eundem
483 642 545 705 ope
579 622 749 686 locutionis
781 644 800 685 a
833 623 933 706 patris
967 624 1093 687 nomine
1126 624 1246 708 petitae

109 721 335 808 Ἀρχσστρσίτσυ
369 727 461 787 παῖδα
495 723 579 788 dicit.
642 725 755 790 Paullo
792 726 934 810 pluribus
973 727 1098 790 victoris
1135 726 1244 812 appel·

107 827 449 892 lotionibusabundat
479 848 605 891 carmen
635 828 836 914 Olympicum
868 837 1012 907 sextum,
1050 831 1095 914 (v.
1128 833 1146 893 9
1179 833 1246 892 Σω-

112 932 245 1013 στράτου
278 931 361 1010 υὲός,
396 953 424 997 v,
457 932 495 996 12
529 929 679 1016 Ἀγησίσ,
723 953 752 997 v.
786 933 825 998 18
857 932 945 1013 ἀνδρὶ
977 932 1081 1014 κώμου
1115 933 1246 1021 δεσπότᾳ

113 1037 310 1125 Συρακοσίῳ,
346 1057 375 1098 v.
406 1040 444 1100 77
475 1036 625 1119 Ἀγησίσ,
655 1057 681 1102 v,
705 1036 746 1102 80
780 1031 805 1098 a]
835 1045 893 1100 παῖ
914 1038 1116 1118 Σωστράτου,
1149 1058 1178 1101 v.
1202 1040 1243 1101 98

110 1139 271 1221 Ἀγησία).
325 1139 423 1205 Cuius
453 1140 534 1204 odae
566 1140 597 1203 in
627 1141 689 1204 fine
721 1140 804 1225 quod
837 1141 993 1214 Pindarus
1028 1142 1075 1206 bis
1108 1141 1147 1205 ad
1182 1142 1243 1205 vio·

109 1245 187 1308 toris
222 1265 336 1309 nomen
369 1245 480 1325 rediit,
519 1265 582 1307 non
620 1252 688 1308 erat
721 1266 777 1308 cur
811 1244 871 1309 hoo
905 1247 1036 1326 vitaret,
1076 1268 1145 1310 cum
1180 1266 1244 1309 non

111 1348 210 1412 solum
241 1352 344 1411 totum
376 1354 533 1431 systema,
570 1345 625 1412 sed
656 1347 751 1411 etiam
783 1348 1018 1412 circumlocutio
1049 1347 1103 1411 illa
1135 1343 1159 1409 ol
1190 1355 1249 1410 παῖ

114 1449 300 1530 Σωστράτου
322 1450 405 1513 inter
435 1456 601 1535 utrumque
624 1452 845 1535 repetitionem
869 1450 1054 1516 intercedat.
1100 1451 1245 1515 Praecla·

109 1554 266 1618 rissimam
289 1562 397 1618 autem
420 1554 505 1616 illam
529 1555 558 1617 in
584 1574 612 1619 v.
632 1556 671 1618 18
693 1554 898 1635 locutionem,
923 1576 980 1638 per
996 1576 1091 1640 quarn
1107 1555 1243 1638 Agesias

110 1659 341 1722 comissationis
372 1658 518 1722 dominus
549 1665 581 1721 et
611 1679 740 1743 praeses
769 1659 953 1743 insignitur,
985 1659 1143 1723 Pindarus
1171 1658 1243 1724 ideo

111 1762 312 1846 excogitasse
344 1761 487 1840 videtur,
519 1782 559 1826 ne
589 1762 619 1825 in
648 1762 758 1826 eadem
790 1785 915 1848 semper
944 1764 1073 1827 nomina
1103 1761 1244 1827 incidens

109 1865 249 1929 taedium
273 1865 475 1956 audientibus
499 1873 653 1930 moveret.
699 1867 750 1931 Ita
774 1868 859 1932 enim
883 1868 923 1930 de
953 1867 1110 1931 industria
1133 1887 1244 1930 omnes

112 1970 238 2033 victoris
263 1970 492 2055 appellationes
515 1969 712 2055 disposuisse
735 1971 880 2050 videtur,
907 1978 943 2034 ut
965 1970 1094 2034 nomina
1116 1971 1245 2055 propria

110 2074 261 2157 ampliore
284 2093 384 2158 usque
407 2074 566 2138 locutione
589 2075 776 2160 interposita
798 2075 945 2139 variaret.

212 2177 281 2240 Iam
306 2177 345 2241 ad
370 2178 507 2262 Pythice
531 2179 670 2242 carmina
694 2179 861 2243 transitum
883 2178 1048 2243 iaciamus.
1087 2178 1124 2242 ln
1143 2181 1244 2263 prima

114 2281 176 2344 oda
199 2281 346 2345 Hieronis
370 2281 642 2367 Syracusanorum
665 2284 748 2366 regis
764 2304 880 2348 nomen
897 2305 960 2347 uon
977 2286 1080 2348 minus
1098 2285 1247 2348 sollerter

110 2406 296 2470 expressum
320 2385 511 2449 mirabimur.
557 2386 651 2460 Quod
682 2408 808 2451 carmen
840 2409 911 2451 cum
943 2387 982 2450 ad
1007 2388 1133 2451 Aetnae
1157 2388 1244 2452 urbis

111 2511 212 2575 nuper
236 2492 276 2554 ab
300 2490 443 2555 Hierone
467 2492 615 2556 conditae
643 2493 756 2558 laudes
786 2493 1014 2577 praedicandas
1038 2494 1244 2578 compositum

111 2601 205 2676 esset,
228 2596 318 2659 utin
342 2596 411 2679 ipsa
434 2616 561 2680 quoque
584 2598 717 2661 victoria
734 2598 913 2662 Aetnaeum
938 2619 972 2661 se
995 2597 1167 2661 renuntiari
1191 2596 1245 2660 ille

110 2700 261 2777 iusserat,
290 2702 453 2784 aptissime
478 2702 579 2765 Hiero
603 2704 634 2765 in
661 2725 688 2767 v.
713 2705 749 2766 31
784 2701 896 2779 κλεινός
919 2700 1053 2785 οἰκιστήρ
1076 2701 1191 2765 dicitur
1214 2708 1246 2765 et

111 2803 142 2866 in
166 2804 313 2887 proximo
337 2804 463 2869 demum
488 2826 580 2870 versu
604 2827 661 2869 suo
685 2807 813 2870 nomine
837 2807 1024 2891 appellatur.
1063 2805 1188 2869 Deinde
1212 2806 1244 2868 in

112 2927 140 2972 v.
166 2908 206 2970 42
230 2906 390 2971 Pindarus
414 2908 549 2972 eundem
574 2909 756 2994 simpliciter
779 2909 854 2972 dicit
877 2915 973 2971 κεῖνον
994 2906 1106 2990 ἄνδρα,
1129 2930 1244 2993 nempe

111 3010 150 3072 de
175 3032 238 3094 quo
261 3032 365 3075 sermo
390 3019 447 3093 est,
471 3018 502 3075 et
526 3033 641 3077 nomen
665 3013 731 3076 eius
755 3014 786 3076 in
811 3036 839 3077 v.
861 3014 902 3077 56
925 3012 1096 3095 repetitum
1118 3011 1244 3076 duobus

111 3114 254 3178 versibus
288 3115 482 3199 interpositis
519 3117 562 3178 ita
596 3118 717 3197 variat,
754 3123 790 3179 ut
824 3116 1033 3180 Deinomenis
1069 3117 1124 3179 filii
1159 3116 1244 3180 illius

112 3218 272 3280 mentione
295 3217 378 3281 facta
397 3217 568 3282 Hieronem
592 3219 808 3303 appellatione
831 3217 960 3299 πατέρος
975 3219 1140 3302 significet.
1175 3219 1245 3282 Iam

109 3328 279 3405 postquam
323 3324 354 3385 in
399 3345 428 3388 v.
468 3327 508 3388 62
555 3325 659 3389 denuo
705 3326 744 3388 ad
791 3327 873 3408 regis
919 3346 1034 3390 nomen
1082 3325 1246 3410 proprium

113 3423 216 3507 rediit,
239 3425 271 3488 in
295 3447 323 3489 v.
343 3429 383 3489 69
407 3428 495 3491 illum
518 3429 647 3512 insignit
669 3429 773 3493 verbis
797 3426 915 3510 ἁγητήρ
938 3427 1015 3511 ἀνήρ
1039 3427 1245 3512 similiterque

109 3528 140 3590 in
172 3551 203 3594 v.
239 3532 279 3593 73
318 3532 513 3611 Συρακοσίων
549 3531 646 3620 ἀρχῷ.
703 3532 772 3596 Nec
812 3533 915 3596 minus
953 3532 984 3596 in
1024 3554 1055 3596 v.
1089 3534 1129 3596 79
1163 3531 1246 3595 inest

112 3634 236 3716 signum
270 3633 438 3717 Hieronis,
470 3635 523 3699 ubi
560 3637 722 3700 victoriam
757 3636 841 3720 apud
876 3635 1042 3699 Himeram
1076 3657 1095 3698 a
1128 3635 1245 3698 Poenis

112 3743 307 3821 reportatam
340 3758 410 3802 cum
435 3739 607 3804 Salaminia
630 3748 663 3804 et
685 3740 867 3805 Plataeensi
899 3747 1063 3823 comparat
1086 3738 1244 3801 Pindarus

111 3846 143 3903 et
176 3849 307 3925 propter
345 3843 432 3905 illam
467 3864 501 3906 se
535 3845 689 3909 παίδεσσιν
724 3842 921 3924 Δεινομένεος
957 3841 1075 3928 hymno
1109 3843 1245 3926 gratiam

110 3943 242 4028 adipisci
264 3946 426 4030 gloriatur.
466 3946 548 4010 Nam
569 3949 650 4012 inter
671 3948 876 4013 Deinomenis
896 3948 986 4024 filios,
1010 3948 1063 4030 qui
1082 3945 1246 4029 Carthagi-

109 4049 236 4113 nienses
252 4048 432 4113 Himerensi
444 4052 563 4136 proelio
579 4051 779 4134 devicerunt,
790 4052 840 4115 hic
852 4040 1051 4136 potissimum
1067 4051 1244 4114 Hieronem

108 4151 287 4233 significari,
313 4176 385 4217 curn
409 4162 507 4219 totam
532 4178 589 4241 per
612 4157 705 4220 odam
727 4177 843 4220 nomen
863 4156 932 4220 eius
947 4154 1131 4235 illustretur,
1154 4153 1246 4218 facile

110 4263 158 4319 est
187 4259 225 4320 ad
257 4259 519 4342 intellegendum.
572 4260 686 4345 Itaque
718 4282 759 4323 ne
788 4260 818 4323 in
851 4259 912 4322 hoc
945 4257 1072 4342 quidem
1106 4258 1245 4321 carmine

113 4358 273 4426 Pindarus
298 4364 356 4427 nisi
381 4364 660 4430 circumlocutione
684 4365 872 4451 interposita
893 4362 934 4428 ad
957 4364 1094 4450 priorem
1118 4364 1246 4428 victoris
