2962 4800
669 307 741 398 [er]
1234 312 1272 378 ar

142 501 293 592 loquendi
317 524 429 590 genus,
453 503 536 592 quod
560 505 755 571 Truculento
776 507 945 572 Plautinae
962 505 1178 573 Palatinorum
1195 507 1277 573 codi-

140 633 211 676 cum
234 610 386 676 memoria
409 611 508 675 innixi
531 611 627 676 modo
650 612 858 693 restituimus,
888 612 970 677 redit

140 713 248 779 CistI
269 720 294 796 l,
314 716 373 778 118
396 715 530 794 Quando
557 717 605 779 ita
634 714 690 779 tibi
717 716 809 798 lubet,
838 716 908 780 calc
937 722 1028 799 atque
1056 719 1163 782 selca!
1185 738 1215 781 ::
1236 717 1275 781 Si

924 822 1053 903 possim,
1075 823 1174 886 celim.

139 927 171 985 et
193 921 289 985 Stich.
306 924 369 985 486
398 919 460 984 Vin
483 921 527 985 ed
549 928 577 985 te
595 921 640 986 cd
662 943 770 987 ceream
792 921 941 987 veniam?
956 946 984 987 .·:
1002 923 1040 987 Si
1051 927 1163 1008 possit,
1176 927 1276 992 uelim.

163 1020 165 1024 ’
242 1024 453 1090 Conseruntur
476 1035 642 1111 praeterea
666 1049 720 1091 vv.
744 1026 841 1090 Truc.
867 1028 929 1092 376
952 1034 984 1092 et
1006 1027 1121 1094 Bacch.
1146 1031 1216 1094 179.

658 1217 676 1299 a
701 1220 750 1283 12.

243 1338 400 1413 Quoniam
431 1339 537 1403 multis
568 1339 646 1403 locis
677 1339 774 1404 modo
808 1341 837 1404 ai
864 1338 1011 1422 habeam,
1041 1340 1109 1406 dem
1139 1341 1276 1407 scribere

140 1442 354 1507 demonstravi
385 1442 503 1505 Plauto
534 1442 660 1507 licuisse
697 1442 791 1508 modo
823 1445 852 1506 si
881 1443 1041 1526 lrabereuc,
1075 1444 1202 1528 darem,
1236 1466 1276 1511 ne

139 1546 170 1610 id
194 1545 319 1631 quidem
344 1547 435 1610 nimis
459 1547 572 1609 mirum
604 1554 662 1628 est,
696 1547 780 1631 quod
812 1547 1002 1631 aliquotiens
1036 1548 1111 1611 talia
1140 1548 1275 1632 admisit,

47 1675 54 1681 ·
140 1651 233 1736 quale
258 1658 307 1716 est
329 1652 358 1715 ai
379 1650 517 1731 habeam,
541 1650 660 1730 darem,
684 1651 830 1735 neglecta
855 1651 975 1716 scilicet
999 1659 1175 1738 temporum
1201 1674 1276 1718 ana-

139 1755 232 1840 logia.
257 1755 328 1819 Hoc
344 1762 437 1841 pacto
454 1755 546 1820 facile
562 1756 764 1840 explicantur
778 1755 874 1819 rerba
888 1755 1000 1819 Plauti
1016 1757 1046 1819 in
1058 1755 1150 1822 Truc.
1161 1779 1190 1822 v.
1200 1760 1277 1822 830:

396 1856 481 1923 Nam
503 1860 620 1940 viuum,
651 1860 680 1923 ai
700 1858 849 1939 fabulari
877 1862 990 1943 possit,
1019 1881 1051 1926 ee
1080 1861 1279 1946 defendam

141 1972 173 2027 et
195 1962 268 2026 Aul.
293 1985 322 2027 v.
346 1964 426 2027 523:
471 1951 474 1956 ’

397 2065 609 2151 Conpellarem
640 2088 695 2150 eqo
720 2068 820 2149 dium,
851 2069 887 2132 m‘
907 2075 1053 2151 naetuam,
1075 2091 1113 2134 ne
1134 2070 1278 2152 desinat;

141 2171 188 2249 (id
212 2179 273 2237 est:
304 2169 432 2235 ‘dudum
459 2191 520 2254 ego
551 2170 639 2234 illum
669 2171 831 2235 allocutus
862 2192 974 2255 essem,
1005 2175 1065 2238 nisi
1095 2171 1279 2238 metuerem'

139 2274 314 2339 secundum
338 2297 430 2340 usum
453 2275 604 2359 loquendi
629 2261 903 2358 ciceronianum.)
948 2276 1069 2351 Quibus
1090 2278 1168 2342 locis
1183 2278 1277 2342 simil-

140 2380 233 2443 limus
265 2385 314 2443 eet
344 2399 454 2444 versus
484 2379 582 2443 Poen.
610 2381 686 2446 1251
720 2401 785 2465 sq.,
819 2380 874 2444 ubi
906 2380 989 2444 inA
1023 2381 1149 2465 quidem
1178 2381 1275 2446 tradi·

141 2489 207 2546 tum
232 2490 296 2546 est:

708 2590 900 2673 primumsi
928 2588 964 2652 id
983 2590 1061 2672 fieri
1089 2589 1189 2673 possit
1219 2588 1277 2670 (sic

904 2714 942 2756 an
966 2699 1071 2775 posset
1094 2691 1275 2776 incertum),

400 2792 447 2857 Nc
477 2794 610 2878 indique
645 2794 787 2878 indicaris
816 2795 866 2860 dei
897 2795 1027 2877 dorent,
1062 2796 1097 2859 td
1127 2817 1182 2881 eqo
1213 2817 1276 2860 eve·

932 2900 1027 2964 nisset
1049 2901 1173 2982 celicam

144 3005 174 3067 in
200 3002 358 3069 codicibus
382 3003 535 3067 Palatinis
558 3023 632 3067 vero
656 3002 731 3067 hoc:

706 3107 851 3189 primum
873 3108 902 3171 ei
923 3107 958 3171 ie
969 3107 1047 3190 fieri
1067 3108 1176 3191 possit,

397 3210 445 3275 Ne
466 3211 602 3296 indique
625 3210 768 3296 iectionis
784 3211 819 3274 di
834 3212 958 3293 dorent,
981 3212 1017 3276 id
1038 3233 1092 3296 eqo
1115 3214 1276 3276 evenire

1010 3317 1171 3380 uellem.

244 3419 351 3485 Verba
367 3421 486 3484 evenire
500 3419 604 3482 vellem
620 3418 799 3502 significant
815 3419 979 3482 voluissem
993 3425 1028 3482 ut
1045 3419 1158 3501 ficret;
1177 3421 1276 3503 possit

143 3533 251 3591 autern
271 3525 462 3606 generaliter
484 3530 579 3609 atque
602 3523 633 3587 in
658 3524 840 3587 universum
863 3521 981 3586 dictum
1003 3529 1051 3587 est
1072 3542 1131 3587 nac
1152 3523 1275 3588 ratione

140 3630 251 3695 habita
280 3629 430 3713 temporis
459 3628 631 3713 praeteriti.
676 3626 824 3691 Ceterum
860 3647 930 3689 curn
963 3634 1104 3710 ternpore
1126 3626 1275 3692 Plautino

141 3736 174 3798 in
196 3733 300 3797 forma
322 3733 426 3796 vellem
449 3733 612 3817 praeteriti
635 3731 823 3815 significatio
846 3731 914 3793 sine
937 3728 1032 3793 dubio
1047 3729 1111 3793 late
1126 3732 1274 3814 patuerit,

141 3838 360 3903 Palatinorum
393 3836 486 3900 lectio
520 3837 639 3899 evenire
673 3836 750 3899 mihi
783 3834 922 3918 genuina
956 3854 1024 3898 esse
1057 3833 1196 3898 videtur·
1216 3855 1275 3898 nec

141 3940 374 4027 comprobanda
397 3940 602 4004 Ambrosiani
625 3939 726 4004 forma
756 3941 919 4020 evertisset,
951 3958 1045 4023 quam
1067 3936 1274 4002 Rothheimer

140 4044 178 4129 (l.
194 4068 219 4110 c.
242 4068 273 4131 p.
289 4047 346 4126 49)
370 4046 425 4109 vix
448 4052 532 4108 recte
555 4044 777 4108 Palatinorum
800 4043 972 4108 memoriae
995 4042 1154 4127 praetulit.
1194 4042 1272 4104 Am-

141 4151 278 4216 brosiani
300 4150 393 4214 lectio
416 4149 560 4213 evertisset
584 4148 687 4211 uellem
711 4148 756 4211 ita
777 4155 846 4212 orta
868 4146 1003 4227 videtur,
1026 4152 1061 4208 ut
1084 4146 1179 4230 isqui
1195 4147 1272 4209 Am·

141 4254 319 4319 bresianam
342 4273 436 4336 quam
460 4272 607 4316 vocamus
629 4251 842 4316 recensionem
872 4249 1079 4333 conficiebat,
1110 4251 1274 4334 praeteriti

141 4359 297 4422 actionem
319 4379 380 4422 non
404 4358 480 4421 satis
502 4356 647 4420 distincte
670 4356 805 4439 exprimi
829 4354 930 4418 forma
958 4353 1043 4416 uellet
1067 4354 1275 4418 arbitraretur
