3030 4816
230 293 271 360 ts
753 288 844 380 [sio]

230 507 259 552 v.
282 491 320 553 6:
359 484 403 552 Et
425 488 454 552 is
476 485 531 573 qui
552 488 683 572 scripsit
704 487 786 553 banc
809 488 845 552 ol
868 509 937 553 earn
959 509 1024 553 ran
1047 485 1148 554 noluit

360 590 483 658 Iterum
505 594 637 676 referre,
660 595 831 657 utiterum
851 600 955 677 posset
977 594 1121 658 uendere.

230 693 388 761 Nimirum
421 717 463 760 ex
496 695 625 781 Hecyra
660 697 810 779 exclusa,
845 718 915 762 oum
950 697 1047 760 semel
1083 696 1251 776 veniisset,
1296 696 1386 761 nihil

232 799 413 865 detrimenti
446 801 531 887 oepit
564 806 661 886 poeta
695 807 808 885 postea
842 799 979 865 eandem
1013 801 1130 865 iterum
1167 800 1383 866 venditurus.

231 901 430 969 Confirmant
451 925 520 969 rem
543 904 672 969 Horatii
696 924 805 969 versus
828 905 921 988 epist.
944 903 980 966 II
1006 907 1034 987 l,
1059 907 1119 968 175
1142 923 1207 989 sq.:

360 1007 460 1072 Gestit
481 1010 563 1073 enirn
586 1010 645 1087 (se.
663 1006 814 1091 Plautus)
837 1027 999 1072 nummum
1016 1009 1184 1072 inlocales
1199 1007 1382 1091 demittere,

1174 1119 1248 1194 post
1270 1111 1335 1181 bec

360 1215 499 1280 Securus
522 1215 619 1279 eadat
641 1236 685 1279 an
706 1222 791 1280 recto
812 1222 870 1280 stet
887 1214 1008 1298 fabula
1030 1214 1104 1279 talo.

335 1319 413 1394 Quis
437 1328 545 1384 autem
569 1321 682 1385 emerit
704 1319 847 1384 fabulam
869 1341 889 1383 a
910 1326 1008 1404 poete
1022 1316 1197 1401 venditam,
1220 1319 1264 1383 de
1280 1341 1323 1386 ea
1340 1344 1380 1388 re

230 1425 368 1490 dubitari
398 1433 506 1511 potest
536 1447 575 1491 ex
607 1426 731 1491 duobus
764 1427 972 1512 prologorum
1002 1427 1193 1491 testimoniis
1221 1427 1307 1491 inter
1340 1453 1379 1494 se

229 1530 375 1615 diversis.
419 1530 502 1596 Nam
525 1530 631 1596 verbis
654 1531 737 1596 Eun.
761 1532 843 1616 prol.
867 1552 896 1596 v.
921 1533 960 1594 19
984 1552 1047 1615 sq.:

848 1656 943 1720 quam
965 1655 1050 1699 nunc
1073 1634 1179 1698 acturi
1200 1654 1324 1718 sumus,

331 1737 509 1803 Menandri
523 1738 723 1820 Eunuchum,
742 1745 908 1823 postquam
932 1740 1048 1803 aediles
1070 1745 1211 1804 eruerunt
1233 1759 1282 1823 sq.

229 1864 294 1907 non
316 1844 393 1907 satis
417 1843 585 1908 convenire
608 1842 757 1907 videntur
773 1842 914 1906 Ambivii
929 1842 1101 1930 Turpionis
1117 1842 1238 1906 domini
1261 1846 1377 1929 gregis

230 1967 341 2011 versus
365 1944 485 2031 Hecyr.
509 1947 590 2030 prol.
615 1945 648 2009 II
672 1969 702 2011 v.
728 1949 767 2009 47
792 1967 877 2031 sqq.:
946 2003 953 2014 .

359 2047 434 2113 Mea
459 2070 557 2113 causa
581 2069 712 2113 eausam
735 2052 866 2134 accipite
888 2056 917 2113 el
940 2050 1012 2113 alate
1035 2051 1203 2131 silentium,

364 2152 409 2217 Ut
426 2152 529 2218 lubeat
552 2154 688 2218 scribere
710 2155 784 2217 aliis
806 2153 940 2238 miliique
962 2160 997 2217 ut
1021 2154 1138 2217 discere

358 2255 472 2322 Nonas
494 2258 640 2340 expediat
659 2256 792 2342 posticae
809 2259 915 2341 pretio
937 2263 1056 2341 eruptus
1077 2278 1153 2322 ineo.

229 2361 418 2446 Explicatur
448 2382 509 2443 res,
541 2362 566 2425 si
588 2360 759 2425 Bitsclrella
789 2359 937 2446 (Parerg.
960 2383 991 2446 p.
1015 2361 1077 2425 327
1102 2361 1163 2446 sq.)
1196 2360 1375 2448 oredimus,

230 2465 350 2529 Donati
374 2465 579 2531 adnotatione
608 2465 697 2529 alteri
727 2465 797 2530 loco
826 2465 1002 2550 adscripta:
1034 2467 1249 2530 aestimatione
1277 2487 1297 2530 a
1322 2489 1377 2533 me

229 2566 288 2652 (sc.
305 2591 324 2633 a
341 2570 470 2634 damino
487 2569 607 2655 gregis)
622 2571 726 2652 facta,
741 2576 893 2655 plantum
909 2569 1025 2633 aediles
1042 2570 1171 2634 darent:
1193 2576 1221 2632 et
1233 2573 1378 2653 proinde

228 2694 274 2737 me
294 2673 505 2757 periclitante,
528 2675 557 2737 si
579 2673 699 2737 abiecta
714 2673 845 2756 sabula,
869 2695 889 2738 a
912 2695 959 2737 nne
979 2676 1127 2756 pretium,
1155 2675 1239 2758 quad
1259 2683 1376 2758 poetae

230 2779 477 2860 numerauerint,
499 2785 659 2861 repetant:
694 2798 769 2861 erpo
791 2775 871 2842 ‘meo'
894 2799 914 2841 a
936 2799 983 2841 rue
1004 2778 1104 2860 facto,
1128 2799 1149 2842 a
1170 2799 1217 2841 me
1239 2785 1374 2847 statuto.

230 2880 353 2955 Quibus
382 2881 522 2967 probatis
546 2880 669 2945 Ritselal
696 2881 792 2946 adicit
819 2883 1008 2966 plerumque
1038 2891 1168 2966 poetam
1199 2903 1263 2947 non
1296 2905 1373 2949 eum

230 2984 375 3050 ludorum
400 2987 602 3050 curatoribus
625 2986 702 3071 ipsis
725 2985 780 3050 sed
804 3007 875 3050 eum
896 2986 1025 3051 domino
1048 2987 1155 3072 gregis
1178 2987 1292 3070 egisse,
1317 2990 1374 3072 qui

230 3088 369 3152 fabulam
385 3091 569 3154 aestimaret
583 3089 783 3174 pretiumque
801 3096 916 3173 poetae
933 3090 1120 3154 solvendum
1138 3091 1375 3156 acuratoribus

230 3191 380 3256 ludorum
422 3193 619 3278 impetraret:
666 3192 764 3278 idque
805 3194 923 3259 diserte
965 3193 1096 3258 indicari
1138 3193 1217 3280 prot
1259 3193 1370 3263 Heau.

231 3314 260 3359 v.
283 3296 325 3359 43
348 3318 433 3382 sqq.:

358 3399 445 3468 Naue
466 3421 551 3464 nunc
573 3421 676 3465 nouas
698 3402 752 3485 qui
774 3400 926 3483 scribunt,
950 3401 1031 3466 nibil
1048 3409 1191 3486 parcunt
1212 3404 1296 3466 seni:

361 3504 399 3568 Sl
420 3525 500 3589 quae
521 3504 722 3587 laboriosust,
745 3505 789 3569 ad
810 3526 858 3569 me
881 3507 1025 3569 curritur
1035 3527 1048 3587 ,·

359 3607 398 3672 Si
418 3608 497 3672 lenis
519 3614 573 3690 est,
595 3608 639 3672 ad
662 3610 761 3672 alium
784 3609 929 3691 defertur
951 3630 1087 3693 prepara,

230 3711 284 3775 ubi
314 3711 463 3775 ‘curritur'
491 3712 533 3776 ad
556 3719 669 3797 poetas
701 3702 817 3776 rectius
850 3734 946 3798 quam
979 3713 1019 3778 ad
1053 3712 1174 3777 aediles
1203 3711 1373 3782 referatur.

230 3812 420 3878 Rectissime
441 3813 473 3877 id
499 3814 646 3899 quidem:
670 3817 727 3881 sed
751 3836 791 3880 ex
816 3816 876 3880 hac
899 3816 1116 3901 negotiatione
1144 3817 1169 3879 is
1198 3815 1251 3900 qui
1279 3837 1373 3883 suam

232 3938 361 4002 operam
383 3920 599 4003 interponeret
621 3917 768 3983 dominus
790 3921 898 4004 gregis
923 3927 1010 3985 certe
1028 3925 1166 4004 emptam
1183 3941 1250 3984 suo
1268 3923 1372 4006 pretio

231 4022 428 4086 comoediam
451 4021 558 4084 dicere
582 4042 646 4086 non
668 4029 806 4106 poterat.
852 4021 965 4108 Neque
989 4025 1091 4107 magis
1112 4024 1230 4088 sufficit
1251 4023 1372 4090 Donati

231 4125 396 4190 adnotatio
414 4125 453 4188 ad
471 4126 583 4189 verba:
604 4128 707 4209 pret-io
730 4132 850 4209 carpitus
869 4149 934 4192 meo
958 4127 1093 4214 (Hecyr.
1109 4126 1189 4212 prol.
1206 4126 1240 4190 II
1255 4148 1285 4192 v.
1302 4131 1372 4212 48),

232 4251 274 4292 ex
296 4250 359 4314 qua
380 4229 586 4294 adnotatione
606 4229 709 4314 pretio
728 4240 850 4315 emptas
867 4252 920 4295 eas
937 4232 1106 4296 dumtaxat
1120 4230 1246 4296 fabulas
1261 4231 1372 4298 dicere

232 4333 532 4416 licebatAmbivio,
564 4355 699 4420 querum
724 4335 863 4420 pretinm
895 4335 935 4401 ab
966 4337 1035 4421 ipso
1067 4336 1262 4421 exigeretur,
1295 4358 1373 4403 enm
