2956 4822
178 269 221 333 34
700 257 792 346 [130]

282 458 402 545 Rogati
418 458 507 542 leges
524 478 543 520 a
559 477 616 521 sex
633 454 709 520 uiris
724 456 921 541 conscriptas
944 475 1002 519 rex
1024 452 1115 518 iubet
1128 453 1161 518 iu
1177 454 1322 537 comitiis,

178 563 325 629 nimirum
358 563 456 627 totius
487 582 591 626 nouae
622 561 774 639 ciuitatis,
809 580 943 644 quorum
977 566 1009 623 et
1031 558 1101 622 Teii
1132 564 1163 623 et
1185 558 1322 624 Lebedii

179 669 349 755 participes
371 667 444 731 siut.
480 666 600 730 Tamen
624 685 730 750 neque
746 685 765 727 a
781 663 891 748 legum
914 665 1033 729 latione
1056 683 1168 726 manus
1191 684 1322 746 prorsus

179 772 328 854 abstinet,
353 791 424 834 cum
440 778 473 834 et
489 771 535 835 eis
554 790 691 854 poenam
715 769 926 834 comminetur
948 771 1000 854 qui
1025 769 1113 853 leges
1136 769 1322 852 rogaueriut

178 877 288 957 malas,
312 875 344 940 h.
369 896 398 940 e.
422 875 521 960 ipsius
546 873 641 938 rebus
664 872 836 953 aduersas,
863 874 942 937 etsi
965 873 1042 956 quid
1064 873 1148 936 iuter
1170 871 1266 935 Teios
1289 859 1340 937 et¹

178 979 339 1044 Lebedios
371 1000 435 1043 uon
467 979 672 1058 conuenerit,
704 999 739 1041 se
769 977 872 1062 ipsum
906 976 1108 1041 decreturum
1132 997 1202 1041 csse
1226 976 1320 1042 dicat.

179 1084 289 1150 Mitius
306 1090 412 1147 tarneu
428 1081 661 1153 interuenieudi
680 1102 782 1165 genus
807 1088 863 1161 cst,
888 1081 974 1167 quod
997 1104 1031 1147 ss
1053 1082 1180 1146 tertiam
1202 1081 1322 1145 electu·

178 1210 248 1253 rum
279 1209 350 1253 esse
384 1187 548 1251 ciuitatem
581 1185 736 1272 promittit
770 1207 854 1271 quae
884 1185 927 1250 de
956 1186 1002 1250 eis
1031 1185 1127 1249 rebus
1161 1186 1321 1266 decernat,

178 1292 298 1358 scilicet
329 1313 370 1355 ex
401 1291 525 1356 ciuibus
556 1291 621 1355 suis
653 1290 739 1355 uiros
771 1289 894 1374 aliquos
923 1290 1023 1373 eligat
1052 1291 1106 1374 qui
1127 1291 1322 1356 arbitrorum

179 1417 312 1461 munere
335 1395 522 1480 fungantur.

283 1499 368 1564 Auni
390 1499 494 1584 spatio
518 1500 607 1584 leges
630 1520 731 1564 nouas
756 1499 867 1563 confici
889 1520 949 1564 rex
970 1499 1069 1564 iubet.
1109 1499 1191 1564 (lum
1214 1506 1319 1563 tamen

179 1605 306 1670 interim
330 1604 379 1666 ius
402 1600 533 1687 aliquod
556 1622 625 1666 esse
648 1602 774 1682 debeat,
801 1603 964 1687 quomodo
987 1602 1049 1667 hoo
1072 1602 1247 1667 curandum
1269 1604 1321 1681 sit,

180 1708 364 1773 ciuitatibus
380 1728 414 1771 so
431 1707 613 1791 permisisse
632 1707 716 1772 dicit.
749 1706 844 1780 Quod
866 1707 937 1772 Teii
960 1709 1026 1772 suis
1050 1707 1172 1792 legibus
1194 1707 1322 1771 iuterim

179 1812 335 1878 utendum
361 1832 431 1878 esse
453 1811 646 1890 censuerint,
670 1810 829 1886 Lebedics
853 1812 1022 1876 oblocutos
1046 1832 1126 1877 esse.
1159 1811 1267 1887 Quare
1285 1835 1321 1877 se

179 1917 229 1982 his
253 1916 459 1995 concessisse,
487 1922 522 1978 ut
546 1936 587 1978 ex
611 1914 674 1978 alia
697 1915 833 1998 quadam
858 1916 987 1980 ciuitate
1010 1915 1100 2000 leges
1123 1936 1322 1982 arcesseren-

179 2027 249 2102 tur3
280 2026 376 2103 atquo
410 2019 505 2082 etiarn
536 2018 619 2081 hanc
648 2018 812 2083 ciuitatem
847 2018 1026 2102 eligendam
1049 2041 1085 2083 se
1108 2020 1222 2104 legatis
1252 2042 1322 2105 per·

179 2124 313 2189 misisse.
345 2123 407 2196 Qui
427 2143 499 2186 oum
516 2122 792 2207 compromiserint
807 2123 840 2186 in
855 2121 998 2188 Coenum
1014 2124 1187 2204 ciuitatem,
1206 2125 1321 2189 horum

179 2227 268 2313 leges
291 2249 327 2291 se
349 2226 474 2291 interim
497 2235 585 2291 ratas
608 2227 676 2290 fieri
699 2226 804 2309 uelle,
827 2226 867 2291 ad
892 2225 1033 2291 Coorum
1056 2229 1263 2312 magistratus
1287 2251 1321 2293 sc

180 2333 353 2417 scripsisse,
376 2336 414 2394 ut
435 2331 524 2416 leges
537 2330 689 2395 Teiorum
711 2330 826 2416 legatis
850 2330 1074 2396 describendas
1098 2333 1320 2397 concederent.

180 2432 271 2518 (Hoc
286 2435 383 2499 modo
401 2437 520 2520 optime
536 2434 803 2518 Dittenbergorus
820 2457 948 2501 uersum
965 2438 1006 2499 60
1022 2434 1187 2520 restituit.)
1223 2436 1322 2502 Deui-

179 2559 242 2624 que
262 2539 387 2622 legatos
412 2541 487 2624 eligi
509 2541 598 2604 iubet
621 2540 674 2624 qui
695 2540 796 2603 tribus
819 2540 929 2605 diebus
952 2549 1026 2625 post
1049 2540 1089 2604 ad
1108 2541 1195 2625 leges
1220 2562 1321 2605 arces·

181 2643 296 2708 seudas
329 2643 579 2728 proficiscantur.
646 2644 737 2718 Quae
769 2645 824 2709 ubi
857 2651 1023 2709 menstruo
1057 2646 1161 2731 spatio
1197 2646 1321 2710 adlatae

180 2746 308 2830 fuerint,
332 2755 367 2810 ut
380 2749 587 2832 magistratus
606 2750 781 2813 seeundum
798 2771 852 2814 eas
868 2749 958 2835 leges
982 2749 1187 2835 designentur
1210 2749 1322 2815 decem

180 2850 294 2915 diebus
318 2853 460 2918 statuit¹.

286 2954 376 3030 Quae
400 2976 472 3020 curn
495 2965 635 3043 reputes,
658 2980 715 3022 rex
734 2958 884 3022 uidelicet
899 2957 1029 3022 Graecis
1046 2960 1184 3023 maxime
1200 2980 1321 3024 morem

180 3060 321 3143 gessisse
345 3059 502 3126 uideatur.
549 3061 672 3125 Mireris
696 3070 803 3126 tamen
827 3084 882 3126 cur
906 3063 1045 3127 Ooorurn
1070 3065 1234 3128 ciuitatem
1253 3064 1321 3129 Teii

181 3169 215 3226 et
230 3160 364 3227 Lebedii
389 3162 552 3249 elegerint,
575 3187 648 3230 oum
665 3164 790 3231 Derieis
811 3166 936 3251 legibus
959 3167 1006 3230 uti
1025 3167 1121 3232 lones
1144 3169 1321 3251 postulasse

182 3267 311 3331 minime
341 3270 594 3352 exspectamus,
632 3269 691 3334 nisi
720 3271 902 3354 Antigonus
932 3271 977 3334 eis
1008 3271 1068 3335 hoe
1097 3273 1319 3356 suggessisset.

182 3369 273 3445 Quae
287 3393 357 3436 oum
372 3373 415 3435 ita
426 3373 499 3455 siut,
513 3372 728 3437 Lebedicrum
742 3373 986 3439 aemulationem
999 3395 1128 3439 oausam
1143 3377 1320 3460 speciosam

181 3476 249 3560 regi
271 3476 458 3562 praebuisse
481 3479 709 3565 suspicorque
734 3478 864 3543 consilia
888 3500 947 3542 sua
963 3478 1048 3542 Teiis
1071 3480 1256 3545 insinuaret.

285 3580 393 3666 Atque
430 3603 486 3647 our
519 3582 659 3648 (luorum
695 3584 895 3669 potissimum
932 3582 1056 3668 legibus
1094 3606 1150 3649 eos
1184 3587 1230 3649 uti
1264 3608 1321 3650 rex

184 3765 389 3774 *ᾳ-

287 3880 296 3914 ¹
315 3878 383 3932 llire
395 3878 616 3946 Waddingtonus
629 3896 737 3932 uersum
748 3877 783 3933 65
794 3879 834 3932 sio
845 3880 1039 3946 interpretatus
1053 3886 1106 3931 eat:
1127 3879 1178 3947 „Et
1187 3882 1234 3934 dix
1243 3882 1321 3950 jonrs

183 3965 244 4031 plus
268 3964 331 4016 tard
357 3981 425 4018 roua
444 3971 471 4018 et
492 3967 530 4018 les
550 3964 705 4018 Lebcdiens
731 3983 799 4019 rous
824 3982 892 4019 rous
918 3983 951 4018 eu
977 3963 1151 4033 presentarea
1170 3969 1210 4020 les
1229 3970 1322 4035 copies

183 4047 342 4103 certificent
378 4051 463 4103 Immo
482 4050 612 4112 ἀποδεῖξαι
631 4052 663 4106 τά
681 4051 768 4122 ἆρχεῑα
796 4069 855 4104 esse
885 4054 1079 4117 „magistratus
1111 4051 1222 4104 ereare“
1251 4062 1323 4107 recte

184 4143 275 4190 mouet
294 4138 530 4203 Ditteubergerus.
568 4141 604 4191 cl.
623 4140 695 4191 tituli
715 4141 859 4208 Smyrnaei
879 4141 952 4192 inira
971 4139 1091 4190 enarroti
1111 4155 1135 4189 v.
1154 4138 1195 4191 77.
1226 4139 1322 4208 Polyb.

183 4221 209 4290 4,
221 4220 264 4289 35,
275 4223 302 4290 a,
316 4224 361 4278 ubi
375 4224 405 4278 τό
419 4225 470 4278 τῶν
486 4222 585 4294 ἐφόρων
602 4225 704 4296 delator
723 4237 764 4280 est
784 4227 931 4295 collegium
952 4226 1125 4293 ephororum.
1144 4225 1205 4279 ola
1217 4226 1255 4280 11.
1271 4225 1322 4282 332

185 4320 208 4362 v.
226 4309 269 4365 45.
304 4311 417 4381 Dionys.
437 4311 498 4365 Hal.
518 4314 548 4364 l.
568 4312 601 4365 R.
620 4315 645 4379 a,
664 4313 697 4367 37
716 4311 752 4381 (p.
774 4311 859 4380 1846).
