3030 4816
686 310 775 398 [aar]
813 260 820 275 ’
1254 314 1295 379 29

162 511 302 596 aliquam
326 510 511 575 societatem
531 510 762 592 collegiumve¹
787 510 945 575 communi
964 509 1138 573 studiorum
1155 510 1295 594 artisque

164 619 289 680 ratione
318 615 403 681 inter
431 636 466 680 se
495 615 685 679 iunctorum.
731 612 826 687 Quod
856 633 1049 698 quamquam
1079 614 1148 678 fieri
1181 617 1295 698 potuit,

164 729 272 784 tamen
302 740 343 784 ex
372 717 449 803 ipsis
479 718 619 801 prologis
650 717 828 783 necessario
858 716 941 782 effici
972 717 1047 781 mihi
1070 739 1132 782 non
1159 717 1295 783 videtur.

163 821 256 887 Unus
280 822 364 885 enim
386 827 476 885 aretas
495 827 587 904 poeta
609 820 780 885 identidem
802 827 888 885 certo
910 820 1004 886 modo
1019 821 1214 905 designatur,
1237 822 1297 885 etsi

162 947 203 990 ne
226 926 293 991 cius
318 924 445 1010 quidem
471 946 584 990 nomeu
613 926 855 1010 pronuntiatur:
886 926 973 991 cuius
1005 926 1236 990 criminationes
1266 932 1297 990 et

165 1030 310 1095 convicia
325 1050 397 1094 cum
411 1051 531 1111 eorum,
546 1030 599 1114 qui
617 1028 729 1114 plurali
742 1051 873 1094 numero
885 1031 987 1115 iniqui
998 1028 1154 1113 dicuntur,
1168 1030 1295 1094 omnino

165 1140 355 1219 congruunt.
403 1131 615 1217 Cogitandum
645 1132 742 1217 igitur
770 1140 820 1198 est
849 1132 889 1198 de
912 1141 1020 1199 vetere
1043 1139 1140 1218 poeta
1163 1134 1296 1218 eiusque

163 1237 371 1322 sequacibus,
403 1259 480 1322 quos
510 1258 622 1301 omnes
652 1259 707 1301 cur
738 1238 824 1322 ipsos
855 1259 983 1323 quoque
1012 1246 1124 1322 poetas
1154 1236 1296 1300 aemulos

165 1341 305 1406 dicamus
325 1348 470 1405 nonest:
495 1340 607 1405 eodem
622 1340 692 1406 iure
710 1341 850 1405 fautores
867 1343 967 1406 socios
983 1341 1101 1405 amicos
1117 1340 1296 1423 intellegas,

165 1445 219 1528 qui
242 1449 457 1530 spectatorum
476 1445 599 1510 animos
615 1452 801 1531 mentesque
817 1444 1066 1531 pertractabant,
1089 1443 1296 1509 clamatores²

167 1549 395 1633 sibilantesque
428 1550 650 1614 conducebant
684 1550 723 1612 ad
762 1550 936 1634 exigendas
973 1550 1144 1614 adversarii
1181 1554 1297 1633 poetae

163 1653 288 1718 fabulas
311 1653 411 1718 sibilis
436 1661 468 1716 et
490 1656 625 1738 strepitu
650 1675 714 1718 non
744 1674 835 1717 secus
864 1661 959 1738 atque
989 1654 1021 1717 in
1054 1653 1169 1717 nostris
1202 1654 1295 1717 etiam

162 1778 245 1821 nunc
269 1758 304 1820 fir
321 1756 469 1822 theatris:
493 1759 604 1844 quales
621 1779 662 1821 ex
678 1759 833 1822 Plautinis
850 1778 979 1844 quoque
996 1758 1135 1842 prologis
1151 1757 1295 1819 novimus

165 1862 325 1945 Amphitr.
349 1862 430 1947 prol.
453 1883 482 1925 v.
506 1865 546 1925 65
569 1883 633 1947 sq.:

296 2018 336 2082 Ut
360 2025 596 2104 conquaestores
617 2018 746 2103 stapulo
769 2019 804 2081 ia
826 2019 973 2083 subsellia

295 2121 381 2186 Eant
400 2129 580 2206 portatam
603 2144 732 2187 eaaearn
754 2123 996 2206 spectatoribus:
1062 2127 1064 2130 ’

293 2225 403 2311 Siqnoi
417 2225 582 2309 satritores
604 2226 761 2311 delepotos
782 2226 930 2308 uiderint,

296 2329 337 2394 Ut
359 2333 387 2394 is
409 2332 443 2394 ia
466 2351 565 2394 caraea
581 2332 703 2414 planus
726 2333 898 2414 capiantur
921 2338 1020 2414 topae.

185 2437 265 2499 v.81
290 2434 364 2499 Hor
386 2455 503 2521 qaoque
524 2437 618 2498 etlam
640 2435 718 2499 anibi
735 2441 831 2518 pater
853 2437 886 2498 a'n
909 2434 1071 2498 mandatis
1094 2432 1188 2514 aedit,

298 2539 338 2603 Ut
362 2546 596 2624 canaaestores
613 2540 726 2621 fierent
747 2538 968 2604 histrionibus:

292 2644 354 2723 Qui
375 2642 435 2708 sibi
456 2643 634 2708 mandasset
656 2642 791 2727 delepati
812 2651 847 2708 at
863 2642 1055 2727 plauderent

167 2803 252 2810 ——..
265 2805 371 2813 ...-.-,-

267 2891 277 2925 ¹
306 2888 340 2941 ci.
365 2889 502 2941 Deiatzleo
526 2888 806 2954 ed.Phorm.p.10:
845 2888 1002 2940 'Zufrieden
1028 2889 1075 2940 mit
1100 2886 1160 2939 dem
1184 2884 1296 2952 seiten,

161 2973 288 3029 ¹walchen
316 2993 344 3028 er
369 2976 403 3027 im
430 2976 527 3028 Kreiss
554 2976 767 3042 lrochgestsllter
791 2976 906 3028 Manner
931 2975 1015 3042 saud,
1042 2981 1134 3042 sorgte
1158 2991 1186 3027 er
1208 2975 1297 3041 wsnig

164 3064 274 3130 darum,
299 3062 358 3114 sich
383 3062 432 3113 das
455 3061 638 3114 Wohlwollen
664 3063 741 3114 einer
766 3063 951 3129 engherzigen
974 3063 1179 3130 Dichterclique
1203 3077 1236 3112 au
1256 3076 1297 3111 er-

165 3148 289 3203 nerben.’
309 3148 342 3200 ei.
357 3148 418 3200 adn.
438 3146 529 3200 ‘Diese
542 3149 758 3201 Dichterschaar
770 3149 805 3201 ist
823 3147 909 3202 Andr.
924 3151 994 3216 prol.
1009 3149 1047 3203 15.
1060 3150 1093 3201 sl
1109 3148 1235 3216 gemeint'
1257 3163 1296 3216 sq.

269 3231 398 3287 Similiter
424 3235 505 3286 etiam
530 3235 652 3288 Boissier
676 3236 694 3288 l.
714 3252 737 3288 o.
755 3252 780 3303 p.
800 3235 848 3287 83:
883 3237 930 3288 ‘Ils
955 3237 1101 3288 formarent
1125 3251 1188 3286 sans
1214 3235 1297 3287 doute

165 3339 217 3375 une
233 3323 344 3390 jaune
363 3320 439 3374 deols
458 3324 504 3389 qui
523 3323 630 3374 voulait
648 3337 676 3373 se
693 3324 832 3376 rattacher
851 3323 885 3375 de
904 3325 963 3390 plus
977 3321 1040 3390 pres
1055 3322 1072 3374 h
1086 3323 1112 3375 la
1125 3320 1222 3375 Grdee'
1242 3336 1296 3388 sq.;

166 3425 235 3477 quas
255 3424 321 3461 sane
339 3424 433 3474 parum
453 3409 620 3461 conveniunt
638 3408 742 3462 ‘uetari’
759 3417 868 3495 poetae.

267 3512 279 3549 ²
299 3512 416 3566 Ribbeck
440 3510 500 3565 ‘Dia
523 3512 670 3565 Romische
695 3513 846 3582 Trsgddie’
870 3531 911 3582 sq.
937 3532 962 3581 p.
981 3514 1047 3568 669:
1081 3512 1141 3566 ‘Die
1165 3512 1297 3578 Technik‚

165 3600 316 3667 Stimmung
334 3607 415 3651 untsr
434 3596 493 3651 dam
512 3599 657 3652 Publilram
677 3617 709 3652 nu
728 3601 843 3652 macheu
869 3602 926 3653 und
950 3601 1126 3653 kunstliohen
1144 3600 1245 3652 Baisall
1265 3616 1296 3651 zu

167 3703 313 3754 staengan,
331 3703 387 3738 war
406 3685 469 3738 iriib
489 3686 646 3738 entwickelt
665 3686 720 3738 und
737 3703 810 3739 zwar
828 3689 899 3739 nach
919 3685 980 3738 dem
994 3688 1098 3739 Mustsr
1116 3687 1162 3739 der
1180 3687 1297 3751 burger-

167 3774 260 3826 liohon
286 3772 516 3838 Wahlagitation.
561 3772 642 3825 Wohl
670 3774 747 3826 nicht
774 3773 818 3825 ihr
846 3774 898 3826 den
929 3775 1071 3826 einzelnen
1099 3773 1298 3840 Schnuspieler,

166 3861 285 3913 sondern
306 3858 351 3911 fdr
370 3859 422 3911 den
441 3859 574 3912 Direlrtor
593 3859 649 3911 und
669 3862 744 3914 seina
762 3862 873 3930 Truppe
891 3863 983 3915 warde
1002 3861 1086 3913 sehon
1100 3877 1148 3915 ror
1167 3860 1217 3913 der
1229 3860 1297 3912 huf·

166 3946 287 4011 ilihrung
306 3947 387 3998 thella
407 3945 561 3998 schriftlioh
588 3947 671 4000 theils
696 3948 781 4001 durch
808 3951 1046 4016 Zwischentrdger
1070 3967 1113 4001 um
1139 3948 1226 4000 Gunst
1250 3963 1298 4014 gs·

165 4034 286 4086 worben.
323 4033 387 4084 Man
407 4033 499 4084 stellta
518 4049 588 4100 ganz
602 4034 653 4084 wie
666 4035 710 4088 bei
725 4034 778 4088 den
792 4036 1026 4087 Wahlumtrieben
1040 4035 1125 4087 beuta
1140 4033 1297 4098 (divisores)

165 4136 210 4184 au,
228 4119 331 4171 welche
350 4122 485 4185 geradczu
505 4118 576 4172 Geld
601 4136 634 4171 aa
659 4122 813 4174 vertheilen
838 4120 893 4173 und
913 4121 1064 4188 Claqucurs
1083 4119 1239 4186 (favitores)
1264 4137 1296 4171 zu
1396 4140 1398 4145 ·

166 4206 274 4258 werhen
295 4205 402 4270 hatten,
421 4207 464 4257 die
483 4221 537 4257 von
556 4206 720 4272 geeigneten
735 4207 838 4260 Stellen
859 4208 906 4260 dor
924 4224 1009 4260 cavea
1023 4207 1076 4258 den
1088 4208 1147 4259 'I'cn
1161 4207 1297 4273 angeben,
1322 4217 1326 4226 ’

165 4292 225 4344 dem
245 4291 333 4343 Einen
352 4293 454 4344 Beiiall
479 4291 637 4359 klstschsn,
665 4293 724 4345 dem
750 4293 862 4348 Andern
888 4296 966 4349 einen
991 4295 1147 4359 Misceriolg
1173 4294 1296 4346 hereitan

164 4377 281 4431 sollten'.

1160 4469 1192 4524 91
