2970 4814
211 253 251 317 ιι
642 289 684 302 -
730 247 817 341 [ιω]
865 288 906 302 .-

212 435 360 527 ἀρμόζει·
384 433 443 507 οάκ
465 433 516 507 ἀεὶ
539 441 585 524 δέ,
609 436 681 508 ἀλλ’
701 441 734 508 ἒν
755 445 803 531 τῷ
816 439 899 532 γήρᾳ
914 439 1037 529 γίνεται
1051 438 1160 526 μόνον.
1195 442 1345 508 καλεῖται

212 544 249 612 δὲ
270 540 386 611 πολιά
407 538 481 634 ἤτοι
504 542 597 633 παρὰ
618 542 657 613 τὸ
680 543 794 636 λευκὴν
816 539 910 628 εἶναι,
933 542 971 613 τὸ
993 541 1054 632 γάρ
1076 542 1189 613 λευκὸν
1211 542 1345 613 πολιόν·

212 645 235 740 ἢ
258 640 327 716 οἷον
348 645 487 731 παλαιοί,
511 647 545 715 ἓν
559 646 642 740 γήρᾳ
657 646 718 737 γάρ
740 648 872 738 γίνεται.
902 651 1112 733 Mel.17,11.
1136 651 1190 718 Or.
1213 655 1346 733 129,11.

304 761 371 829 193
395 757 547 851 πόσθηε
579 785 609 830 v.
633 760 756 833 αἰδοῖα.

302 864 372 933 194
393 861 509 945 πούςε
545 889 576 934 v.
600 865 721 948 σκέλος.

302 961 639 1062 195πρόρρηγμαε
673 995 703 1039 v.
726 968 874 1059 ἔμβρυον.

304 1080 371 1148 196
398 1074 679 1166 προσάρματυ;
714 1099 744 1142 v.
769 1069 874 1163 ἀρτος.

304 1184 372 1252 197
396 1178 624 1268 πρόσθεματ
659 1203 688 1247 v.
712 1177 835 1247 αἰδοῖα.

304 1289 372 1358 198
395 1283 623 1374 πρόσωπον;
671 1280 746 1353 ὅλον
785 1281 824 1352 τὸ
862 1281 1137 1372 πρόσωπονκαί
1174 1280 1350 1372 παρειὰς

215 1392 361 1458 καλοῦσι.
406 1386 626 1477 πρόσωπον
647 1387 715 1474 μέν,
746 1384 839 1474 παρὰ
868 1385 908 1456 τὸ
931 1385 1047 1476 πρόσω
1076 1388 1132 1455 καὶ
1157 1384 1349 1476 ἔμπροσθεν

216 1491 292 1575 τοὺς
314 1486 410 1574 ώπας
432 1490 523 1577 ἔχειν,
547 1487 615 1559 ἀλλ’
641 1486 700 1559 οάκ
721 1491 758 1558 ἐκ
778 1489 922 1580 πλαγίου
935 1493 970 1580 ι).
1016 1482 1170 1580 παρειά
1190 1493 1234 1575 (λε’,
1257 1489 1354 1579 παρὰ

216 1595 254 1665 τὸ
279 1599 525 1685 περατοῦσθυι,
556 1595 612 1662 καί
642 1589 679 1663 οὗ
708 1595 806 1683 μέρος
828 1598 886 1662 τοῦ
909 1592 1093 1683 προσώπου
1120 1591 1217 1679 τυχὸν
1240 1589 1306 1661 ἀνω
1330 1590 1352 1685 ἢ

216 1699 305 1768 κάτω
333 1697 355 1791 ἢ
377 1699 413 1767 ἀι
434 1697 593 1787 πλαγίιον,
623 1695 705 1765 ἀλλά
732 1701 964 1782 συνειδοχικιῦς
994 1696 1068 1766 ὅλον
1093 1695 1131 1766 τὸ
1160 1695 1351 1787 πρόσωπον.

216 1801 541 1894 mmmm

413 1908 537 2012 ,ὦχρός
558 1923 595 1991 τί
614 1950 672 2010 μιν
694 1916 760 1992 εἷλε
781 1922 943 2011 πυρειάς“
967 1927 1021 2013 (11.
1040 1933 1069 1992 Γ
1087 1926 1153 2011 35),

217 2044 254 2117 σίν
290 2048 388 2137 μέρος
423 2047 523 2136 λέγων
562 2041 630 2113 ἀλλ’
675 2043 750 2115 ὅλον
788 2044 1023 2138 παρηλλάχθαι
1057 2047 1113 2114 καί
1146 2041 1351 2134 ώχριᾶσθαι·

217 2151 310 2220 ἔνθεν
332 2152 388 2219 καὶ
411 2149 449 2220 τὸ

412 2251 527 2343 ,χροὸς
549 2251 684 2340 ἔμμεναι
694 2254 724 2340 *)
748 2247 962 2354 ἀνδρομέοιο“
986 2255 1038 2341 (11.
1066 2261 1097 2320 Φ
1122 2254 1187 2338 70),

216 2366 239 2460 ἢ
259 2365 297 2437 τὸ
416 2364 558 2449 ,πάντες
579 2359 607 2432 δ’
626 2365 672 2432 ἐνὶ
694 2367 836 2453 χρωῒ**)
860 2369 1008 2457 πῆχθεν“
1033 2369 1085 2452 (ΙΙ.
1113 2370 1142 2433 Θ
1165 2367 1251 2453 298).

218 2471 999 2557 MwanQmfflMw.

306 2577 374 2645 199
397 2570 592 2662 πρωκτός;
630 2596 660 2639 v.
684 2568 816 2660 κόπρος.

304 2678 376 2748 200
400 2676 560 2763 πτέρνα;
595 2698 626 2744 ν.
649 2674 771 2755 σκέλος.

305 2783 374 2851 201
399 2776 581 2847 πτώιλονε
616 2803 646 2846 v.
670 2776 794 2859 σίαλος.

304 2887 374 2957 202
399 2879 626 2971 πυγούσιον
649 2893 682 2950 et
704 2878 853 2970 πυγών;
884 2905 914 2948 v.
937 2877 1101 2950 δάκτυλοι.

304 2989 375 3059 203
398 2984 550 3076 πώγων;
587 2988 713 3075 λέγεται
745 2986 802 3053 καὶ
829 2979 965 3076 ὖπήνη.
1015 2982 1157 3074 πώγων
1188 2986 1247 3072 μὲν
1276 3000 1351 3053 κατ’

214 3089 474 3182 Ἀπολλόδωρον,
511 3090 561 3162 ὅτι
591 3095 693 3183 πῆξιν
721 3087 852 3184 ἡλικίας
878 3098 949 3172 τοῖς
978 3086 1168 3180 ἀρχομένοις
1197 3094 1291 3182 δηλοῖ
1321 3093 1355 3160 ἐν

218 3200 258 3287 τῇ
280 3200 343 3265 τῶν
367 3195 484 3265 ίούλων
506 3194 655 3288 ἀιωίσει·
685 3191 787 3277 ὡςδὲ
810 3191 912 3278 ἀλλοι,
937 3192 987 3264 ὅτι
1011 3196 1068 3263 ἐπὶ
1092 3192 1130 3264 τὸ
1154 3194 1260 3263 εἰπεῖν
1283 3192 1354 3285 ἀγει

219 3299 296 3382 τοὺς
318 3299 375 3369 τὸν
389 3298 500 3370 λὀυλον
514 3301 743 3381 ἐπανθοῦντος
764 3302 782 3367 ὁ
804 3297 932 3387 χρόνος·
956 3297 1027 3367 ἔπω
1050 3297 1169 3388 γὰρτὸ
1192 3300 1274 3389 λέγω
1296 3302 1353 3368 καί

220 3401 288 3494 ἀγω
317 3403 354 3474 τὸ
384 3405 472 3495 φέρω
500 3405 556 3473 καί
586 3405 622 3472 ἐκ
647 3401 770 3472 τοίτων
800 3402 921 3493 γίνεται
945 3401 1090 3492 ε’πώγων,
1123 3404 1178 3471 καὶ
1203 3400 1355 3496 ἀποβολῇ

222 3514 292 3597 (τοῦ
304 3513 335 3595 ἑ)
353 3506 481 3597 πώγων,
505 3508 595 3575 ὁὲπί
613 3505 650 3576 τὸ
667 3506 774 3576 εἰπεῖν
789 3501 890 3595 ἀγων·
916 3505 1020 3576 ίκανοὶ
1044 3503 1104 3595 γὰρ
1127 3506 1158 3574 οί
1176 3511 1356 3595 γενειώντες

220 3610 305 3699 πρὸς
320 3610 357 3681 τὸ
371 3613 473 3701 λέγειν
488 3609 530 3678 τά
547 3612 661 3680 δέοντα
672 3615 707 3699 ¹).
731 3606 860 3701 ἀπήνη
876 3612 921 3694 δι’,
936 3610 971 3679 αἱ
987 3606 1142 3679 ἀποκάτω
1157 3615 1216 3679 τοῦ
1232 3610 1355 3700 γενείου

220 3716 338 3804 τρίχες,
366 3710 435 3785 ἀπὸ
459 3719 517 3783 τοῦ
539 3710 670 3783 ἀπεῖναι
694 3714 751 3782 καί
774 3711 977 3784 ἀποκεῖσθαι
999 3718 1046 3805 τῷ
1068 3714 1197 3804 γενείῳ·
1226 3712 1248 3805 ἢ
1270 3714 1355 3785 κατὰ

224 3818 397 3902 Φιλόξενον
427 3815 520 3906 παρά
548 3815 587 3886 τὸ
610 3821 699 3906 ἲιγμι,
731 3807 770 3885 οὗ
800 3819 924 3904 μέλλων
951 3816 1036 3908 ἥσω,
1064 3816 1124 3909 ἥνη
1150 3819 1207 3885 καὶ
1239 3813 1354 3909 ἀπήνη,

220 3921 313 4008 παρὰ
335 3921 394 4014 τὴν
421 3922 489 3989 ἕσιν
510 3925 574 3989 τῶν
595 3925 712 4009 τριχών
722 3923 760 4009 ²).
804 3919 938 3990 ἴουλοι
963 3923 1007 4005 δέ,
1040 3917 1109 3990 ἀπὸ
1134 3918 1245 3990 ίοάλου
1268 3920 1354 4005 ζώου

307 4116 332 4182 *)
352 4111 452 4184 ἀμεναι
470 4113 613 4167 Homerus.

294 4203 333 4271 **)
352 4200 382 4254 ἐν
399 4199 466 4271 χροῒ
482 4200 623 4254 Homerus.
