2948 4808
675 263 890 327 ..30-

210 425 431 521 Ἀκαδήμειαν
452 427 692 518 εἰσενέγκαντος
714 425 888 519 ὀψοποιοῦ
902 428 1039 501 λοπάδα
1053 429 1139 522 πρὸς
1152 429 1264 521 ἑτέραν
1278 427 1352 499 τινὰ

211 533 322 622 χρείαν
351 531 409 603 τὸν
430 534 572 622 κέραμον
595 537 736 617 κατᾶξαι
768 532 880 603 πάντα
906 532 996 617 τοὺς
1024 532 1280 624 ίεροποιοός,
1308 529 1353 614 ὡς

212 635 385 727 μακρόθεν
406 633 465 706 οὐκ
480 632 615 719 ἀστείας
630 636 877 727 παρεισδύσεως
895 640 1072 730 γενομένης,
1090 639 1221 720 δέοντος
1232 634 1352 721 ἀπέχε-

217 748 300 808 σθαι
312 738 703 830 τοότωντῶνμακρόθεν·
714 737 811 811 τόνδ’
827 743 917 833 ἐντῷ
927 741 1063 833 Λυκείῳ
1074 744 1170 831 κρέας
1180 739 1353 831 ταριχηρὸν

218 843 264 926 είς
286 843 418 935 τόριχος
434 844 697 916 διασκευάσαντα
711 838 966 939 μόιστιγωθῆναι
982 843 1027 929 ὡς
1041 845 1352 939 παρασοφιζόμενον

216 953 375 1039 πονηρῶς.

301 1056 348 1121 Ut
378 1058 479 1122 ceteri
510 1057 720 1144 magistratus
751 1057 798 1123 ita
827 1057 1001 1123 sacrificuli
1031 1078 1167 1123 munere
1190 1056 1352 1145 perfuncti

214 1163 393 1227 rationes
417 1162 580 1249 publice
604 1162 788 1227 reddunt:
824 1162 857 1227 id
892 1161 977 1247 quod
1014 1161 1055 1228 de
1084 1161 1352 1228 extraordinariis

214 1287 344 1352 quoque
368 1261 551 1351 ίεροποιοῖς
578 1267 666 1332 valet
697 1267 751 1352 qui
779 1265 911 1351 quidem
935 1266 1101 1353 publicam
1124 1266 1296 1352 pecuniam
1320 1264 1353 1328 in

217 1372 349 1460 publico
369 1373 502 1457 negotio
525 1371 717 1458 exequendo
749 1372 1008 1457 consumpserint
1030 1366 1145 1460 Αθήν.
1168 1371 1218 1435 VI
1241 1393 1273 1457 p.
1290 1373 1353 1435 482

216 1498 246 1540 n.
264 1479 283 1540 3
308 1498 355 1542 vs.
372 1477 428 1540 34:
441 1512 483 1524 -
496 1471 553 1540 καί
576 1475 785 1562 στεφανῶσαι
803 1471 940 1541 ἕκαστον
958 1467 1065 1541 αίτῶν
1078 1475 1188 1563 χρυσῷ
1201 1468 1352 1561 στεφάνῳ

216 1573 285 1645 ἀπὸ
311 1629 343 1647 ..
369 1579 542 1667 [δ]ραχμῶν
567 1574 759 1667 [ἐπ]ε[ι]δὰν
779 1574 840 1658 τὰς
864 1572 1030 1667 [elidicus
1052 1578 1175 1669 δῶ[σι].

304 1684 454 1750 Civitatis
470 1684 658 1770 exemplum
674 1684 706 1747 in
723 1683 785 1749 hac
801 1704 928 1770 quoque
945 1706 980 1751 re
995 1692 1174 1770 sequuntur
1192 1684 1353 1770 pagani,

222 1787 264 1853 σί.
287 1786 323 1855 O.
347 1787 375 1854 Ι.
397 1787 440 1851 A.
463 1787 571 1851 11581
601 1792 679 1853 val
709 1808 795 1873 sqq.:
819 1782 935 1876 ἐπειδὴ
959 1784 992 1853 oi
1014 1782 1165 1870 λαχόντες
1188 1783 1352 1873 ἱεροποιοὶ

222 1887 270 1970 είς
291 1885 330 1956 τὸ
352 1892 412 1979 τῆς
426 1885 532 1977 Ἥβης
549 1885 634 1974 ίερδν
650 1886 788 1969 δικαίως
801 1888 857 1956 καὶ
875 1888 1059 1978 φιλοτίμως
1073 1886 1354 1979 ἑπεΙμμλήθησαν

218 1997 276 2084 τῆς
304 1990 429 2073 θυσίας
457 1994 498 2081 τῇ
513 1988 601 2080 Ἥβῃ
629 1991 685 2059 καί
713 1997 785 2073 τοῖς
812 1987 924 2073 ἄλλοις
950 1997 1045 2073 θεοῖς
1073 1984 1124 2073 οἷς
1145 1989 1209 2060 ἔδει
1235 1986 1355 2071 αὐτοὺς

218 2101 339 2180 δῦσαι,
375 2095 432 2163 καὶ
464 2092 559 2183 λόγον
591 2095 648 2162 καί
678 2090 820 2177 εόδόνας
847 2092 1057 2185 δεδοίια[σ]ιν
1090 2123 1120 2164 κ.
1143 2123 1172 2164 τ.
1195 2098 1223 2164 λ.
1282 2098 1354 2173 Quo

218 2204 360 2289 pertinet
392 2202 532 2267 formula
564 2202 771 2267 iurisiurandi
805 2203 891 2289 quod
920 2203 1029 2268 iurant
1059 2202 1348 2279 Scambonidarum

221 2307 405 2397 sacrificuli
421 2305 457 2373 C.
480 2306 507 2371 I.
530 2306 572 2373 A.
594 2306 648 2371 lc
679 2344 721 2354 -
746 2305 804 2372 καί
833 2300 875 2372 τὰ
904 2301 1025 2395 κοιν[ὰ]
1049 2301 1091 2372 τὰ
1115 2306 1356 2391 Σκαμβωνιδῶν

220 2412 297 2477 σωῶ
318 2409 375 2476 καί
399 2403 567 2476 ἀποδώσω
590 2405 683 2496 παρὰ
704 2405 761 2477 τὸν
783 2403 921 2477 εόθυνον
942 2406 980 2477 τὸ
1003 2414 1162 2501 καθῆκον.

311 2513 593 2590 Quemadmodum
626 2520 737 2580 autem
764 2515 905 2579 rationes
930 2514 1070 2580 reddunt
1092 2516 1279 2598 sacrificuli,
1311 2517 1356 2580 ita

223 2620 407 2706 probationi
431 2640 561 2705 quoque
584 2639 681 2704 quam
698 2618 810 2684 subire
827 2620 936 2684 solent
951 2621 1160 2705 magistratus
1176 2621 1355 2685 Athenien·

222 2725 304 2788 sium
334 2724 522 2810 priusquam
552 2721 594 2787 ad
618 2744 734 2788 munus
758 2724 866 2810 ipsum
889 2724 1058 2806 accedant,
1081 2721 1282 2809 δοκιμασίαν
1304 2725 1353 2789 in·

223 2830 355 2914 tellego‚
380 2827 540 2893 obnoxios
564 2848 622 2893 eos
645 2849 720 2893 esse
745 2828 944 2893 censendum
968 2836 1029 2910 est,
1053 2850 1250 2915 quamquam
1266 2829 1357 2893 nulla

223 2934 294 2997 eius
324 2933 371 2996 rei
402 2951 508 3016 neque
539 2931 571 2995 in
595 2932 698 2997 titulis
722 2954 828 3018 neque
851 2932 938 3019 apud
962 2934 1138 3019 scriptores
1163 2935 1286 2998 mentio
1309 2934 1357 2998 fit.

223 3039 338 3123 Neque
367 3037 473 3100 minus
501 3044 623 3116 certum
655 3043 721 3116 cst,
754 3043 791 3101 ut
819 3038 885 3103 alia
907 3039 1009 3102 missa
1031 3039 1166 3118 faciam,
1196 3039 1265 3101 sine
1289 3039 1358 3102 ulla

225 3139 375 3206 mercede
407 3139 608 3204 sacrificulos
639 3161 757 3205 munus
787 3142 950 3226 gessisse,
987 3142 1073 3227 quod
1104 3148 1137 3205 et
1173 3143 1279 3228 ipsum
1316 3140 1357 3205 ad

224 3247 344 3310 iustum
367 3244 593 3328 magistratum
617 3245 767 3331 pertinet

313 3347 575 3413 Sacrificulorum
617 3346 916 3413 Eleusinicrum
950 3368 1078 3434 quoque
1115 3370 1233 3414 munus
1263 3354 1357 3413 notas

224 3447 324 3541 ἀρχῆς
345 3452 529 3539 peculiares
552 3473 632 3538 prae
654 3472 689 3517 se
706 3452 777 3517 fert.
824 3452 888 3526 Qui
903 3473 1099 3538 quamquam
1116 3459 1205 3518 certo
1222 3453 1356 3539 templo,

225 3558 394 3624 Eleusinio
418 3555 499 3636 dico,
530 3556 772 3642 praeficiuntur,
796 3561 906 3621 tamen
930 3556 1070 3623 decretis
1094 3563 1228 3622 senatus
1252 3578 1356 3642 popu-

224 3664 312 3748 lique
346 3660 596 3725 Atheniensium
625 3666 750 3745 parent.
806 3658 843 3725 0.
871 3660 897 3727 l.
928 3659 969 3726 A.
999 3658 1057 3723 15
1092 3661 1246 3726 iubentur
1280 3680 1357 3724 suas

226 3768 343 3851 cuique
378 3763 440 3829 deo
476 3764 601 3829 hostias
632 3764 813 3839 immolare;
846 3762 902 3827 ubi
931 3766 1009 3829 vsl
1042 3763 1139 3828 facile
1169 3764 1358 3850 agnoscitur

227 3871 365 3935 formula
391 3869 578 3955 populisciti
601 3863 710 3949 ἔδοξεν
731 3870 770 3957 τῇ
793 3867 905 3956 βουλῇ]
929 3867 985 3935 καί
1005 3868 1076 3957 [sipi
1098 3865 1202 3959 δήμῳ.
1248 3870 1356 3935 Etiam

228 3975 264 4041 Ο.
280 3974 306 4041 Ι.
325 3974 364 4039 A.
382 3974 398 4037 I
419 3978 429 4036 l
457 3980 636 4060 praccepta
658 3976 810 4058 leguntur
829 3995 913 4059 quae
937 3980 1088 4062 spectant
1112 3975 1154 4040 ad
1171 3996 1281 4039 eorum
1299 3975 1357 4040 ad-

227 4077 429 4143 ministrandi
442 4078 563 4145 munia.
597 4076 746 4163 Denique
763 4077 850 4144 Bull.
866 4076 907 4141 de
924 4100 1005 4145 corr.
1023 4079 1099 4145 hell.
1111 4079 1159 4143 IV
1170 4101 1202 4165 p.
1215 4082 1276 4143 226
1289 4101 1358 4166 sqq.

226 4188 401 4270 praecepta
433 4181 473 4246 de
498 4183 666 4267 utriusque
698 4182 828 4268 generis
860 4182 974 4247 officiis
999 4183 1131 4263 dantur,
1155 4184 1358 4248 sacrificandi
