3030 4816
693 252 698 262 ⁸
742 294 831 386 [aaa]

348 498 448 576 Qnine
471 494 551 560 alter
573 518 632 582 pao
655 498 792 580 placeret
811 497 938 580 fecisset
959 496 1073 579 minas,

348 599 430 664 Etns
453 607 640 664 ornamenta
662 607 690 664 et
714 601 834 663 coriam
857 601 905 663 nti
927 601 1131 664 conciderent.

219 746 273 810 ubi
297 768 379 832 qnae
403 746 441 809 de
465 747 671 811 histrionibus
694 747 900 831 proferuntur
929 742 1040 813 eodem
1070 748 1137 812 iure
1166 746 1206 811 ad
1236 756 1357 832 poetas

219 851 330 914 referri
352 859 497 935 possunt.

322 973 458 1037 Denuo
482 973 578 1056 igitur
609 980 753 1037 vetere
784 982 908 1058 poeta
940 976 1055 1039 certius
1087 981 1207 1039 constat
1238 973 1358 1038 adver·

219 1077 372 1140 sariorum
387 1076 528 1141 Terentii
543 1077 729 1160 gravissimo
747 1084 777 1140 et
793 1078 1065 1143 constantissimo:
1089 1098 1108 1140 a
1124 1098 1185 1162 quo
1203 1084 1359 1161 quattuor

219 1182 361 1265 priorum
395 1180 571 1245 fabularum
604 1181 746 1246 Terentii
780 1181 903 1266 prologi
938 1188 1162 1266 argumentum
1195 1187 1359 1266 repetunt,

220 1306 290 1348 oum
314 1283 463 1369 Hecyrae
485 1293 517 1349 et
532 1283 756 1370 Adelphorum
779 1285 905 1368 prologi
921 1285 953 1347 in
970 1286 1152 1349 universum
1169 1284 1207 1349 de
1223 1285 1358 1350 Caecilii

219 1388 407 1452 adversariis
431 1389 529 1468 alter,
558 1390 641 1452 alter
664 1389 703 1453 de
731 1388 890 1453 malivolis
913 1388 1054 1452 Terentii
1086 1389 1357 1455 obtrectatoribus

219 1492 318 1556 verba
354 1492 480 1556 faciant.
538 1492 645 1576 Atque
684 1492 801 1556 diserte
839 1499 967 1576 praeter
1001 1489 1148 1556 Eunuchi
1185 1492 1357 1577 prologum

219 1594 439 1679 perstringitur
462 1601 554 1659 vetus
577 1603 689 1680 poeta:

219 1750 319 1815 Andr.
340 1752 420 1836 prol.
443 1771 471 1815 v,
493 1754 528 1814 6:
551 1750 625 1815 Non
641 1752 695 1836 qai
710 1756 931 1834 argumentum
943 1757 1065 1833 narret,
1081 1750 1199 1835 sedani
1209 1750 1359 1816 matireott

556 1854 675 1918 Ueteris
696 1861 804 1938 ponae
826 1854 1002 1917 maledictis
1025 1856 1221 1938 respondeat.

220 2000 324 2065 Heau.
334 2002 414 2087 prol.
425 2026 453 2066 v.
465 2004 521 2065 22:
545 2001 624 2065 Tam
648 2001 730 2085 qnod
751 2001 921 2064 maliaolns
943 2008 1033 2065 netas
1050 2009 1145 2085 pocta
1167 2002 1293 2065 dictitat
1310 2022 1357 2088 sq.

221 2157 520 2239 Phorm.prol.v.l:
544 2156 715 2240 Postquam
737 2163 831 2238 poeta
854 2162 943 2220 netas
965 2164 1087 2240 poetam
1109 2177 1172 2220 non
1190 2163 1292 2241 potest
1308 2179 1355 2243 sq.

418 2315 445 2358 v.
466 2297 518 2357 13:
547 2294 641 2357 Uetns
664 2296 693 2357 si
710 2299 804 2376 pocta
827 2314 889 2356 reon
913 2295 1086 2357 lacessisset
1103 2296 1217 2379 prior,

541 2397 672 2461 Nntlnm
696 2398 838 2461 inuenire
864 2399 1034 2482 proloquar
1062 2406 1165 2482 posset
1186 2418 1285 2462 nonos
1307 2419 1355 2484 sq.

224 2544 346 2618 Quibus
369 2545 445 2609 locis
469 2544 543 2629 quid
565 2541 676 2609 ‘vetus'
699 2545 864 2629 significet,
889 2568 931 2610 ex
950 2546 1059 2609 ultimo
1078 2567 1174 2630 quem
1188 2546 1355 2613 attulimus

219 2650 290 2713 loco
316 2656 459 2735 apparet,
482 2649 536 2712 nbi
555 2651 656 2713 veteri
677 2670 777 2713 novus
793 2656 889 2733 poeta
904 2649 923 2711 i.
940 2670 968 2714 e.
986 2648 1152 2714 Terentius
1169 2652 1353 2735 opponitur.

221 2753 367 2817 l'roolive
396 2754 493 2837 igitur
522 2760 572 2816 est
602 2751 641 2815 de
672 2754 785 2816 aetatis
815 2753 992 2817 discrimine
1021 2755 1180 2837 cogitare,
1214 2759 1249 2817 ut
1279 2775 1352 2818 cum

219 2856 370 2920 Terentio
395 2856 635 2921 adulescentulo
660 2865 736 2920 tuno
758 2878 855 2921 senex
880 2857 1061 2921 fabularum
1078 2859 1208 2942 scriptor
1224 2879 1353 2944 compo·

220 2969 324 3043 natur,
348 2961 505 3044 quomodo
529 2961 674 3026 Donatus
694 2961 826 3025 verbum
851 2963 1076 3045 interpretatus
1099 2968 1148 3025 est
1170 2960 1294 3045 (adnot.
1311 2962 1353 3026 ad

220 3064 320 3129 Andr.
343 3065 423 3149 prol.
447 3088 476 3128 v.
503 3065 551 3145 7):
578 3066 693 3129 veteris
716 3072 849 3149 poetae:
879 3067 955 3150 praa
977 3085 1068 3128 senen
1090 3065 1226 3129 Lcescias
1248 3065 1355 3131 edebat

216 3168 349 3251 falentas
380 3170 613 3233 adulescentulo
648 3177 721 3232 tnnc
756 3168 910 3233 Terentio.
945 3177 973 3232 et
1004 3171 1178 3254 eleganter:
1210 3170 1356 3234 matinoti

219 3275 333 3336 asteris
348 3280 459 3356 poetae
474 3275 665 3336 maledictis:
689 3275 914 3337 commendatio
928 3280 1037 3356 poetae
1052 3294 1072 3335 a
1087 3293 1223 3356 persona
1239 3273 1354 3338 adner-

220 3378 312 3439 sarii.
358 3377 453 3440 Hanc
476 3377 595 3441 Donati
618 3378 806 3441 sententiam
829 3379 974 3462 plerique
998 3381 1126 3442 nostrae
1150 3378 1265 3441 aetatis
1296 3376 1353 3443 ho·

219 3480 318 3543 mines
341 3480 426 3543 docti
449 3484 547 3544 secuti
572 3488 645 3546 sunt
669 3483 756 3545 velut
779 3481 939 3546 Deiatelro
960 3482 992 3544 in
1016 3480 1064 3544 ed.
1088 3481 1217 3546 Phorm.
1241 3500 1270 3564 p.
1290 3483 1350 3546 51:

219 3591 309 3647 netas
336 3591 446 3666 poeta:
483 3585 555 3649 'Der
585 3587 644 3649 seit
674 3586 795 3669 lenge
825 3586 1012 3668 thaetige
1044 3583 1108 3649 und
1139 3584 1238 3649 daher
1267 3586 1353 3649 alte

220 3687 367 3752 Dichter'.
413 3689 461 3752 Ao
484 3697 569 3752 certe
592 3689 748 3753 vocabulo
772 3686 878 3753 'vetus'
901 3688 1068 3753 Terentius
1091 3688 1231 3754 similiter
1254 3690 1354 3752 utitur

220 3791 251 3852 in
275 3789 357 3856 Eun.
382 3789 435 3855 III
461 3797 487 3871 1,
511 3795 568 3855 38:

350 3936 496 4020 Tereiana,
520 3939 642 4003 obsecro
665 3946 702 4020 te,
725 3939 781 4003 hoc
804 3939 921 4004 ‹tiatcnn
944 3940 1038 4004 erat?
1059 3947 1148 4004 netas
1172 3938 1306 4020 credidi,

221 4085 273 4148 ubi
299 4093 391 4148 vetus
416 4091 464 4149 est
486 4087 648 4166 usitatum,
670 4086 732 4149 iam
755 4084 874 4149 dudum
897 4087 1069 4169 cognitum.
1115 4086 1264 4151 Similiter

220 4231 358 4316 Adelph.
374 4230 405 4293 V
422 4237 450 4312 3,
469 4236 524 4296 ll:
749 4254 823 4296 ream
846 4240 936 4297 aetas
960 4233 1088 4298 acerbam
1110 4232 1166 4297 lroc
1188 4233 1353 4318 quidemst,

351 4337 531 4399 Cornnmnia
555 4358 618 4400 esse
640 4338 810 4402 arrricornm
833 4338 914 4402 inter
936 4360 967 4402 se
990 4341 1108 4423 arania,
