2956 4822
615 272 705 360 [aar]
1190 279 1231 341 aa

99 475 131 537 in
148 472 285 560 Pytlrico
304 471 417 556 primo,
440 469 494 532 ubi
512 469 595 532 idem
613 468 797 545 invenimus,
821 476 915 532 antea
932 471 981 534 vel
1000 476 1112 554 postea
1128 472 1230 536 uberi·

101 578 209 643 oribus
227 577 331 639 verbis
347 595 417 638 eum
436 573 614 655 compellet.
653 572 714 636 Sed
735 572 830 635 etiam
846 582 975 656 praeter
990 573 1069 638 lraec
1083 577 1231 661 exempla

99 681 256 745 Pindarus
288 678 446 743 nonnullis
476 677 550 740 locis
575 675 661 739 Iovis
691 695 805 740 nomen
830 676 1064 760 quodammodo
1088 680 1230 748 variavit.

98 786 230 869 Legitur
262 784 346 848 enim
377 782 427 846 Ol.
451 780 542 845 vlo
574 779 664 857 Διός,
693 801 722 844 v.
747 783 787 844 68
818 782 911 860 πατρί
938 779 1018 864 (scil.
1045 781 1231 864 Ἡρακλέος),

97 912 126 956 v.
152 894 191 954 70
216 885 331 969 Ζηνός,
364 905 391 948 v.
416 888 453 948 81
482 881 536 947 οὐν
558 882 759 972 βαρυγδούπῳ
790 886 883 964 πατρί
909 897 940 948 et
965 886 1075 951 lsllrm.
1099 888 1166 952 Vll
1192 893 1230 954 18

98 996 176 1078 Ζηνὶ
191 989 318 1075 βασιλέϊ,
343 1010 372 1055 v.
389 990 431 1053 23
453 987 682 1076 βαρυσφαράγῳ
705 990 806 1067 πατρί,
829 1009 858 1052 v.
875 991 914 1053 27
937 988 1029 1067 Ζεύς,
1051 1012 1081 1057 v.
1097 995 1138 1059 35
1154 996 1234 1077 Ζηνί

97 1108 129 1164 el
154 1096 236 1173 Διός.

202 1201 269 1264 Iam
294 1200 399 1264 locum
423 1197 570 1261 codicum
593 1196 784 1260 auctoritate
808 1196 910 1260 minus
933 1182 1093 1262 firmatum
1112 1201 1230 1265 exami-

100 1305 256 1370 nabimus.
316 1302 443 1366 Etenim
476 1299 649 1364 CRONOS
688 1308 857 1385 postquam
895 1302 1041 1366 carminis
1073 1302 1232 1389 Olympici

97 1410 227 1474 alterius
243 1409 273 1471 in
293 1429 320 1468 v.
340 1409 379 1470 70
395 1427 451 1468 suo
467 1405 596 1467 nomine
614 1411 878 1468 commemoratus
894 1411 950 1484 est,
968 1407 1000 1469 in
1017 1429 1044 1469 v.
1061 1409 1100 1470 76
1116 1408 1231 1472 dicitur

99 1511 199 1595 πατήρ
223 1508 303 1586 Διὸς.
343 1509 408 1573 Ubi
430 1529 501 1571 cum
525 1507 650 1571 codices
667 1516 786 1571 certain
810 1508 1045 1592 probabilemve
1064 1511 1230 1577 lectionem

100 1641 164 1682 non
187 1616 370 1701 praebeant,
395 1613 473 1676 haec
492 1611 682 1675 Mommseni
705 1612 887 1676 coniectura
909 1615 1071 1698 aptissima
1097 1615 1230 1684 videtur.

99 1722 147 1788 Eo
178 1721 278 1800 enim,
312 1715 398 1804 quod
428 1715 610 1780 Boeckhius
644 1716 767 1799 scripsit
799 1713 898 1797 πατήρ
929 1716 1065 1796 Κρόνος,
1098 1719 1231 1785 molesta

99 1827 232 1890 eflicitur
256 1822 401 1906 repetitio
426 1820 566 1883 eiusdem
591 1819 743 1896 nominis,
777 1818 861 1904 quod
886 1821 918 1883 in
943 1841 970 1884 r.
996 1825 1035 1886 70
1057 1824 1229 1907 praecedit,

100 1939 132 1996 et
160 1948 367 2014 quamquam,
391 1926 416 1989 si
440 1923 633 1987 Mommseni
656 1925 868 1987 coniecturam
898 1926 1084 2009 recipimus,
1115 1949 1229 1993 nomen

102 2033 176 2110 Διός
198 2033 229 2096 in
253 2032 352 2094 isdem
378 2030 437 2092 illis
455 2027 598 2092 versibus
623 2029 789 2111 repetitur,
814 2036 920 2092 tamen
938 2049 1009 2093 cum
1028 2031 1089 2094 hoc
1105 2033 1229 2117 saepius

99 2136 238 2202 Pindaro
262 2134 421 2218 placuisse
444 2150 540 2214 supra
562 2131 772 2210 docuerimus,
796 2130 874 2194 haec
889 2130 982 2195 lectio
1000 2134 1117 2198 nnllam
1135 2135 1231 2200 habet

101 2241 331 2304 difficultatem.
378 2236 472 2300 Certo
503 2245 611 2299 autem
643 2237 674 2297 in
706 2236 851 2319 proximo
882 2255 975 2300 verso
1009 2248 1106 2322 poeta
1137 2240 1229 2305 Oroni

101 2366 216 2409 nomen
248 2364 304 2428 per
333 2341 483 2425 ambages
513 2338 667 2421 reddidit,
699 2360 770 2402 cum
802 2339 855 2404 ille
884 2339 968 2417 πόσος
991 2339 1007 2404 ὁ
1028 2340 1110 2420 Ῥέας
1134 2346 1231 2408 nomi·

99 2460 191 2514 natus
215 2448 262 2511 sit.

203 2552 302 2615 Porro
325 2549 355 2611 in
380 2548 518 2611 carmine
536 2545 703 2632 Olympico
727 2547 870 2631 septimo,
893 2569 950 2632 per
968 2550 1049 2633 quod
1067 2550 1097 2614 in
1115 2551 1229 2617 Rhodo

103 2657 229 2721 victoris
263 2655 364 2738 patria
394 2650 586 2715 celebranda
617 2650 739 2715 SOLIS
773 2672 899 2736 quoquc
933 2674 1005 2716 cum
1038 2652 1096 2717 hac
1128 2656 1231 2720 insula

99 2771 167 2827 arte
198 2758 358 2824 coniuncti
387 2757 455 2819 laus
488 2755 699 2839 praedicatur,
731 2756 762 2817 in
793 2775 820 2818 v.
847 2759 885 2819 14
916 2757 1044 2840 quidem
1074 2759 1230 2824 Pindarus

100 2867 182 2930 hunc
214 2866 310 2927 deum
340 2861 465 2925 nomine
495 2858 607 2942 propio
641 2857 764 2920 'Aeliano
788 2859 972 2943 appellarit,
1001 2861 1057 2924 sed
1082 2863 1112 2924 in
1137 2883 1164 2927 v.
1190 2867 1230 2927 39

100 2969 241 3035 eiusdem
264 2986 379 3031 nomen
411 2966 455 3027 ita
488 2964 610 3025 variare
642 2962 771 3042 maluit,
803 2972 838 3026 ut
871 2967 1060 3047 cognomine
1090 2987 1109 3028 a
1141 2975 1231 3051 patre

100 3075 287 3160 Hyperione
318 3070 431 3132 Titane
461 3069 582 3151 petito,
616 3066 702 3150 quod
734 3067 896 3130 Homerus
926 3071 1171 3153 praeoccupavit
1198 3072 1229 3135 in

101 3179 245 3263 Odyssea
268 3173 335 3239 XII
363 3174 421 3235 176
444 3169 500 3253 (el.
522 3169 536 3231 l
560 3168 605 3251 8),
640 3171 867 3252 φαυσίμβροτος
889 3172 1009 3251 δαίμων
1034 3172 1231 3251 ’Υοοριονίδας

101 3282 268 3345 diceretur.
308 3273 431 3339 Deinde
454 3282 623 3356 postquam
647 3273 677 3335 in
700 3296 729 3337 v.
750 3276 790 3336 58
813 3294 872 3335 suo
897 3273 963 3336 iure
984 3274 1023 3338 ad
1047 3276 1231 3361 appellatio·

102 3407 174 3452 nem
199 3382 314 3444 Ἀελίου
338 3379 470 3441 recurrit
492 3389 602 3461 poeta,
627 3379 658 3440 in
683 3399 713 3441 v.
731 3380 771 3441 60
794 3377 901 3440 Solem
926 3381 1120 3463 nuncupavit
1141 3378 1232 3462 ἁγνόν

101 3488 186 3552 θοόν.
240 3483 309 3548 Nec
338 3484 441 3545 minus
472 3481 502 3544 in
534 3501 563 3545 v.
597 3484 719 3544 70·-71
752 3478 850 3554 ὀξειᾶν
879 3477 894 3543 ὁ
919 3479 1072 3561 γενέθλιος
1103 3481 1232 3547 ἀκτίνων

102 3590 214 3675 πατήρ,
238 3594 297 3668 πῦρ
319 3584 469 3647 caudatam
491 3582 584 3666 ἀρχὸς
603 3584 707 3645 i'unurv
729 3584 782 3647 Sol
808 3584 1041 3666 intellegendus
1064 3593 1121 3651 est.
1160 3587 1232 3662 Qua

103 3695 263 3759 locutione
295 3713 389 3776 quam
421 3692 583 3772 eleganter
613 3689 805 3773 significatur
835 3690 995 3755 radiorum
1024 3700 1055 3754 et
1085 3691 1163 3756 lucis
1191 3692 1231 3758 ab

101 3821 197 3864 aureo
222 3797 305 3861 Solis
328 3817 422 3859 curru
446 3794 552 3878 origo!

205 3900 310 3974 Quid?
326 3901 356 3963 in
372 3898 509 3962 carmine
521 3897 682 3962 Nemeaeo
697 3898 830 3980 decimo,
844 3898 896 3961 ubi
907 3897 1233 3964 DIOSCURORUM

105 4015 178 4091 post
200 4005 394 4091 praeclaram
417 4023 486 4064 cum
510 4001 652 4086 Apharei
675 4002 746 4065 filiis
777 4023 919 4086 pugnam
946 4003 1128 4087 apotheosis
1152 4005 1233 4067 cele·

103 4111 221 4188 bratur,
244 4131 349 4172 nonne
375 4106 640 4171 nobilissimorum
665 4106 791 4169 illorum
818 4105 949 4169 fratrum
973 4107 1101 4170 nomina
1123 4107 1232 4171 soller-

104 4213 223 4277 tissime
241 4213 361 4277 variata
377 4210 475 4274 sunt?
509 4209 591 4274 Nam
608 4211 699 4274 initio
715 4210 799 4274 facto
815 4211 847 4273 in
865 4233 894 4274 r.
909 4212 948 4273 38
964 4210 1004 4272 ab
1020 4209 1232 4295 appellatione

108 4319 300 4399 Τυνδαρίδαι,
316 4338 380 4402 qua
395 4322 494 4400 poeta
511 4314 736 4379 Dioscurorum
754 4336 772 4378 a
789 4313 957 4400 Tyndareo
973 4320 1087 4394 ortum,
1102 4321 1234 4401 propter
