2962 4800
671 317 742 406 [ss]
1228 323 1269 387 ss

143 520 348 602 putaverunt3
379 515 474 578 immo
497 536 553 580 suo
583 516 650 579 iure
673 515 848 578 Dombert¹
872 513 1006 579 hominis
1029 512 1175 578 audaculi
1201 536 1269 580 esse

144 628 259 703 censet,
282 622 308 684 si
330 620 398 704 quis
420 620 526 683 invitis
548 619 636 682 libris
658 640 754 682 manu
769 620 890 704 scriptis
905 640 946 683 cx
961 639 1105 683 sermone
1123 619 1271 683 familiari

145 726 318 810 singulares
339 724 512 787 locutiones
535 723 695 807 expellere
717 723 801 803 velit,
825 743 958 807 quarum
972 723 1151 808 proprietas
1168 723 1269 786 raria-

130 814 213 895 'rum
236 835 462 894 structurarum
485 826 639 891 mixtione
662 826 799 911 quadam
814 833 945 908 constet,
969 848 1031 912 qua
1045 826 1138 891 facile
1153 825 1271 891 affecti-

144 934 201 998 bus
224 934 299 997 moti
321 932 462 997 homines
484 932 516 995 in
539 931 663 1015 vulgari
685 931 807 1015 cloquio
829 935 968 994 utuntur.

245 1036 297 1101 Ad
321 1035 379 1100 hoo
401 1056 500 1119 genus
518 1040 693 1098 structurae
716 1033 835 1099 mixtae
858 1035 953 1099 etiam
976 1033 1067 1120 Capt.
1091 1056 1121 1100 r.
1139 1036 1199 1099 417
1224 1055 1268 1118 sq.

144 1142 311 1224 pertinent,
337 1140 390 1204 ubi
412 1140 444 1202 in
467 1139 554 1203 libris
574 1137 728 1202 Palatinis
750 1138 829 1203 hacc
851 1138 917 1203 fere
948 1139 1117 1203 memoriae
1145 1138 1270 1224 prodita

141 1252 230 1310 sunt:

399 1371 472 1437 Nox
495 1373 576 1436 diem
599 1373 743 1436 adimat?
770 1393 844 1436 uam
876 1374 905 1437 si
933 1392 1037 1437 suros
1066 1392 1152 1436 uncus
1181 1391 1270 1451 esses,

952 1475 1049 1540 niblo
1072 1477 1168 1540 setius

398 1578 481 1643 Mihi
510 1578 703 1680 obsequiosus
731 1599 849 1663 semper
870 1577 979 1662 suisti.
1002 1601 1033 1642 :.·
1061 1579 1108 1643 Di
1135 1587 1270 1644 vostram

1057 1684 1168 1766 fleon.

245 1815 366 1879 Prioris
388 1814 557 1898 septenarii
580 1812 728 1877 trochaici
750 1813 874 1877 numeri
888 1833 907 1876 a
923 1812 1066 1879 Bentleio
1088 1814 1271 1898 simpliciter

143 1920 188 1982 ita
209 1919 345 1982 restituti
367 1924 448 1996 suut,
471 1924 505 1981 ut
528 1918 572 1980 ml
594 1937 651 2001 pro
680 1935 764 1981 meus
788 1915 950 1998 subderet3
981 1914 1110 1980 alterius
1135 1922 1270 1980 metmm

144 2023 247 2087 verbis
282 2023 341 2087 hoe
377 2028 470 2105 pacto
507 2021 701 2104 transpositis
738 2020 874 2085 correxit
909 2018 1030 2084 Bothe:
1075 2019 1269 2106 obsequiosus

142 2126 219 2189 mihi
236 2127 335 2209 fuisti
355 2144 484 2209 semper.
529 2123 649 2188 Maiora
679 2125 711 2188 in
741 2125 845 2208 priore
876 2124 1053 2209 septenario
1076 2125 1176 2189 moliti
1198 2130 1271 2188 sunt

142 2229 327 2293 Fleckeisen
350 2235 382 2293 et
404 2227 498 2305 Brix,
529 2249 599 2292 cum
628 2229 720 2308 quast
747 2247 850 2292 seruos
872 2248 957 2292 meus
983 2229 1028 2291 sis
1054 2227 1268 2293 emendarent.

143 2332 331 2397 Bentleiana
363 2331 504 2396 eiusdem
537 2353 644 2396 versus
679 2331 856 2396 emendatio
886 2331 981 2396 simili
1009 2332 1062 2417 qui
1092 2332 1125 2395 in
1154 2330 1268 2396 Bacch.

144 2459 174 2501 r.
201 2439 261 2500 160
283 2436 400 2518 legitur
421 2437 489 2500 loco
511 2435 706 2500 defenditur:
739 2434 808 2499 Tibi
835 2455 891 2518 eqo
923 2456 965 2498 ou
997 2442 1031 2499 tu
1061 2435 1137 2499 mibi
1167 2453 1271 2499 seruos

144 2539 199 2603 ss?
242 2539 405 2604 Sententia
427 2538 540 2620 igitur:
561 2535 594 2602 ‘si
621 2545 656 2601 tu
685 2558 793 2603 servus
822 2560 910 2603 meus
941 2539 1061 2614 fuisses,
1084 2559 1144 2603 non
1169 2537 1270 2621 magis

143 2642 346 2726 obsequiosus
375 2663 442 2706 esse
471 2639 629 2726 potuisses’
652 2643 695 2705 ita
718 2642 918 2726 abrumpitur
938 2642 970 2705 in
992 2643 1093 2706 altera
1115 2642 1269 2707 enuntiati

142 2752 251 2831 parte,
280 2751 316 2808 ut
345 2744 552 2808 substituatur
581 2745 675 2809 haec:
708 2742 807 2824 ‘item
822 2751 856 2808 ut
883 2746 966 2809 servi
996 2746 1172 2831 obsequiosi
1203 2765 1270 2809 esse

144 2850 254 2926 solent,
277 2856 312 2911 tu
335 2848 535 2932 obsequiosus
557 2844 660 2912 fuisti.
706 2838 818 2932 Itaque
840 2848 900 2912 hoc
928 2869 1053 2933 quoquc
1082 2849 1151 2913 loco
1181 2849 1270 2913 verbi

144 2972 221 3017 esses
244 2954 291 3016 vis
313 2951 354 3016 ad
374 2951 580 3036 praeteritum
603 2957 724 3035 tempus
747 2951 913 3016 referenda
935 2958 992 3016 est.

245 3053 389 3139 Denique
420 3053 459 3118 de
489 3053 565 3117 Oist.
588 3052 635 3116 IV
666 3039 702 3133 2,‘'
728 3058 766 3118 15
789 3075 856 3139 sqq.
886 3054 984 3119 verba
1012 3054 1157 3120 iacienda
1186 3060 1268 3119 aunt.

143 3157 284 3232 Quorum
306 3178 454 3222 versuum
477 3156 557 3221 hanc
579 3157 741 3221 constituit
756 3157 888 3221 formam
900 3156 941 3221 A.
954 3156 1091 3243 Spengel
1108 3157 1270 3239 (Reform-

143 3261 329 3345 rorschlige
351 3282 381 3347 p.
406 3259 498 3341 366):

397 3416 490 3481 Nune
511 3418 642 3501 ocstiqia
664 3416 724 3497 hic,
748 3418 776 3481 si
797 3437 857 3501 qua
882 3424 966 3499 suut,
988 3416 1157 3483 noscitubo.

397 3520 483 3585 Nuus
505 3523 534 3585 si
555 3541 641 3585 uerno
663 3518 784 3604 (homo)
805 3520 865 3585 huc
894 3521 1076 3605 proeteriit,
1102 3527 1269 3605 postquam

983 3625 1067 3689 iutro
1089 3624 1165 3708 abii,

397 3727 522 3794 Cistella
544 3728 594 3793 hir
616 3731 776 3796 luceret.
820 3729 896 3813 quiri
917 3728 992 3793 bic?
1018 3730 1117 3813 perii,
1147 3729 1268 3812 opinor.

243 3884 308 3948 Pro
343 3887 456 3948 luceret
489 3884 623 3970 Langen
658 3886 677 3948 l.
708 3907 733 3949 c.
765 3884 950 3950 Hermanno
988 3886 1153 3950 obsecutus
1187 3886 1267 3950 iacet

141 3987 310 4052 substituit.
344 3987 425 4052 Eam
448 4010 530 4074 quae
553 3990 668 4053 tradita
691 3995 738 4053 est
760 3989 893 4053 formam
915 3990 1030 4053 iuraret
1045 3988 1267 4074 Umplenbach

140 4092 227 4156 sollte
255 4093 353 4175 licqeu
376 4092 617 4178 interpretatur,
646 4092 770 4158 Loreuz
798 4093 839 4157 ad
861 4093 976 4157 Pseud.
998 4096 1060 4158 286
1088 4093 1174 4157 britte
1201 4092 1268 4156 bier

245 4368 378 4422 ¹Blritter
396 4370 415 4422 f.
433 4370 517 4439 Bayr.
535 4369 631 4439 Gymu.
650 4370 731 4423 XVII
751 4389 777 4440 p.
796 4371 856 4426 335.
