2954 4808
675 297 765 389 [ππ]
1252 305 1291 372 ra

150 496 167 582 ἓ
194 497 224 563 lb
247 496 387 564 initium:
415 492 484 584 (ὅρα
511 498 616 563 δὲκαὶ
642 503 715 584 περὶ
748 504 811 562 τοῖν
839 492 1001 579 ὀνομάτων
1032 495 1151 564 τούτων
1180 500 1291 579 einaim

149 604 167 685 5
191 607 222 667 1·
246 601 349 668 carina
379 604 411 667 δὲ
441 606 489 666 καὶ
521 601 631 687 ἑτέραν
660 601 725 666 τινὰ
759 603 998 688 γλαφυρότητα,
1026 602 1156 684 similia3
1185 625 1290 689 nequa

150 711 252 791 magis
275 709 417 771 invenies
441 707 473 772 in
498 708 675 791 posteriore
701 710 862 792 congeriei
885 715 977 792 parte
1000 708 1095 771 talem
1119 708 1290 772 verborum

149 811 416 873 constructionem
442 810 542 893 qualis
566 817 614 873 cst
644 810 741 873 haec:
772 812 799 874 εἰ
820 810 866 890 μή
897 813 1032 874 ἐκαλεῖτο
1062 809 1136 886 node
1165 813 1213 873 καὶ
1244 808 1291 873 dai

150 920 238 977 τοῦτο
262 910 417 1000 ᾐσχύνετο
448 921 662 997 καινοτομῆσοιι
695 913 753 995 τήν
784 913 885 999 φύσιν,
917 913 985 998 τάχ’
1017 911 1055 976 civ
1084 915 1160 993 μίαν
1189 913 1291 997 μόνην

149 1015 304 1097 συλλαβήν
327 1015 492 1100 ἐπεφέρετο
517 1017 551 1098 (ξ
579 1017 622 1098 1“)
655 1018 705 1081 val
734 1017 830 1082 haec:
863 1017 1033 1101 περαιτέρω
1063 1018 1094 1081 δὲ
1125 1024 1291 1101 προελθεῖν

148 1118 313 1196 ἀδύνατον,
337 1116 414 1183 ὥστε
438 1122 486 1184 καὶ
511 1119 562 1183 dui
579 1127 670 1183 τοῦτο
693 1119 739 1202 εἴη
763 1118 801 1183 ἂν
824 1119 858 1183 το
873 1119 918 1204 μή
935 1127 1099 1203 προελθεῖν
1114 1123 1155 1197 εἰς
1170 1122 1291 1195 πλείους

149 1223 203 1287 τὸν
226 1222 305 1287 πόδα
329 1224 482 1305 συλλαβάς
508 1223 631 1306 (ibid.);
665 1224 764 1289 multo
796 1227 879 1289 enim
910 1227 1043 1290 ieiunius
1075 1225 1176 1289 oratio
1205 1245 1289 1287 corn·

148 1329 254 1412 posita
277 1328 378 1392 estin
404 1327 439 1408 ἓξ
463 1330 579 1392 2-45.

252 1430 447 1495 Gravissima
477 1430 614 1516 denique
644 1454 742 1496 causa
774 1453 811 1496 aa
844 1443 902 1514 est,
935 1433 1021 1519 quod
1054 1434 1144 1498 multi
1175 1433 1290 1517 quibus

148 1534 165 1615 §
191 1537 203 1595 l
231 1534 348 1598 tradita
372 1542 420 1599 est
444 1535 569 1600 codices
593 1535 730 1621 reliquas
755 1539 974 1622 paragraphos
996 1545 1051 1601 aut
1068 1538 1219 1602 omittunt
1234 1544 1290 1599 aut

147 1658 206 1720 pro
229 1638 266 1701 iis
291 1636 415 1702 addunt
437 1637 532 1722 plane
555 1638 634 1703 alias
658 1641 825 1723 congeries
848 1640 1005 1704 metricas.

252 1739 343 1815 Quae
366 1763 437 1804 oum
461 1741 506 1804 ita
529 1743 601 1823 sint,
625 1764 795 1827 segregare
823 1745 891 1807 sine
924 1742 1022 1808 dubio
1053 1743 1289 1827 paragraphum

148 1845 280 1927 primam
304 1843 376 1925 αξξ
392 1846 498 1908 2-45
516 1852 661 1929 oportat3
685 1846 904 1930 paragraphos
919 1855 1024 1921 autem
1041 1848 1158 1927 2-45,
1180 1868 1289 1930 quam·

147 1968 244 2031 quam
267 1968 332 2011 non
356 1968 415 2032 pro
441 1948 532 2012 unius
555 1949 691 2012 hominis
715 1950 799 2013 docti
824 1971 921 2035 opere
945 1951 1074 2014 consilio
1105 1958 1136 2013 et
1165 1952 1289 2014 ratione

147 2054 290 2138 perfecto
317 2053 484 2117 habendae
501 2062 584 2131 sunt,
608 2055 663 2119 sed
680 2076 698 2119 e
714 2055 933 2120 diversissimis
948 2056 1114 2120 clementis
1134 2063 1287 2131 constant,

147 2167 266 2238 tamen,
291 2159 440 2241 quoniam
464 2160 495 2222 in
519 2160 639 2242 aliquot
664 2159 823 2223 codicibus
847 2161 1044 2225 consociatae
1068 2168 1141 2223 sunt
1157 2167 1188 2223 et
1203 2161 1287 2223 sinri-

120 2262 207 2324 'leru
233 2266 399 2326 continent
421 2263 598 2345 materiam,
628 2271 788 2349 tamquam
816 2266 949 2328 alteram
978 2264 1050 2328 libri
1075 2264 1288 2328 Pseudo-He·

145 2366 348 2449 phaestionei
373 2375 496 2449 partem
521 2368 616 2468 priori
640 2388 805 2452 opponere
827 2368 931 2432 liceat.

496 2830 554 2912 llll
581 2831 730 2912 PARTE
757 2829 932 2913 Paroria.

249 3091 311 3166 Qui
346 3114 417 3156 eum
448 3094 547 3158 totius
577 3094 769 3180 paragraphi
797 3098 808 3157 l
843 3099 1031 3177 argumento
1057 3101 1088 3157 et
1114 3093 1283 3158 verborum

145 3193 245 3258 forma
261 3206 411 3261 accurate
428 3201 621 3262 consentiret
637 3197 751 3261 librum
769 3197 888 3260 editum
906 3199 1013 3261 inveni
1030 3199 1162 3262 nullum.
1192 3197 1282 3262 Vnus

145 3298 274 3363 Isaacus
291 3299 467 3364 Monachus
491 3309 523 3365 et
539 3302 734 3386 diagramma
752 3301 1149 3384 Pseudo-Hephaestionis
1166 3303 1283 3385 repetit

145 3408 177 3464 et
207 3404 381 3467 sententias
413 3406 480 3468 eius
513 3426 575 3468 non
610 3406 702 3468 nimis
734 3403 927 3468 dissimiliter
960 3425 1129 3488 expressas
1162 3412 1281 3469 servat.

144 3505 430 3572 Pseudo-Draconi
448 3509 542 3585 euim,
567 3519 691 3592 praeter
707 3508 942 3592 paragraphum
964 3506 1003 3588 1⁵,
1027 3509 1145 3591 quade
1162 3508 1280 3593 pedum

143 3608 324 3673 nominibus
347 3612 462 3694 agitur,
488 3633 557 3674 eum
581 3609 640 3675 hac
657 3612 763 3695 priore
777 3611 847 3673 libri
864 3617 954 3693 parte
971 3631 1034 3673 una
1050 3612 1104 3674 illa
1122 3612 1283 3675 sententia

144 3715 320 3778 communis
344 3723 402 3789 est,
425 3715 541 3799 pedem
565 3717 637 3779 ideo
661 3717 815 3778 minorem
841 3714 963 3778 duabus
987 3711 1118 3799 syllabis
1135 3737 1202 3780 osse
1219 3737 1281 3779 non

143 3837 247 3900 posse,
272 3817 358 3902 quod
382 3818 552 3883 humanum
577 3840 693 3903 corpus
717 3819 840 3882 duobus
861 3819 996 3904 pedibus
1013 3821 1166 3882 innitatur
1183 3819 1280 3899 (conf.

143 3919 321 4005 Pa-Hephr
345 3919 362 4004 ἓ
386 3924 529 4003 1·init.).
575 3923 696 3986 Tamen
724 3958 758 3967 -
786 3924 864 3985 levis
888 3933 922 3986 ut
946 3904 987 3985 sit
1004 3923 1210 4006 congruentia
1227 3924 1281 3986 illa

144 4061 184 4070 -
220 4025 378 4090 Draconis
414 4027 455 4092 de
488 4029 595 4091 metris
629 4028 756 4089 libcllus
794 4028 934 4092 omniurn
973 4035 1100 4111 praeter
1133 4027 1281 4090 Isaacum

143 4130 282 4192 maxime
305 4131 463 4194 consentit
487 4153 558 4194 cum
590 4130 790 4216 paragrapho
814 4129 1220 4214 Pseudo—Haplracstionea
1245 4134 1280 4211 13

143 4252 246 4317 neque
270 4235 416 4318 cuiquam
442 4234 472 4298 id
505 4236 619 4298 mirum
651 4234 818 4297 videbitur
841 4236 994 4298 memoria
1023 4237 1155 4305 tenenti,
1185 4255 1284 4318 quam-

143 4343 212 4399 arta
235 4337 316 4401 inter
338 4361 372 4401 se
390 4339 578 4421 cognatione
598 4338 910 4402 cohaereantlsaaoi
935 4346 967 4402 et
984 4339 1280 4403 Pseudo-Draconis

1130 4445 1176 4496 15*
