2956 4822
203 335 263 398 122
723 334 811 419 [are]

303 525 415 609 Nugae
431 529 527 612 igitur
542 536 616 593 sunt
633 529 778 595 ciuitates
793 530 867 594 illae
884 530 1070 597 tributariae
1083 532 1135 595 uel
1151 531 1347 597 subdititiae

200 630 401 697 Aetolorum.

302 840 319 920 ξ
348 844 377 904 b.
424 841 494 915 Qua
526 843 650 906 ratione
683 850 902 928 computatur,
935 864 1031 928 quarn
1064 849 1188 928 partem
1219 842 1343 923 tributi,

200 943 285 1026 quod
310 966 327 1007 e
351 947 508 1010 communi
535 944 658 1010 aerario
691 958 786 1011 autea
817 947 1013 1029 soluebatur,
1044 949 1227 1012 secessione
1258 947 1344 1011 facta
1390 1001 1394 1007 .

200 1047 375 1113 Percenses
400 1051 607 1135 susciperent,
637 1050 748 1114 eadem
781 1052 876 1115 etiarn
909 1052 991 1115 acris
1021 1051 1115 1114 alieni
1147 1051 1252 1135 portio
1280 1051 1344 1114 illis

199 1152 400 1232 adtribuitur,
418 1154 503 1238 quod
522 1155 667 1218 ciuitates
683 1156 873 1218 coniunctae
889 1155 1099 1219 communiter
1112 1161 1342 1219 contraxerant

201 1258 244 1336 (v.
272 1259 309 1318 19
334 1254 406 1339 sn).
460 1256 551 1320 Haec
582 1258 678 1341 plana
709 1266 800 1339 sunt,
833 1257 940 1341 paullo
972 1257 1152 1322 difficiliora
1181 1278 1220 1320 ea
1255 1279 1340 1342 quac

200 1367 393 1443 sequuntur:
416 1358 596 1424 ἀποδόντων
619 1361 650 1424 δὲ
672 1361 698 1424 οἱ
718 1365 833 1444 [inerte
850 1398 888 1406 -
906 1360 959 1443 ἔτη
977 1363 1052 1443 τρία.
1088 1362 1191 1427 Recte
1208 1359 1341 1446 quidem

202 1463 283 1526 hanc
305 1465 497 1529 sententiam
521 1464 561 1528 ab
585 1464 630 1529 eis
655 1486 738 1550 quae
762 1464 967 1548 praecedunt,
991 1464 1170 1528 seiunxisse
1191 1464 1342 1527 uidentur

200 1567 368 1650 Ussingins
393 1579 424 1631 ct
445 1567 670 1651 Rangabaeus.
716 1567 807 1631 Haec
824 1569 907 1633 enim
928 1589 990 1631 nou
1007 1573 1074 1630 tum
1092 1569 1159 1631 fieri
1176 1566 1340 1646 iubentur,

200 1693 271 1735 cum
305 1671 484 1736 l'ereenses
514 1694 533 1735 a
568 1671 829 1735 Melit-aecusibus
859 1672 1066 1751 secesserint,
1100 1672 1156 1735 sed
1189 1671 1285 1734 etiam
1316 1671 1342 1734 si

200 1775 382 1861 sympolitia
416 1796 527 1840 eorum
561 1783 757 1860 permanent.
811 1776 906 1849 Quod
941 1783 1074 1860 apparet
1108 1797 1126 1838 e
1162 1775 1268 1838 uerbis
1303 1772 1340 1850 ἃς

199 1876 348 1963 ὀφείλοντι
372 1879 466 1942 ἐτέων
489 1886 588 1958 τριῶν.
635 1880 768 1943 Praeter
791 1900 844 1943 aes
876 1879 1013 1943 alienum
1045 1899 1212 1942 commune
1244 1879 1342 1963 igitur

201 1981 407 2046 Percennium
432 1983 520 2046 uicus
543 1982 628 2046 solus
652 1983 819 2067 pecuniam
845 1991 987 2047 mutuam
1011 1988 1190 2066 acceperat,
1213 1980 1255 2045 de
1278 2003 1343 2066 qua

205 2105 275 2147 cum
301 2085 563 2151 Melitaeensibus
586 2085 742 2170 litigabat.
785 2084 867 2167 (Nisi
893 2086 975 2149 eninr
990 2087 1028 2149 lis
1048 2084 1088 2148 de
1105 2107 1143 2149 ea
1159 2093 1231 2149 orta
1247 2094 1343 2168 esset,

201 2190 311 2253 arbitri
335 2200 421 2254 certe
444 2192 526 2253 hanc
549 2212 611 2254 non
632 2190 821 2271 curassent.)
868 2189 1013 2253 Verbum
1029 2185 1157 2266 δεκάτας
1172 2189 1344 2273 Ussingius

200 2315 257 2377 pro
288 2293 493 2376 uectigalium
524 2315 643 2378 genere
674 2293 823 2357 habuisse
845 2292 985 2374 uidetur,
1011 2313 1081 2355 cnm
1114 2294 1159 2356 sic
1182 2301 1342 2357 uerteret:

202 2396 360 2461 ‘decumas
384 2399 538 2481 quasdam
562 2398 771 2463 creditoribus
796 2396 1042 2481 oppignoratas'.
1090 2396 1194 2460 Aliter
1213 2397 1344 2481 Ranga·

202 2501 301 2565 baeus
317 2501 478 2584 iudicauit,
502 2504 555 2585 qui
572 2524 628 2588 pro
646 2504 748 2566 usuris
765 2503 847 2565 aeris
862 2500 956 2565 alieni
973 2500 1030 2564 has
1046 2500 1201 2566 decumas
1217 2500 1341 2567 habuit.

203 2605 276 2670 Hoc
299 2606 374 2670 mibi
398 2608 499 2690 magis
524 2607 649 2691 placere
673 2607 834 2671 confiteor.

309 2710 445 2774 Causam
470 2720 575 2774 autem
600 2712 664 2774 litis
688 2709 832 2795 quaeda
857 2709 916 2772 hoc
940 2730 1016 2773 aare
1040 2709 1145 2773 alieno
1171 2716 1242 2773 orta
1265 2716 1343 2789 erat,

204 2813 229 2877 si
254 2815 327 2898 quid
353 2816 503 2896 conicias,
526 2836 594 2879 eam
619 2813 747 2894 dixeris,
772 2813 857 2896 quod
882 2813 1057 2877 Percenses
1082 2835 1145 2877 non
1169 2835 1187 2876 a
1209 2834 1255 2896 se,
1285 2813 1343 2879 sed

203 2918 243 2980 ab
268 2920 389 2982 aerario
414 2921 575 2983 communi
599 2918 630 2981 id
655 2917 766 2982 deberi
790 2917 1022 2996 contenderint,
1045 2919 1153 3002 itaque
1177 2925 1211 2980 ut
1226 2938 1345 2983 usurae

203 3044 242 3086 ax
275 3022 329 3086 illo
365 3025 581 3100 soluerentur,
615 3023 842 3108 proposcerint.
903 3021 1124 3087 Melitaeenses
1159 3024 1220 3085 hcc
1253 3044 1273 3085 a
1308 3043 1343 3086 se

202 3125 427 3192 defendebant.
467 3128 517 3192 Ita
536 3128 671 3192 fortasse
687 3125 807 3190 factum
825 3133 882 3200 est,
899 3134 934 3188 ut
951 3146 1008 3209 per
1020 3134 1085 3190 tres
1102 3146 1205 3190 annos
1220 3147 1340 3189 usurae

202 3252 263 3294 non
289 3231 499 3295 soluerentur.
544 3230 664 3294 Arbitri
689 3229 882 3294 Perensibus
907 3250 961 3292 aes
986 3230 1126 3294 alienum
1156 3230 1344 3294 adtribuunt

202 3341 296 3418 atque
320 3356 431 3398 usurus
448 3347 533 3398 retro
557 3334 682 3398 debitas
706 3335 789 3397 intra
807 3339 869 3398 tres
887 3353 986 3396 annos
1003 3335 1130 3397 soluere
1149 3354 1205 3398 eos
1222 3333 1344 3399 iubent.

306 3547 376 3625 §b
412 3545 581 3608 Aerarium
598 3544 695 3627 igitur
711 3564 801 3606 suum
819 3542 997 3607 Percenses
1016 3542 1187 3606 habebant.
1221 3540 1343 3606 Tamen

202 3649 361 3714 redituum
387 3648 585 3732 publicorum
608 3668 682 3731 pars
706 3654 791 3710 certe
813 3667 876 3709 non
895 3645 936 3708 ad
954 3645 1023 3726 boc,
1047 3645 1105 3710 sed
1121 3646 1161 3709 ad
1183 3645 1342 3710 aerarium

203 3775 373 3817 comnmne
397 3751 532 3826 redibat,
556 3758 591 3813 ut
615 3771 711 3834 supra
735 3750 774 3812 de
794 3770 871 3833 agro
888 3748 1017 3832 publico
1035 3748 1181 3826 uidimus,
1206 3749 1344 3832 quinon

203 3858 410 3921 Percennium
448 3855 503 3920 sed
543 3854 818 3936 Melitaeensinm,
857 3853 888 3917 id
928 3862 976 3916 ost
1014 3854 1127 3918 aerarii
1165 3855 1343 3919 communis

203 3963 328 4026 nomine
351 3962 528 4024 iocabatur.
568 3964 670 4031 Quam
694 3959 734 4022 ob
759 3980 824 4021 rem
849 3979 912 4022 non
932 3979 1043 4022 omnes
1060 3963 1204 4043 sumptus
1221 3959 1276 4043 qui
1300 3959 1341 4023 ad

202 4066 505 4130 administrationem
517 4086 623 4127 rernm
635 4063 834 4146 publicarum
844 4064 1050 4127 Percensium
1063 4062 1344 4146 desiderabantur,

203 4170 453 4247 ePereensium,
477 4167 532 4232 scd
556 4189 631 4252 pars
654 4189 763 4231 eorum
788 4189 805 4231 a
831 4170 989 4231 communi
1007 4168 1131 4233 aerario
1148 4167 1345 4233 scinebatur.

305 4274 414 4357 Atque
443 4271 484 4337 de
516 4271 660 4357 pecuniis
698 4292 780 4357 quae
819 4273 990 4356 quotannis
1029 4272 1245 4337 Persensibus
1279 4272 1344 4336 sol·

206 4376 330 4443 uendaa
368 4383 475 4457 erant,
512 4375 571 4442 hos
613 4397 683 4441 cunr
724 4374 984 4440 Molitaeensibus
1027 4375 1168 4459 litigasse
1206 4397 1248 4440 ex
1284 4374 1344 4439 hac
