2970 4814
555 344 595 354 -
646 304 733 393 [aar]
784 345 821 353 -
1216 298 1255 372 st

118 493 269 573 tinorum,
293 500 329 556 ut
343 487 587 579 intellegamus,
611 496 715 581 qualis
733 497 781 560 sit
798 497 884 561 inter
898 498 1030 561 uocales
1048 505 1081 561 et
1098 518 1256 562 consonas

119 597 244 660 litteras
269 597 426 678 condicio,
452 599 637 663 inuenimns
661 599 759 664 haee:

205 786 236 841 n.
255 806 282 856 g.
300 787 330 840 in
348 787 457 857 Epidioi
476 792 541 843 actu
560 791 572 844 1
1037 759 1168 765 Ἦ

265 873 379 928 initinnr
398 875 515 944 capiunt

786 851 831 888 mc
849 833 933 904 supra
951 833 1127 888 enotauinrus
1197 889 1199 891 .

911 983 1039 993 *b-

135 1029 163 1061 ex
178 1020 292 1061 uocabulis
347 1034 361 1063 a
374 1033 471 1064 consona
530 1022 629 1064 unoculi
723 1022 777 1065 locis
851 1025 903 1066 ante
916 1036 1023 1067 consonas
1076 1029 1128 1067 ante
1142 1026 1230 1067 uocales

182 1110 262 1172 1338
372 1113 433 1176 854
548 1109 609 1175 484
714 1114 775 1174 200
921 1114 962 1176 33
1132 1116 1190 1177 167

204 1214 263 1274 100
393 1217 434 1278 64
493 1217 677 1326 *36-
718 1218 776 1278 100
834 1217 1254 1328 *Δρ-84-

308 1304 490 1326 -

447 1345 541 1408 322
997 1349 1089 1410 1:4

301 1506 336 1572 Ο.
372 1505 428 1570 De
451 1503 690 1591 apostropha
716 1511 754 1569 et
777 1505 822 1570 de
845 1505 1072 1592 aphaeresi.

206 1629 339 1707 Restat,
369 1627 558 1712 priusquam
589 1625 629 1690 de
653 1626 835 1710 particulae
858 1646 911 1690 -ue
933 1627 1084 1712 prosodia
1107 1626 1254 1713 disputa-

121 1733 217 1796 tionis
242 1730 339 1794 tinem
370 1730 505 1809 faciam,
536 1735 572 1791 ut
599 1728 716 1792 addam
746 1731 902 1793 nonnulla
931 1729 971 1794 de
1001 1725 1254 1816 apostrophe,

121 1856 185 1922 qua
207 1836 284 1921 quin
300 1834 398 1898 ualde
415 1834 509 1897 abusi
533 1834 598 1896 sint
611 1833 720 1897 Plauti
738 1830 877 1899 editores
895 1834 1034 1899 dubitari
1055 1856 1118 1899 non
1134 1842 1254 1921 potest.

120 1940 189 2005 Iam
219 1962 299 2005 uero
323 1939 491 2003 consentio
522 1937 594 2002 cum
625 1939 688 2019 eis,
717 1960 800 2024 quae
824 1939 952 2004 Ritschl
976 1940 1088 2005 docuit
1110 1943 1191 2026 prol.
1215 1939 1256 2005 ad

120 2044 210 2109 Trin.
235 2042 343 2125 CVII,
372 2042 492 2106 nullius
516 2028 645 2106 omnino
668 2044 823 2107 momenti
847 2065 922 2108 esse
946 2051 1040 2108 notas
1065 2045 1256 2130 grammati·

121 2169 231 2212 corum
254 2145 439 2225 Diomedis,
470 2145 643 2226 Prisciani,
673 2144 810 2226 Donati,
838 2144 974 2210 Maximi
997 2141 1173 2228 Victorini,
1202 2148 1256 2233 qni

121 2250 356 2339 apostrophum
383 2251 625 2313 constituerunt
655 2249 696 2312 ad
718 2248 858 2334 Vergilii
887 2251 990 2315 uerba
1012 2249 1097 2315 Aen.
1120 2251 1153 2315 X
1176 2253 1255 2316 668:

120 2356 240 2420 touton’
268 2354 314 2417 uic
341 2353 471 2418 criruiae
497 2352 634 2436 cimicum.
680 2352 820 2438 Vergilii
851 2354 938 2418 enim
965 2361 1073 2419 aetate
1096 2355 1256 2441 particula
1335 2410 1336 2413 ,

119 2480 186 2538 -ac,
216 2462 307 2524 cuius
336 2461 440 2524 forma
462 2460 560 2544 piena
586 2458 673 2544 apud
696 2457 848 2522 Plautum
879 2466 912 2524 et
938 2452 970 2523 in
994 2460 1105 2546 lingua
1128 2461 1256 2544 uulgari

120 2563 239 2628 debilis
268 2570 302 2628 et
331 2564 437 2626 rarius
466 2563 588 2626 usitata
616 2569 687 2625 erat
710 2569 869 2647 sequente
893 2572 1054 2644 consona,
1083 2571 1199 2649 postea
1221 2566 1254 2628 in

121 2688 163 2732 ea
184 2668 361 2746 latinitate,
390 2686 486 2751 quam
510 2684 642 2729 auream
671 2672 704 2729 et
728 2672 918 2751 argenteam
940 2687 999 2730 nos
1023 2687 1143 2731 nccare
1167 2667 1254 2731 sole·

120 2792 207 2852 mue,
236 2772 283 2835 ita
304 2777 401 2833 aucta
423 2775 456 2833 et
478 2769 606 2832 firmata
629 2774 695 2847 est,
725 2775 761 2831 nt
791 2776 825 2832 et
847 2768 933 2853 apud
956 2790 1071 2854 prosae
1096 2769 1253 2835 orationis

47 2911 52 2924 =
119 2877 296 2962 scriptores
321 2882 354 2938 et
375 2873 461 2959 apud
477 2879 593 2958 poetas
608 2873 707 2957 plena
729 2894 783 2936 mc
799 2872 903 2936 forma
920 2894 1023 2957 aeque
1040 2882 1256 2959 usurparetur

120 2987 279 3066 sequente
307 2998 450 3043 consona
481 2998 519 3040 ac
543 2981 701 3060 sequente
730 2977 846 3040 uccali.
893 2975 964 3049 Quo
986 2978 1090 3060 magis
1113 2978 1255 3063 Vergilii

119 3084 264 3165 licentia,
288 3082 343 3167 qui
366 3085 476 3145 touton
499 3100 557 3166 pro
582 3083 708 3143 tantone
723 3078 890 3160 scriberet,
914 3082 1138 3164 grammaticis
1155 3081 1255 3167 digna

120 3187 223 3252 uideri
235 3192 373 3272 poterat,
384 3183 467 3270 quie
481 3185 553 3270 ipsa
565 3183 763 3269 apostropha
777 3183 1031 3268 significaretur;
1046 3186 1087 3252 ci.
1096 3185 1255 3252 Kuehner

120 3289 330 3373 „Ansfnehrl
355 3289 519 3354 Gramm.“
543 3288 560 3351 I
583 3270 697 3373 (iant)
721 3309 794 3374 pag.
819 3290 870 3353 86.

207 3394 299 3468 Quae
322 3401 400 3458 ncta
422 3395 455 3458 in
474 3385 653 3479 priscorum
671 3393 861 3478 scriptorum
879 3393 1045 3478 operibus,
1068 3395 1124 3458 nbi
1147 3396 1254 3480 agitur

120 3499 161 3564 de
184 3499 343 3585 particula
366 3514 429 3574 -ae,
452 3519 584 3583 prorsus
608 3496 788 3560 omittenda
809 3496 940 3561 uidetur
964 3518 1049 3561 esse.

206 3601 321 3688 Neque
346 3601 386 3666 de
409 3600 620 3686 aphaeresi
643 3600 833 3663 nocularum
855 3618 887 3662 es
910 3607 944 3663 et
966 3603 1011 3663 est
1032 3601 1253 3685 praecedente

120 3707 280 3793 particula
303 3723 371 3782 -ac,
404 3712 500 3790 qnam
522 3705 693 3789 proposuit
717 3701 848 3767 Ritschl
870 3704 950 3788 prol.
975 3702 1016 3766 ad
1036 3702 1125 3768 Trin.
1150 3702 1253 3785 CVII,

121 3811 259 3895 cogitari
281 3814 401 3896 potest.
446 3808 529 3871 Nam
559 3808 629 3872 ueri
658 3827 724 3870 non
753 3813 804 3871 est
824 3807 928 3870 simile
950 3826 966 3869 c
988 3807 1130 3870 litteram
1154 3825 1253 3870 nocu-

120 3918 223 3981 lorurn
246 3936 278 3979 cs
306 3922 338 3979 et
361 3917 405 3978 est
428 3913 593 3978 excidisse
617 3913 663 3976 ita
685 3919 721 3975 ut
743 3933 773 3975 -e
795 3912 975 3997 particulae
998 3930 1050 3974 -ae
1079 3912 1146 3975 ictu
1173 3908 1252 3976 feri-

121 4027 220 4100 retur,
237 4017 385 4103 quiahoc
398 4037 429 4079 -e
441 4023 507 4080 tam
519 4015 662 4080 tenuiter
678 4014 825 4095 sonabat,
842 4020 877 4078 ut
889 4014 1108 4099 praecedente
1126 4015 1253 4100 syllaba

121 4127 220 4208 longa
241 4144 364 4187 moram
392 4123 425 4185 in
447 4143 546 4186 uersu
570 4123 703 4206 explere
734 4122 792 4183 nix
814 4128 937 4206 posset.
982 4119 1098 4204 Itaque
1120 4119 1252 4183 minime

121 4227 327 4293 scribendum
358 4232 408 4291 est
436 4244 464 4290 e.
488 4246 519 4310 g.
545 4224 661 4290 Tanc's
689 4223 830 4303 adamo,
861 4223 920 4288 sed
954 4222 1025 4286 Tua
1055 4224 1087 4289 es
1117 4222 1251 4287 adiutor.
