2954 4822
512 334 514 339 ,
557 289 599 299 -
646 195 747 339 aas
781 289 822 300 -

587 544 693 611 Oscor
717 546 778 611 III.

168 683 313 748 Sorani
337 685 486 750 librum
510 685 748 771 inscriptum
774 684 906 750 fuisse
930 683 1019 771 περὶ
1044 681 1209 773 φάσεως

571 782 806 874 ἀνθρώπου.

201 926 248 991 At
266 927 453 1013 priusquam
473 927 658 991 accuratius
671 927 908 1008 examinemus,
929 926 1005 1012 quid
1018 927 1143 993 Melctii
1160 929 1254 994 libel-

118 1031 168 1094 lus
187 1031 229 1094 ad
246 1031 361 1095 Sorani
385 1033 542 1119 scriptum
558 1030 797 1096 restituendum
815 1038 984 1117 praestare
1000 1034 1114 1118 possit,
1137 1055 1255 1120 proce-

117 1135 216 1198 mium
244 1135 331 1200 illius
363 1135 466 1201 libelli
500 1136 553 1200 hio
576 1135 817 1214 adscribamus,
843 1142 880 1199 ut
902 1135 1105 1223 dispiciatur,
1137 1138 1255 1222 quibus

116 1239 261 1304 fontibus
284 1261 362 1303 usus
386 1241 428 1304 sit
451 1240 606 1305 Melctius
631 1245 664 1305 ct
688 1239 764 1326 quid
788 1240 850 1304 sibi
873 1243 1097 1327 proposuerit:

205 1343 273 1419 51.
302 1335 350 1407 ‘H
369 1343 523 1427 παροῦσα
546 1336 687 1428 σύνοψις
717 1340 794 1428 περὶ
818 1338 947 1431 φάσεως
970 1336 1152 1430 ἀνθρώπου
1174 1343 1254 1411 ἕπο-

121 1442 208 1535 νήθη
234 1444 292 1511 καί
321 1444 469 1533 συνελέγη
498 1444 554 1511 καί
584 1444 770 1533 συν<ε>τίθη
800 1441 893 1531 παρὰ
917 1444 1082 1514 Μελετίου
1111 1451 1256 1533 μοναχοῦ

123 1548 272 1633 θέματος
303 1552 362 1616 τοῦ
387 1543 546 1636 Ὀψικιόυ
570 1545 700 1616 Βάνδου
723 1544 898 1636 Ἀκροκοῦ,
932 1549 1055 1637 χωρίου
1086 1559 1255 1639 Τιβεριου-

120 1650 265 1734 πόλεως,
302 1655 405 1742 μονῆς
437 1651 608 1741 λεγομένης
640 1659 735 1740 Τρεῖς
772 1648 847 1743 ἤτοι
878 1658 938 1744 τῆς
969 1648 1065 1742 ἁγίας
1100 1653 1254 1744 Τριάδος·

119 1750 177 1840 οδχ
199 1751 244 1836 ῶς
265 1754 378 1823 καινόν
398 1783 432 1824 τι
448 1753 684 1846 ἐπινοήσαντας
699 1757 775 1841 περί
793 1754 921 1846 φάσεως
939 1752 1120 1844 ἀνθρώπου
1137 1783 1256 1847 φυσιο-

118 1862 266 1984 λογησαι,
291 1855 375 1926 ἀλλὰ
398 1857 556 1985 σύντομον
579 1861 635 1927 καί
660 1855 851 1951 ἀνελλιπῆ
841 1860 1070 1950 πραγματείαν
1091 1862 1253 1929 rabiosae

121 1970 192 2045 τοῖς
220 1964 426 2053 φιλομαθέσι
456 1964 511 2031 καί
537 1962 736 2092 ηνιλοπόνοις
763 1965 970 2051 βουλομένου.
1026 1968 1092 2045 §2
1127 1964 1168 2032 Εἰ
1183 1963 1257 2094 γὰρ

124 2069 179 2136 καί
208 2070 328 2137 πολλοὶ
357 2073 423 2137 τῶν
446 2068 590 2157 ἀρχαίων
618 2073 731 2159 σοφῶν
757 2067 901 2151 πολλους
928 2067 1013 2137 κατὰ
1042 2068 1257 2162 αιτοταγὴνῆ

118 2173 151 2238 ἐν
182 2170 332 2262 συντόμῳ
360 2174 436 2261 περὶ
467 2178 527 2264 τῆς
555 2171 684 2263 φάσεως
711 2168 804 2265 ἡμῶν
831 2171 946 2261 λόγους
974 2174 1156 2255 συνέθεντο,
1186 2170 1253 2242 ἀλλ’

120 2271 228 2357 οὐδεὶς
250 2271 409 2368 ἀνελλιπῆ
431 2277 488 2344 καί
512 2272 726 2366 άνυστέρητον
747 2273 866 2366 ταύτην
886 2271 1082 2368 ἀπήρτησεν.
1107 2282 1193 2356 Δξδ.
1213 2272 1257 2346 ‘0

117 2382 175 2464 μὲν
208 2378 269 2470 γὰρ
300 2377 580 2471 Ἱπποκράτης·
608 2382 684 2469 περί
718 2379 846 2472 φάσεως
879 2381 1019 2449 παιδίου
1053 2382 1109 2449 καί
1140 2376 1257 2471 άνδρδς

120 2481 252 2572 γράψας
275 2479 370 2574 ὀλίγα
389 2483 534 2553 τινὰκαὶ
552 2482 808 2574 δυσδιάγνωστα,
832 2480 925 2552 οὐδὲν
938 2486 1015 2574 περὶ
1033 2490 1092 2553 τοῦ
1106 2484 1255 2554 καθόλου

119 2584 300 2678 ἀνθρώπου
324 2586 556 2678 ἐμνημόνευσεν
577 2587 599 2681 ἢ
621 2593 686 2658 τῶν
708 2591 741 2657 ἒν
757 2585 847 2679 crispi
874 2588 1040 2675 δυνάμεων
1055 2587 1077 2680 ἢ
1093 2590 1255 2680 ἐνεργειῶν

118 2689 140 2784 ἢ
165 2697 229 2761 τῶν
257 2697 317 2761 τοῦ
345 2693 498 2780 σώματος
527 2694 661 2784 μορίων.
713 2698 779 2775 §d
804 2690 846 2763 <0
868 2695 939 2781 δίῑ)
970 2692 1148 2784 Γαληνὸς
1177 2697 1254 2785 περὶ

119 2796 249 2888 φάσεως
274 2798 399 2888 μορίων
419 2801 581 2891 μνησθεὶς
608 2800 663 2867 καί
693 2800 769 2888 περί
794 2797 948 2887 κράσεων,
971 2799 1005 2866 ἐν
1027 2794 1165 2889 οὐδεμιᾷ
1192 2804 1256 2867 τῶν

119 2907 351 2992 πραγματειῶν
386 2899 487 2971 αὐτοῦ
514 2903 667 2994 φαίνεται
701 2901 855 2993 τοιαίτην
884 2900 1067 2993 ὁλοκλήρως
1092 2898 1256 2971 ὑπόθεσιν

121 3002 325 3095 ἀναγράψας.
371 3012 436 3086 §b
472 3005 685 3097 Σωκράτης
707 3008 744 3074 δὲ
766 3006 980 3095 ἐτυμολογίας
994 3009 1117 3092 μᾶλλον
1131 3006 1256 3095 μορίων

119 3111 210 3199 καίῖ)
225 3106 397 3196 ὀνομάτων
412 3110 446 3178 ἓν
459 3116 508 3202 τῷ
530 3113 621 3199 περί
645 3110 799 3201 φάσεως
815 3106 1039 3197 άνθρῶπου
1056 3108 1254 3199 συντάγματι

119 3211 219 3283 αὐτοῦ
242 3213 287 3297 ὡς
309 3214 534 3305 γραμματικὸς
556 3213 579 3309 ἢ
601 3214 785 3307 φιλόσοφος
800 3213 1007 3298 συνετάξατο.
1054 3219 1118 3293 §a
1156 3215 1195 3284 Oi
1220 3217 1256 3282 δὲ

119 3317 228 3408 άγιοι
251 3321 307 3388 καί
331 3324 390 3411 τῆς
412 3319 584 3410 ἐκκλησίας
607 3319 811 3405 διδάσκαλοι,
836 3314 906 3390 οἷον
921 3322 939 3387 ὁ
953 3320 1054 3409 μίγας
1070 3319 1255 3401 Βασίλειος,

119 3418 301 3513 δάδελιγός
323 3419 425 3492 αὐτοῦ
447 3433 476 3490 Γ
473 3423 622 3515 ρηγόριος
645 3424 785 3515 Νόσσης,
809 3427 827 3492 δ
848 3421 1044 3512 χρυσολόγος
1065 3420 1256 3511 Χρυσόστο-

118 3554 196 3612 μος,
225 3530 280 3595 καί
305 3530 323 3595 δ
345 3526 626 3616 παμμακάριστος
647 3528 823 3617 Κόριλλος,
852 3530 909 3596 καί
933 3523 1026 3595 άλλοι
1050 3528 1169 3595 πολλοί
1192 3531 1257 3594 τῶν

119 3624 187 3696 κατ’
214 3623 333 3712 αἰετοὺς
355 3631 388 3698 ἐν
413 3638 485 3713 τοῖς
505 3630 615 3720 λόγοις
637 3628 744 3700 αίτῶν
769 3639 840 3713 τοῖς
861 3634 1109 3711 διδασκαλικῶς
1131 3629 1188 3697 σιίν
1210 3633 1257 3718 τῷ

118 3736 302 3823 θεολογικρῖ
334 3733 631 3860 φυσιρλογήσαντες
663 3734 772 3805 πολλὰ
806 3737 882 3825 περί
919 3740 984 3804 τῶν
1018 3739 1078 3802 τοῦ
1105 3732 1257 3820 σώματος

120 3831 214 3927 ἡμῶν
234 3836 359 3966 μορίων
372 3839 428 3906 καί
453 3843 517 3906 τῶν
529 3843 677 3927 ψυχικῶν
691 3868 747 3908 και
740 3841 909 3925 ζωτικῶν
923 3841 978 3907 καί
996 3842 1143 3929 φυσικῶν
1159 3836 1256 3906 δυνά-

118 3967 211 4067 μεων
231 3942 288 4009 καί
319 3967 482 4030 ενεργειων
509 3942 829 4034 συνεωιλοσόηησαν·
858 3941 966 4025 οίδείς
992 3944 1102 4030 με’ντοι
1130 3969 1165 4031 γε
1192 3971 1256 4010 των

190 4120 210 4183 ¹)
229 4118 260 4169 δὲ
278 4118 447 4172 correxitt
416 4118 447 4171 St
449 4118 633 4180 udcmundus‚
652 4118 729 4172 codd
748 4121 811 4189 γιὶρ.

188 4206 210 4273 ²)
229 4205 321 4258 dulcio
334 4204 378 4257 καί
394 4205 504 4258 basilius
524 4205 652 4272 inlallogi
668 4207 751 4259 vcrba
767 4205 873 4259 llrlotii
891 4206 986 4258 monol
1000 4205 1156 4273 [leopoldus
1170 4207 1255 4259 Colru.

1018 4293 1050 4344 lb
