2962 4800
186 266 206 330 4
716 260 784 352 [cc]

186 461 227 523 ab
250 459 311 524 illis
328 466 445 544 essent,
461 459 651 524 novissimus
668 460 708 523 de
725 482 764 524 ea
783 482 816 524 re
833 459 1015 544 disputavit,
1034 458 1150 524 Petrus
1167 459 1309 546 Langen
1325 464 1332 506 ¹

186 586 253 628 rem
279 564 450 627 confecisse
474 573 506 627 et
523 585 633 627 causas
651 564 866 627 discriminum
883 575 968 627 recte
984 563 1109 627 videtur
1125 568 1333 647 cognovisse.

290 668 380 741 Quae
404 689 476 730 cum
500 670 543 731 ita
561 669 633 746 sint,
656 688 715 731 nos
738 667 843 730 denuo
860 668 1074 751 quaestionem
1094 668 1137 729 ita
1153 667 1331 733 instituere

187 792 348 847 conamur,
372 778 408 832 ut
432 770 592 833 Ciceronis
617 770 816 850 elocutione,
841 790 922 852 quae
946 769 1070 853 quidem
1095 770 1223 834 selectis
1248 792 1333 855 quas

187 872 321 936 Carolus
345 872 442 935 Halm
467 873 700 937 commentariis
731 873 880 937 instruxit
910 872 1105 936 orationibus
1135 873 1334 953 illustretur,

187 975 355 1058 diligenter
379 997 451 1039 cum
475 977 624 1040 Plautina
648 983 832 1060 comparata
855 977 989 1059 primum
1013 996 1202 1059 quaeramus
1230 977 1273 1041 de
1299 980 1332 1040 vi

187 1080 461 1142 coniunctivorum
492 1078 523 1140 in
556 1079 728 1142 enuntiatis
753 1079 1040 1160 condicionalibus,
1074 1079 1189 1143 deinde
1213 1078 1257 1144 de
1282 1082 1331 1146 eis

187 1183 369 1262 enuntiatis,
394 1203 528 1265 quorum
553 1183 582 1243 in
606 1184 728 1264 protasi
745 1182 973 1262 coniunctirus,
995 1183 1027 1245 in
1046 1182 1180 1266 apodosi
1203 1183 1330 1248 indicc-

188 1285 270 1348 tiuus
293 1285 418 1367 legitur.

291 1387 461 1451 Orationes
488 1395 596 1450 autem
620 1387 693 1450 illae
716 1387 918 1466 Halmianae,
941 1389 967 1450 si
990 1388 1130 1453 ordinem
1154 1409 1328 1471 annorum,

188 1489 302 1573 quibus
326 1511 344 1551 a
370 1488 524 1553 Cicerone
549 1489 675 1552 habitae
699 1496 783 1570 sunt,
807 1491 995 1572 respexeris,
1019 1490 1078 1553 hae
1100 1499 1194 1554 sunt:
1220 1493 1328 1555 oratio

186 1613 244 1676 pro
275 1593 351 1657 Sex,
374 1592 491 1654 Roscio
522 1592 687 1670 Amerino,
717 1591 748 1654 in
781 1590 819 1664 Q.
845 1590 1025 1672 Caecilium,
1057 1594 1269 1656 accusationis
1293 1595 1328 1656 in

187 1695 319 1757 Verrem
353 1694 423 1757 libri
446 1693 495 1757 IV
521 1702 555 1757 ct
577 1695 625 1775 V,
658 1695 760 1756 oratio
791 1694 831 1757 de
861 1695 994 1778 imperio
1027 1693 1083 1758 Cn.
1107 1695 1262 1779 Pompei,
1294 1698 1329 1760 in

187 1797 355 1861 Catilinam
380 1798 539 1861 orationes
562 1802 721 1881 quattuor,
752 1798 854 1861 oratio
886 1821 943 1881 pro
968 1799 1005 1864 L.
1029 1798 1171 1877 Murena,
1200 1820 1261 1881 pro
1287 1800 1327 1864 Ρ.

188 1899 293 1981 Sulla,
320 1921 377 1984 pro
411 1900 528 1963 Archia
562 1907 672 1986 poeta,
706 1922 761 1985 pro
792 1900 829 1964 P.
860 1900 981 1983 Sestio,
1010 1923 1066 1985 pro
1098 1902 1234 1981 Milone,
1267 1923 1328 1986 pro

188 2001 227 2075 Q.
251 2003 396 2087 Ligario,
428 2024 485 2087 pro
516 2026 592 2088 rege
623 2005 793 2084 Deiotaro,
825 2004 856 2065 in
891 2004 932 2066 M.
958 2007 1130 2068 Antonium
1162 2007 1329 2068 orationes

189 2105 387 2190 Philippicae
412 2107 426 2168 l
451 2115 482 2170 et
506 2108 548 2171 Il.

654 2577 802 2659 CAPUT
831 2578 857 2658 l.

188 2785 472 2866 PRAESENTIS‚
496 2787 779 2869 IMPERFECTI,
804 2786 1031 2863 PERFECTI,
1065 2784 1329 2859 PLUSQUAM·

189 2906 406 2970 PERFEC'PI
431 2907 726 2974 CONIUNCTIVI
752 2909 878 2982 QUAM
912 2905 1127 2970 ΗΑΒΕΑΝΤ
1158 2906 1244 2969 VIM
1277 2908 1327 2971 IN

395 3027 667 3092 ENUNTIATIS
694 3026 1114 3092 CONDICIONALIBUS.

719 3218 790 3298 §L

292 3364 329 3426 ln
361 3365 530 3428 enuntiatis
565 3372 596 3426 et
633 3365 782 3447 primario
817 3372 848 3427 et
880 3363 1066 3426 secundario
1104 3363 1326 3426 coniunctirus

188 3466 364 3548 imperfecti
403 3467 496 3529 vicies
534 3469 642 3530 novics
676 3468 758 3549 apud
792 3468 941 3529 Plautum
982 3466 1098 3549 legitur
1133 3464 1187 3546 (cf.
1221 3465 1328 3529 Roth·

189 3569 309 3631 heimer
342 3568 362 3630 l.
394 3589 421 3632 o.
453 3590 481 3651 p.
505 3573 544 3631 39
569 3573 649 3653 sq),
682 3572 706 3631 si
744 3593 762 3632 a
795 3590 887 3632 versu
916 3568 1008 3631 Truc.
1045 3570 1106 3631 363
1140 3571 1326 3651 recesseris,

190 3672 355 3753 quoniam,
390 3679 493 3734 utrum
523 3672 724 3735 Ambrosiam
758 3695 795 3735 nn
830 3673 1048 3735 palatinorum
1078 3672 1232 3734 memoria
1261 3674 1326 3737 hoc

190 3775 261 3836 loco
296 3773 459 3857 probanda
490 3776 546 3856 sit,
578 3776 683 3838 adhuc
710 3777 863 3839 incertum
900 3783 955 3837 est.
1009 3773 1060 3837 Ex
1092 3774 1152 3836 illis
1184 3775 1246 3836 tria
1281 3777 1326 3840 ita

190 3884 373 3958 comparata
402 3884 490 3956 sunt,
522 3887 556 3940 ut
586 3878 804 3942 coniunctivus
835 3880 899 3941 vim
931 3877 1092 3962 praeteriti
1124 3878 1154 3939 in
1187 3884 1327 3963 utroque

191 3979 353 4041 enuntiato
378 3999 453 4062 prae
477 4001 510 4043 se
533 3980 630 4043 ferat:

295 4187 302 4220 ¹
323 4186 352 4237 P.
371 4185 501 4248 Langen,
526 4186 654 4249 Bcitrllgc
679 4203 726 4237 zur
748 4187 839 4237 Kritilr
866 4187 919 4236 und
948 4186 1102 4250 erklarung
1127 4183 1173 4235 {les
1199 4185 1329 4242 Plautus.

191 4272 300 4339 Lipsiae
320 4270 394 4323 teat).
414 4288 439 4335 p.
459 4271 493 4321 43
511 4287 569 4338 sqq.
