2954 4808
673 289 768 376 [165]
1252 298 1294 363 63

148 483 200 546 26.
224 484 256 564 8,
280 484 300 546 3
324 482 481 548 discedere
511 485 576 549 iam
597 485 746 567 parabat,
778 507 848 549 carn
879 489 962 552 inter
990 487 1066 554 baec
1097 490 1260 555 clausi..
1286 549 1295 567 ,

144 588 247 669 portis
269 589 417 671 opressi„
442 638 449 654 .
475 638 482 653 .
503 588 720 672 properabant
743 589 892 655 ardenter
908 594 1156 658 circumventuri
1176 592 1293 660 Volen-

148 698 216 756 tem.
252 689 417 757 Habemus
439 691 501 757 hoc
518 694 590 757 loco
607 714 692 758 cnm
708 714 737 779 q.
755 693 785 758 d.
800 690 990 778 ‘inversum'‚
1005 696 1091 782 quod
1109 696 1149 762 ab
1166 697 1293 782 optimis

149 795 357 881 scriptoribus
395 818 466 862 oum
502 797 634 884 perfecti
672 797 846 864 indicativo
880 801 1094 867 consociatur.
1147 798 1295 866 Alterum

148 901 333 984 exemplum
358 901 534 987 particulae
566 922 652 967 cnm
680 924 709 988 q.
732 901 763 966 d.
778 899 913 969 ‘inversi'
936 903 1010 968 vide
1030 905 1122 970 inira.
1158 904 1294 971 Duobus

147 1003 196 1068 his
209 1004 262 1089 qui
275 1011 451 1089 sequuntur
463 1005 541 1071 locis
554 1005 777 1091 imperfectum
790 1007 983 1073 coniunctivi
1002 1008 1174 1074 indicativo
1191 1011 1294 1075 varie·

148 1108 223 1173 tatis
247 1129 344 1173 causa
367 1108 568 1194 adiungitur:
601 1112 651 1175 19.
674 1112 704 1194 6,
730 1111 769 1174 13
804 1132 875 1176 cum
896 1113 980 1177 inter
1011 1132 1173 1177 caesorum
1197 1113 1294 1178 coda·

147 1233 223 1279 vero
246 1215 408 1297 optimates
431 1216 648 1279 invmireutur
670 1221 697 1278 et
720 1221 871 1297 satrapae
900 1215 1053 1280 clamores
1072 1216 1195 1282 dissoni
1219 1217 1294 1300 sor-

149 1324 260 1382 tanam
283 1367 290 1383 .
314 1368 322 1383 .
347 1367 355 1384 .
379 1318 572 1398 indicabant,
597 1320 700 1383 luctus
722 1318 833 1404 ideque
856 1370 864 1384 .
889 1369 897 1384 .
920 1366 928 1382 .
951 1319 1157 1404 audiebatur3
1187 1323 1239 1388 25.
1264 1324 1293 1400 9,

146 1423 166 1485 5
189 1443 256 1486 una
284 1443 345 1489 vov
368 1430 554 1488 cunctorum
576 1431 645 1487 erat
676 1423 873 1507 qementium,
904 1444 975 1488 oum
1003 1425 1160 1489 laceraret
1190 1428 1294 1490 crines

147 1535 294 1591 matrona
319 1577 326 1592 .
352 1574 359 1590 .
382 1575 390 1591 .
414 1526 583 1613 orbataque
606 1534 707 1591 mater
724 1575 731 1591 .
750 1577 757 1592 .
775 1572 782 1587 .
802 1527 984 1611 pelleretur,
1016 1536 1044 1593 et
1067 1528 1160 1593 turba
1177 1529 1293 1610 flebilis

148 1629 425 1696 ...lacrimabat
470 1629 535 1694 Ubi
559 1651 633 1695 oum
654 1630 831 1716 imperfecti
854 1629 1016 1696 indicativi
1041 1632 1153 1716 procul
1176 1655 1194 1696 a
1224 1654 1294 1698 eum

149 1735 265 1799 remoti
280 1734 354 1814 sint,
376 1732 566 1800 Ammianus
583 1734 783 1816 coniunctiori,
806 1756 902 1820 quem
918 1755 1038 1821 ponere
1053 1735 1203 1819 debebat,
1226 1736 1293 1802 fere

147 1837 266 1903 oblitus
290 1835 416 1902 videtur
440 1858 520 1903 esse.

249 1943 281 2006 3.
319 1940 569 2006 Perfectum
600 1939 826 2005 indicativi
855 1940 957 2006 tribus
980 1941 1059 2007 locis
1081 1942 1214 2028 legitur:
1242 1946 1292 2011 16.

149 2047 199 2126 12,
219 2047 261 2110 20
283 2065 360 2132 quos
384 2065 478 2110 cum.
503 2094 511 2111 .
537 2095 544 2111 .
569 2065 756 2129 cormponere
779 2045 935 2127 ductores,
957 2053 1126 2124 steterant3
1152 2048 1202 2111 19.
1226 2049 1292 2128 7,4

145 2169 273 2236 cumque
291 2151 543 2236 propinquantes
572 2149 617 2214 ad
647 2152 819 2215 conmotam
847 2168 956 2215 venem
984 2151 1116 2215 trimum
1148 2171 1293 2234 ...pe-

146 2254 225 2319 dites
247 2299 255 2314 .
280 2304 287 2320 .
311 2305 318 2319 .
341 2254 497 2318 lavarunt
520 2254 632 2333 aciem3
656 2256 708 2318 23.
735 2255 764 2331 6,
789 2257 817 2334 l,
847 2254 867 2317 8
891 2252 1036 2340 Satisque
1059 2261 1181 2318 coristot
1209 2253 1292 2318 bone
1393 2318 1395 2321 .

145 2366 265 2444 pentem
288 2406 296 2421 .
321 2407 329 2423 .
353 2405 360 2420 .
384 2359 546 2422 aerumnis
568 2359 715 2422 menimis
739 2359 929 2422 inminutam
955 2359 1064 2440 primo
1093 2377 1153 2440 per
1174 2354 1292 2440 Cyrum

147 2512 154 2527 .
181 2511 189 2526 .
213 2509 220 2525 .
244 2460 292 2543 (8)
316 2460 427 2526 deinde
450 2482 521 2526 cum
543 2460 672 2526 Dareus
692 2469 860 2547 posteaque
881 2460 1005 2525 Xerses
1027 2459 1227 2526 Graeciam.
1251 2509 1259 2526 .
1283 2510 1291 2526 .

146 2565 292 2649 adpressi
314 2567 434 2630 cunctis
456 2586 555 2649 paene
578 2568 675 2649 copiis
698 2611 705 2627 .
729 2614 737 2630 .
760 2614 768 2630 .
793 2567 986 2649 consumptis
1010 2565 1064 2629 viv
1094 2565 1157 2649 ipsi
1190 2571 1292 2630 tutum

146 2671 289 2734 invenere
321 2668 502 2733 discessum.
557 2666 766 2733 scribendum
798 2673 868 2731 erat
896 2668 1086 2732 invenissent
1116 2672 1228 2750 utpote
1257 2667 1290 2731 in

147 2772 292 2838 oratione
317 2771 462 2859 obliqua;
497 2770 554 2836 sed
582 2773 615 2836 in
637 2779 727 2837 tanto
751 2771 924 2837 verborum
953 2771 1075 2835 ambitu
1105 2768 1166 2835 hoo
1197 2770 1290 2836 facile

146 2876 326 2942 excusabis.
1285 2890 1287 2893 ’

250 2982 279 3044 4.
313 2979 498 3045 Perfecti
526 2979 832 3044 coniunctivae
863 2979 941 3044 item
972 2984 1021 3043 ter
1051 2979 1120 3044 vice
1149 2977 1294 3064 fungitur

144 3083 467 3171 plusquamperfecti:
492 3087 540 3149 14.
566 3087 596 3167 l,
619 3086 639 3147 9
672 3083 907 3148 mandabat...
929 3090 965 3147 ut
997 3103 1067 3147 cum
1098 3084 1132 3146 in
1162 3080 1294 3162 Syriam

148 3191 283 3270 venerit,
317 3187 447 3255 Gadium
471 3239 478 3254 .
504 3237 543 3254 ..
580 3187 816 3266 dehortaretur3
852 3188 905 3252 23.
939 3187 976 3268 2,
1009 3187 1029 3250 6
1060 3185 1112 3250 ubi
1142 3206 1213 3250 oum
1243 3186 1293 3248 ia·

145 3295 299 3359 troierit.
324 3344 332 3359 .
357 3342 364 3358 .
385 3300 509 3377 portas,
535 3339 543 3356 .
568 3343 575 3357 .
599 3340 606 3356 .
630 3293 764 3357 sinistra
788 3292 935 3375 porticus
964 3288 1065 3355 sumto
1096 3291 1227 3373 lapsa.
1252 3338 1292 3356 ..
1396 3362 1398 3365 .

145 3399 377 3483 quinquaqinta
407 3398 555 3462 milites.
588 3445 596 3461 .
625 3446 633 3463 .
665 3396 805 3475 conlisit3
839 3396 891 3459 24.
925 3395 963 3477 2,
997 3397 1011 3458 l
1048 3393 1112 3458 Sed
1143 3393 1293 3458 bonanus

148 3501 388 3585 responderunt,
417 3501 501 3588 qaod
523 3522 592 3565 cnm
614 3502 768 3566 interiora
799 3500 1053 3583 occupaverint.
1079 3549 1087 3563 .
1112 3547 1120 3563 .
1142 3496 1292 3579 Romani,

146 3626 178 3669 se
200 3624 318 3692 quoqne
342 3655 350 3671 .
374 3655 382 3670 .
408 3654 416 3670 .
440 3603 610 3670 victoribus
632 3624 816 3670 accessuros
840 3599 896 3686 (cf.
920 3621 995 3687 pag.
1019 3600 1085 3682 22).

251 3711 282 3775 5.
316 3708 738 3796 Plusquamperleoti
769 3706 1032 3772 indicativus
1064 3706 1163 3771 semel
1185 3706 1291 3770 locum

146 3811 283 3899 perfecti
305 3811 469 3879 indicativi
490 3818 565 3898 post
587 3834 657 3878 cum
689 3806 864 3877 ‘inversum'
894 3810 1037 3875 obtinet:
1068 3811 1120 3875 27.
1144 3810 1174 3889 l,
1200 3811 1214 3872 1
1239 3810 1293 3874 vm

144 3917 211 3982 dies
232 3920 431 3983 intercessere
449 3919 559 4001 pauci,
582 3938 652 3982 cam
674 3915 901 3981 Mouurtinam
923 3962 931 3979 .
957 3964 965 3979 .
990 3964 997 3979 .
1021 3912 1194 3979 Avitianus
1217 3961 1224 3976 .
1250 3961 1258 3978 .
1283 3962 1291 3976 .

142 4022 309 4107 peculatus
332 4021 486 4087 detulerat
508 4041 598 4086 reum
620 4019 676 4102 (=
696 4020 753 4085 vix
776 4020 1029 4098 intercesserant,
1052 4037 1126 4081 cum
1149 4013 1290 4099 detulit).

250 4123 355 4193 VIII..
393 4123 655 4190 Sententiae
683 4122 935 4188 iterativae.

250 4228 437 4295 Sententiae
459 4228 626 4293 iterativae
650 4232 725 4293 sunt
746 4226 798 4292 vel
814 4223 1048 4292 condicionales
1064 4221 1126 4308 (si)
1144 4221 1196 4287 vel
1212 4228 1290 4287 tem·

145 4318 271 4418 porales
294 4331 390 4418 (oum,
407 4335 444 4416 si,
461 4331 523 4414 ubi,
540 4333 668 4419 quoties,
689 4329 740 4416 nt)
758 4331 812 4396 vel·
823 4330 974 4396 relativae
992 4327 1069 4416 (qui,
1089 4324 1288 4414 quicunque).
