2956 4822
648 294 737 380 [255]
1222 304 1261 366 rr

123 486 268 572 pluribus
303 486 484 571 explicare,
527 488 597 571 quis
631 487 711 553 deus
745 508 799 551 eos
834 486 888 549 ἀπ’
922 487 1059 566 Οἰνώνας
1092 492 1261 575 pepulerit.

123 592 292 656 Oenouam
327 591 410 654 enim
448 597 541 654 vetus
577 592 723 676 Aeginae
761 605 880 657 nomen
921 594 1036 672 luisse,
1076 596 1261 681 priusquam

123 695 269 779 Iuppiter
292 695 323 758 in
347 693 406 758 bac
429 695 534 759 insula
552 695 707 779 Aeginam
731 697 917 781 nympham,
942 719 961 761 a
983 718 1047 783 qua
1068 699 1123 762 illa
1143 720 1261 765 novum

124 801 266 863 traheret
289 819 422 879 nomen,
446 799 504 862 sibi
529 801 753 883 coniungeret,
777 821 818 863 ex
842 800 1009 864 Herodoto
1032 801 1114 866 VIII
1139 806 1197 885 46,
1220 828 1262 870 ex

123 902 279 968 Strabone
303 902 389 966 VIII
413 924 444 987 p.
462 907 533 981 375,
557 924 599 967 ex
622 905 783 969 Pausania
806 905 839 969 ΙΙ
865 908 917 987 29,
940 908 960 969 2
984 914 1044 971 etc.
1068 916 1262 992 compertum

121 1006 288 1072 habemus.
333 1007 449 1092 ltaque
471 1009 503 1071 iu
533 1009 635 1092 primo
666 1008 760 1073 huius
790 1009 872 1077 odae
902 1016 1075 1094 systemate
1105 1011 1261 1078 Pindarus

124 1120 275 1197 quattuor
305 1133 435 1196 prorsus
464 1114 548 1177 inter
579 1134 613 1176 ae
649 1112 783 1177 diversis
817 1113 1085 1197 appellationibus
1118 1114 1262 1199 Aeginae

122 1237 236 1280 nomen
260 1217 427 1299 expressit.
470 1216 623 1280 Proxima
646 1215 773 1301 quidem
797 1217 942 1282 carminis
958 1239 1032 1303 pars
1049 1228 1137 1284 caret
1154 1221 1261 1284 simili·

123 1321 183 1383 bus
207 1318 557 1400 circumlocutionibus,
590 1341 662 1384 cum
686 1320 823 1385 hicnon
848 1343 940 1386 secus
970 1329 1066 1406 atque
1093 1324 1124 1386 iu
1148 1325 1260 1389 ceteris

122 1422 314 1488 carminibus
338 1423 450 1487 mediis
474 1424 539 1487 lere
564 1423 708 1487 omnibus
733 1431 828 1508 poeta
852 1445 914 1488 non
939 1424 978 1487 de
1002 1425 1131 1492 victoria
1154 1428 1260 1510 rebus,

121 1527 176 1592 aed
203 1526 244 1590 de
269 1528 379 1590 fabula
402 1527 508 1611 aliqua
532 1527 663 1610 antiqua
687 1525 834 1605 disserat,
859 1528 985 1611 quade
1009 1550 1042 1592 re
1064 1530 1146 1594 infra
1170 1552 1261 1596 aecu-

120 1633 220 1696 ratius
253 1633 412 1699 dicemus;
447 1631 501 1696 sed
540 1631 570 1692 in
605 1631 699 1694 tertio
733 1639 906 1716 systemate
939 1630 979 1695 de
1011 1634 1135 1717 integro
1169 1637 1259 1719 quasi

121 1736 245 1800 aceedit
268 1735 309 1798 ad
334 1735 461 1798 laudem
487 1736 615 1798 victoris
639 1743 671 1797 et
694 1736 818 1819 patriae
842 1736 918 1799 eius.
963 1736 1139 1821 Postquam
1164 1740 1260 1824 igitur

120 1841 151 1903 in
176 1863 206 1904 v.
230 1844 267 1903 ll
294 1841 412 1925 optimo
442 1841 509 1904 iure
539 1840 578 1902 ab
609 1839 677 1921 ipso
702 1840 846 1922 Aeginae
877 1841 1004 1903 nomine
1034 1863 1169 1906 exorsus
1200 1856 1259 1927 est,

119 1965 152 2026 iu
170 1968 198 2011 v.
217 1949 256 2007 45
276 1945 427 2008 victorem
445 1945 506 2007 iam
528 1965 658 2027 puerum
677 1945 826 2027 aequales
843 1944 882 2007 ad
899 1955 1058 2008 certamen
1075 1967 1259 2031 progressos

121 2050 194 2114 οἴκοι
218 2069 385 2132 superasse
409 2046 573 2132 praedicat
598 2049 715 2111 reiecta
733 2048 879 2110 vocabuli
899 2050 1041 2130 Aeginae
1059 2052 1258 2134 repetitione.

122 2153 190 2216 Iam
213 2154 243 2216 in
269 2174 297 2217 v.
323 2156 360 2214 li
387 2158 469 2214 πᾶσα
493 2151 577 2227 πόλις
601 2153 725 2234 Aegina
748 2153 963 2235 intellegenda
988 2159 1047 2233 est,
1072 2175 1142 2217 cum
1163 2164 1259 2239 poeta

121 2257 243 2322 insulae
268 2264 300 2319 et
324 2256 409 2318 urbis
433 2255 463 2317 iu
487 2256 627 2318 essitas
651 2255 797 2318 notiones
821 2256 860 2318 de
891 2256 1046 2320 industria
1072 2258 1256 2324 confundat.

122 2361 230 2435 Quid?
262 2362 293 2423 iu
317 2382 347 2422 r.
372 2362 429 2429 53,
454 2359 507 2421 ubi
532 2361 651 2438 victor,
682 2360 755 2443 quia
778 2358 978 2440 προθύροισιν
1003 2362 1123 2424 Αἰακοῦ
1144 2363 1256 2426 florum

121 2467 260 2530 virentes
285 2464 392 2527 tulerit
415 2483 546 2526 coronas
570 2485 639 2527 oum
665 2464 753 2526 flavis
778 2464 907 2542 Grattis,
931 2465 1125 2542 celebratur,
1149 2488 1255 2531 nonne

122 2591 205 2634 novo
241 2567 380 2652 quodam
412 2567 545 2630 artificio
578 2567 736 2630 Pindarus
768 2568 912 2651 Aeginae
947 2590 1062 2633 nomen
1097 2570 1256 2634 reddidit?

121 2672 202 2736 Nam
223 2673 367 2756 quamvis
383 2668 491 2734 ‘Aeaci
509 2670 708 2734 vestibulum'
725 2672 877 2754 templum
894 2672 976 2734 illius
995 2672 1098 2735 herois
1114 2673 1255 2757 intellegi

119 2778 238 2863 possit,
269 2777 301 2838 in
333 2796 395 2858 quo
419 2774 613 2838 Tlremistius
646 2775 772 2839 victoris
802 2796 879 2837 avus
904 2797 1035 2840 coronas
1058 2775 1257 2862 Epidauricis

120 2882 151 2945 iu
190 2880 413 2944 certaminibus
452 2886 598 2964 acceptas
642 2880 869 2963 suspenderat,
915 2887 1019 2942 tamen
1063 2883 1256 2962 generaliter

120 2985 279 3066 Aeginam
295 2985 429 3046 insulam
454 2993 550 3068 poeta
566 2983 733 3066 significat,
758 3003 840 3067 quae
856 2983 932 3045 milri
948 2982 1074 3067 quidem
1092 2985 1254 3068 aptissime

118 3089 220 3152 Aeaei
236 3087 426 3152 vestibulum
452 3088 605 3152 nominari
629 3108 724 3171 posse
742 3087 877 3167 videtur,
902 3108 972 3151 cum
997 3087 1080 3151 hune
1096 3111 1253 3155 summum

118 3196 200 3257 inter
234 3193 431 3275 Aegiueuses
469 3192 581 3256 heroas
618 3198 706 3255 certe
745 3198 845 3254 totam
884 3213 940 3277 per
977 3193 1109 3256 insulam
1146 3201 1256 3259 sancte

118 3298 262 3362 venerati
286 3298 356 3360 sint.
403 3295 517 3380 Itaque
547 3306 580 3359 et
610 3296 640 3358 in
675 3296 765 3359 initio
798 3303 829 3358 et
852 3296 883 3358 in
906 3296 969 3359 fine
993 3296 1087 3359 huius
1110 3298 1255 3361 carminis

117 3401 243 3485 Aegina
266 3401 370 3464 insula
393 3400 553 3484 quaternis
577 3412 673 3483 atque
688 3401 771 3463 inter
786 3420 820 3462 se
837 3399 968 3462 diversis
986 3399 1254 3482 appellationibus

116 3507 264 3589 insignita
289 3513 346 3582 est,
369 3504 412 3567 ita
436 3513 471 3567 ut
487 3505 621 3589 primum
639 3498 769 3588 quidem
786 3505 915 3568 nomine
931 3504 1060 3588 proprio
1078 3513 1253 3587 notaretur,

117 3610 231 3675 deinde
255 3609 553 3673 circumlocutiones
576 3628 634 3692 pro
658 3609 802 3686 nomine,
834 3606 919 3692 quod
944 3615 1091 3691 repetere
1113 3608 1252 3691 nolebat,

117 3724 215 3801 poeta
238 3713 486 3776 substitueret..

219 3816 343 3882 Eadem
372 3816 476 3880 insula
507 3816 538 3878 in
570 3816 710 3880 carmine
743 3814 905 3880 Nemeaeo
936 3815 1070 3901 septimo
1100 3816 1191 3879 novis
1220 3823 1253 3880 et

116 3924 210 3987 variis
233 3920 499 4007 appellationibus
524 3930 663 3983 ornatur.
708 3918 802 3983 Initio
825 3920 963 4003 quidem,
989 3918 1041 3982 ubi
1065 3920 1254 4003 generaliter

116 4029 155 4093 de
180 4047 255 4090 vera
276 4026 388 4110 gloria,
412 4045 506 4109 quam
530 4024 589 4086 nisi
613 4023 660 4087 dis
685 4024 862 4087 laventibus
880 4023 1023 4087 homines
1041 4023 1173 4106 adipisci
1189 4044 1252 4088 non

116 4133 247 4218 possint,
271 4130 408 4211 disserit,
432 4128 591 4192 Pindarus
615 4128 645 4191 in
677 4132 858 4191 transcursu
884 4127 1029 4211 Aeginae
1060 4128 1253 4193 mentionem

116 4237 191 4301 lacit
207 4235 311 4300 verbis
331 4234 389 4313 his,
414 4254 496 4318 quae
512 4253 605 4296 versu
620 4254 706 4297 nono
723 4232 939 4296 continentur:
964 4231 1050 4295 πόλιν
1065 4231 1255 4316 φιλόμολπον

116 4342 192 4405 οἰκεῖ
211 4337 565 4422 suprannominatas
589 4335 714 4420 (urbem
739 4336 918 4400 cantionum
940 4336 1112 4401 studiosam
1130 4335 1253 4401 habitat
