2954 4822
536 312 578 322 -
625 272 712 362 [105]
761 313 800 322 -
1199 279 1239 341 sc

3 480 5 487 “
100 464 302 530 choriambo.
350 463 488 530 Praeter
515 465 602 530 hunc
631 465 739 531 locum
766 466 854 530 nullo
877 467 942 530 alio
965 466 1030 531 nisi
1054 468 1152 553 equit.
1178 471 1241 532 552

99 571 220 656 legitur
245 611 511 650 ..........
534 568 591 635 ubi
612 577 724 635 tamen
744 590 858 635 versus
879 571 1101 657 antistrophae
1118 631 1135 640 -
1147 615 1168 638 o
1180 614 1201 639 o
1213 622 1239 652 .‚

98 715 213 743 m.
236 673 382 738 exhibet.
434 673 508 739 Hoc
539 681 647 739 autem
676 675 748 739 loco
776 693 883 759 neque
910 674 943 738 in
972 675 1106 761 stropha
1133 697 1240 762 neque

99 778 133 841 in
163 776 369 863 antistropha
397 777 510 862 quinta
539 777 670 843 dimetri
693 777 821 862 syllaba
851 778 968 863 corripi
992 784 1111 864 potest.
1155 779 1240 844 Nam

99 876 285 969 πρεσβύτης
313 906 331 946 υ
362 882 492 966 longam
529 888 639 946 servat
673 902 732 968 per
764 881 873 945 omnia
904 882 1037 946 saecula
1066 904 1168 968 usque
1199 882 1240 948 ad

99 986 329 1052 alexandrinos
352 986 407 1071 qui
427 994 584 1052 vocantur
605 994 730 1073 poetas,
754 986 787 1050 in
809 981 973 1065 παντοίας
989 994 1099 1053 autern
1116 987 1240 1073 syllaba

100 1115 130 1156 οι
156 1098 232 1156 ante
256 1091 401 1155 vocalem
421 1112 486 1155 non
503 1092 674 1177 corripitur
695 1097 732 1155 ut
751 1091 788 1155 lit
806 1092 840 1156 in
861 1091 992 1176 morast)
1031 1090 1148 1177 Itaque
1172 1099 1239 1156 sta·

98 1193 257 1260 tuendum
281 1200 331 1259 est
355 1192 612 1280 Aristophanem
641 1195 674 1258 in
699 1194 749 1258 his
771 1195 920 1259 versibus
951 1195 1116 1259 licentiam
1141 1202 1240 1259 antea

98 1323 165 1366 non
189 1320 379 1367 concessam
401 1299 435 1364 in
458 1300 636 1365 formandis
660 1298 812 1365 diiambis
836 1321 1027 1385 usurpasse.

187 1473 257 1538 Nec
279 1471 395 1536 minori
418 1472 551 1537 licentia
574 1471 710 1558 insignis
734 1479 785 1537 est
809 1472 943 1558 stropha

330 1613 421 1680 vesp.
447 1595 656 1658 troo-1461
683 1625 723 1647 =
751 1593 1018 1679 1462-1473:²)

403 1703 489 1792 ζηλῶ
511 1727 546 1790 γε
567 1705 627 1793 τῆς
649 1698 800 1786 εὐτυχίας

401 1805 457 1875 τὸν
480 1807 634 1894 πρέσβυν,
659 1799 693 1874 οἳ
713 1807 850 1896 μετέστη

403 1913 507 2000 ξηρῶν
529 1908 662 1998 τρόπων
683 1911 739 1980 καὶ
762 1915 891 2002 βιοτῆς·

402 2014 495 2104 ἕτερα
519 2016 555 2082 δὲ
577 2018 631 2082 νῦν
654 2010 849 2101 ἀντιμαθὼν

400 2111 422 2210 ἦ
444 2119 528 2207 μέγα
551 2116 705 2187 πείσεταί
726 2146 759 2187 τι

403 2223 462 2289 ἐπὶ
485 2219 523 2291 τὸ
547 2225 677 2312 τρυφῶν
698 2223 754 2290 καὶ
777 2221 935 2309 μαλακόν.

399 2325 483 2411 τάχα
506 2321 538 2394 δ’
565 2323 604 2393 liv
626 2323 707 2407 ἴσως
729 2322 788 2394 οὐκ
811 2328 933 2395 ἐθέλοι.

187 2952 316 3038 Reliqui
340 2953 481 3039 quinque
504 2974 619 3017 versus
644 2961 677 3018 et
699 2954 732 3017 iu
755 2952 891 3038 stropha
914 2959 947 3016 et
969 2954 1000 3017 in
1033 2953 1237 3040 antistropha

99 3062 165 3119 tam
191 3057 305 3120 incerti
329 3063 404 3120 sunt
427 3058 531 3132 metri,
556 3062 653 3142 atque
677 3056 760 3121 adeo
785 3056 847 3119 sibi
871 3077 934 3119 non
960 3056 1170 3141 respondent,
1201 3063 1237 3121 ut

98 3159 177 3223 nihil
207 3160 377 3225 effecerint
406 3161 466 3223 viri
501 3159 603 3241 docti,
639 3161 694 3245 qui
724 3159 867 3223 curando
896 3159 972 3224 huic
1001 3160 1072 3224 loco
1104 3182 1235 3247 operam

98 3260 268 3326 dederunt.
310 3263 348 3326 In
372 3264 475 3349 primo
501 3285 597 3327 versu
621 3320 672 3326 „-
758 3271 834 3327 ante
858 3263 1081 3328 choriambum
1099 3265 1235 3349 legitur:

98 3366 175 3430 item
200 3367 232 3430 in
256 3367 392 3452 stropha
415 3369 446 3431 in
471 3368 619 3432 versibus
637 3370 656 3430 2
673 3375 706 3432 et
722 3370 751 3447 3,
776 3368 806 3431 in
831 3366 1035 3451 antistropha
1054 3368 1085 3430 in
1103 3389 1200 3431 versu
1217 3371 1236 3430 2

98 3471 179 3536 solo.
226 3470 309 3534 Cum
340 3471 434 3557 primi
468 3470 531 3534 duo
561 3493 692 3549 versus,
724 3472 750 3535 si
782 3472 976 3556 coniungas,
1009 3477 1235 3535 tetrametrum

98 3575 326 3639 catalecticum
350 3575 493 3638 eiliciant

233 3694 320 3782 ζηλῶ
342 3718 377 3781 με
399 3696 459 3784 τῆς
480 3689 629 3778 εὐτυχίας
642 3690 708 3760 τὸν
730 3693 883 3780 πρέσβυν,
908 3685 942 3759 οἷ
962 3691 1100 3781 μετέστη

97 3903 195 3988 paulo
229 3903 335 3966 minua
371 3903 693 3967 offensionishabet
726 3902 858 3966 schema
1033 3923 1091 3986 pro

169 4077 190 4142 ¹)
210 4073 337 4137 Kbbnsr,
363 4073 551 4128 auslilhrlicbe
576 4073 751 4126 Grannnatilr
775 4073 824 4125 der
845 4070 1037 4141 griechischen
1061 4072 1182 4141 Sprache
1201 4073 1235 4126 1¹

96 4179 122 4230 p.
141 4161 202 4214 241.
240 4160 355 4229 Krtlger,
374 4160 546 4229 griechisoho
564 4160 748 4230 Spraohlebre
766 4160 809 4212 liu
827 4159 947 4212 Schulen
967 4158 992 4212 Il
1012 4177 1037 4227 p.
1057 4160 1080 4212 t.

167 4251 190 4314 ²)
211 4247 366 4317 Westphal.
385 4247 433 4300 Il²
452 4266 477 4316 p.
496 4248 555 4300 84¹.
