2954 4808
644 294 736 380 [155]
1214 293 1254 355 13

231 517 256 573 7.
301 489 597 553 coniunctivus
633 486 815 571 potentialis
848 507 878 570 q.
909 485 938 549 d.
970 484 1192 569 praeteriti
1231 482 1261 545 iu

126 595 291 659 sententiis
314 593 469 678 prinmriis
493 592 597 654 lecum
621 611 684 653 non
707 589 813 652 habet.
862 591 910 652 15.
943 591 972 668 2,
1003 590 1021 652 9
1051 609 1106 651 1166
1136 587 1263 668 defuere

126 699 270 783 deinceps
291 719 329 762 es
350 697 400 760 bis
422 697 630 779 ermerpeutic
654 693 789 775 casibus,
818 712 897 777 quae
920 692 1087 775 dispiceres
1119 691 1263 756 seurudis

125 802 233 866 cuibus
258 804 440 885 coutipisse3
467 804 515 866 16.
541 804 591 873 10,
615 800 634 861 8
658 805 686 863 et
708 796 866 860 incedebat
888 795 961 859 biuc
983 796 1055 860 iude
1086 796 1165 860 ordo
1190 846 1197 860 .
1222 845 1229 859 .
1255 845 1263 861 .

125 914 323 971 armatorum
353 952 392 971 ..
418 956 425 970 .
459 906 622 989 sparsique
654 953 661 967 .
687 950 725 966 ..
758 903 873 986 equites
1009 899 1111 965 limbis
1138 897 1263 983 ferreis

126 1013 232 1093 cincti,
254 1018 288 1074 ut
304 1010 478 1074 Praxitelis
493 1029 589 1072 mauu
601 1008 701 1092 potita
720 1006 861 1070 crederes
876 1004 1063 1083 simulacre,
1085 1024 1148 1067 uon
1163 1004 1262 1076 circa

6 1102 9 1109 ’
127 1117 177 1179 11.
210 1119 241 1196 4,
277 1115 315 1177 15
349 1113 537 1197 dipestisque
570 1111 614 1175 ud
646 1110 905 1194 perpendiculum
935 1109 1009 1173 attis
1040 1105 1195 1187 trabibus,
1227 1113 1262 1170 ut

125 1218 346 1283 machinarum
369 1237 509 1281 cerneres
531 1235 648 1292 ucmccs,
671 1216 874 1278 innectuntur
898 1213 980 1276 costi
994 1211 1105 1295 furi-es.

228 1326 258 1387 2.
293 1321 467 1407 Optativi
491 1320 552 1381 vim
571 1319 792 1383 coniunctivae
815 1337 910 1401 saepe
928 1315 1034 1381 habet.
1072 1314 1260 1379 Ammianus

125 1427 336 1513 antiquiorum
367 1426 556 1510 scriptorum
586 1424 665 1486 meri
696 1442 876 1505 congruens
905 1419 1146 1499 *coniunctione
1178 1439 1261 1504 quae

126 1540 174 1595 ost
196 1533 329 1613 utinum,
351 1537 462 1592 votum
484 1527 643 1611 loquentis
670 1536 725 1588 aut
756 1544 918 1609 nunquam
947 1529 1004 1588 aut
1032 1521 1173 1587 nondum
1205 1543 1261 1586 ex·

124 1636 203 1720 pleri
226 1654 319 1719 posse
342 1630 474 1696 indicat:
497 1632 549 1695 28.
574 1633 601 1706 1,
627 1632 641 1693 1
668 1649 746 1714 quus
764 1627 902 1703 solades)
927 1626 1118 1691 obliterasset
1137 1627 1260 1690 utiuaru

124 1743 195 1824 iupa
218 1740 392 1818 sitentiuru3
415 1740 467 1799 21.
493 1737 542 1815 13,
569 1735 606 1797 12
630 1735 750 1797 uticem
773 1781 780 1795 .
805 1783 812 1798 .
837 1779 844 1792 .
863 1731 999 1814 suisset3
1023 1734 1071 1795 23.
1091 1732 1120 1806 2,
1140 1733 1177 1793 13
1198 1731 1260 1793 1111-

125 1864 200 1908 uuus
223 1894 230 1909 .
257 1894 264 1908 .
289 1893 296 1908 .
321 1843 507 1927 laqueetur.

228 1947 348 2012 Contra
370 1952 539 2029 praesente
555 1943 605 2006 vel
621 1940 764 2026 perfeeto
782 1939 972 2005 coniunctivi
989 1939 1177 2023 exprimitur
1193 1935 1260 2003 fieri

125 2072 229 2136 posse,
254 2059 288 2114 ut
310 2050 345 2132 is,
369 2051 422 2134 qui
450 2050 600 2135 loquitur,
630 2069 696 2113 rem
721 2056 862 2132 optatum
888 2056 1092 2130 assequatur:
1124 2047 1175 2108 17.
1210 2044 1259 2124 13,

125 2157 165 2219 32
187 2156 312 2238 irrteprcr
336 2155 474 2218 omnium
493 2153 688 2238 patrimonia
712 2153 814 2216 uestri
836 2150 957 2216 iabores
972 2156 999 2215 et
1019 2148 1179 2232 fortitude
1194 2167 1258 2211 ser·

126 2259 240 2322 corirct.

227 2368 256 2428 3.
303 2361 577 2428 Coniunctivi
622 2361 886 2426 adhortativi
931 2367 962 2423 et
1008 2356 1259 2424 eoncessivi

126 2468 272 2550 exempla
294 2468 386 2553 plura
408 2465 551 2552 proferre
574 2463 780 2549 supersedeo.
811 2486 882 2529 eum
906 2465 957 2529 hic
979 2485 1055 2528 usus
1085 2464 1162 2528 satis
1192 2463 1258 2528 late

126 2569 210 2655 apud
236 2571 436 2636 Ammianum
460 2577 586 2655 pateat:
613 2576 662 2637 15.
689 2575 737 2646 11,
764 2571 818 2651 18,
845 2571 892 2634 16.
921 2572 968 2648 12,
990 2570 1045 2647 121
1073 2569 1121 2633 16.
1139 2570 1189 2648 12,
1206 2570 1257 2648 31,

126 2677 176 2752 32,
199 2677 256 2756 33;
280 2683 341 2738 616.

171 2896 194 2932 6.
229 2881 276 2932 DE
305 2879 510 2933 lunlcsmvl
538 2881 583 2933 ΕΤ
611 2880 854 2934 couruuemvl
881 2878 1139 2934 assumemus
1170 2880 1214 2932 ET

541 2965 844 3019 consummeris.

227 3088 271 3152 Ut
303 3095 483 3172 temporum
513 3089 558 3153 ita
591 3086 756 3153 modorum
791 3088 1040 3153 commutatione
1072 3089 1259 3154 Ammianus

124 3212 279 3276 persaepe
304 3192 413 3256 utitur.
459 3192 521 3266 Qui
541 3213 732 3279 quamquam
747 3193 934 3278 plerumque
953 3194 1145 3276 optimorum
1162 3195 1259 3277 scrip-

124 3303 226 3358 torum
251 3295 515 3361 consuetudinem
539 3300 694 3382 sequitur,
718 3307 821 3362 tamen
847 3297 942 3362 modo
969 3297 1091 3363 Graeco
1115 3299 1186 3362 usui
1210 3297 1260 3361 vel

124 3399 246 3481 vulgari
268 3398 422 3484 indulget,
447 3401 541 3466 modo
566 3403 743 3486 singulares
767 3411 800 3467 et
825 3403 978 3467 absurdas
1004 3403 1071 3488 ipse
1104 3402 1162 3467 sibi
1186 3422 1260 3465 oon·

122 3503 261 3567 stituisse
286 3504 411 3568 videtur
434 3506 532 3587 leges,
555 3528 633 3591 quas
658 3508 738 3570 mira
754 3508 934 3571 constantia
950 3507 1108 3572 observat.
1155 3507 1259 3582 Quam

123 3629 188 3672 rem
211 3610 430 3691 gravissimam
447 3609 590 3675 homines
614 3610 711 3692 docti,
735 3611 789 3696 qui
806 3633 906 3698 usque
923 3610 1028 3676 adhue
1043 3611 1083 3675 ad
1100 3612 1258 3696 syntaxim

123 3711 212 3776 verbi
235 3711 432 3776 tractandam
463 3724 677 3797 accesserunt,
710 3737 772 3780 non
805 3717 881 3779 satis
912 3716 1150 3781 intellexerunt.
1196 3714 1259 3780 Sed

121 3817 303 3901 priusquam
342 3815 508 3881 modorum
550 3840 640 3882 usum
677 3824 710 3882 et
744 3820 1022 3884 commutationem
1056 3819 1087 3883 in
1126 3819 1259 3902 singulis

121 3921 278 3984 minorum
309 3922 536 3986 sententiarum
567 3923 739 4006 generibus
768 3931 976 4008 pertractem,
1009 3922 1156 4007 exempla
1187 3942 1259 4006 pro·

121 4021 221 4088 feram
256 4024 425 4107 nonnulla,
458 4026 573 4110 quibus
607 4028 640 4090 in
674 4047 737 4092 uno
773 4027 950 4112 eodemque
986 4027 1158 4093 verborum
1194 4047 1259 4089 am·

121 4125 189 4190 bitu
212 4134 244 4192 et
266 4129 486 4193 coniunctivae
509 4136 541 4193 et
563 4128 753 4194 indicativus
778 4131 860 4196 modi
890 4131 1130 4198 coordinatione
1160 4130 1256 4194 iuncti

121 4236 257 4309 exstant,
287 4253 359 4297 cum
383 4232 552 4318 utrobique
574 4242 630 4298 aut
653 4234 845 4300 indicativus
868 4243 925 4301 6111
952 4235 1174 4300 coniunctivae
1203 4254 1257 4298 ex-

120 4343 292 4417 spectetur.
338 4335 544 4403 Manifestum
570 4345 618 4404 est
644 4339 846 4405 ammianum
870 4341 901 4404 in
926 4340 987 4405 hoo
1011 4362 1069 4406 usu
1094 4338 1259 4425 cupiditati
