<?xml version="1.0" encoding="UTF-8"?>
<!DOCTYPE html PUBLIC "-//W3C//DTD XHTML 1.0 Transitional//EN"
    "http://www.w3.org/TR/xhtml1/DTD/xhtml1-transitional.dtd">
<html xmlns="http://www.w3.org/1999/xhtml" xml:lang="en" lang="en">
 <head>
  <title>
</title>
<meta http-equiv="Content-Type" content="text/html;charset=utf-8" />
  <meta name='ocr-system' content='tesseract 3.04.00' />
  <meta name='ocr-capabilities' content='ocr_page ocr_carea ocr_par ocr_line ocrx_word'/>
</head>
<body>
  <div class='ocr_page' id='page_1' title='image "./dissertationesp00stragoog/dissertationesp00stragoog_0162.png"; bbox 0 0 2954 4822; ppageno 0'>
   <div class='ocr_carea' id='block_1_1' title="bbox 527 254 1227 344">
    <p class='ocr_par' dir='ltr' id='par_1_1' title="bbox 527 254 1227 344">
     <span class='ocr_line' id='line_1_1' title="bbox 527 254 1227 344; baseline 0 -23"><span class='ocrx_word' id='word_1_1' title='bbox 527 254 788 344; x_wconf 61' lang='lat' dir='ltr'>-pm-</span> <span class='ocrx_word' id='word_1_2' title='bbox 1188 259 1227 321; x_wconf 81' lang='lat' dir='ltr'>n</span> 
     </span>
    </p>
   </div>
   <div class='ocr_carea' id='block_1_2' title="bbox 87 436 1229 933">
    <p class='ocr_par' dir='ltr' id='par_1_2' title="bbox 87 436 1229 933">
     <span class='ocr_line' id='line_1_2' title="bbox 89 436 1227 527; baseline 0.003 -16"><span class='ocrx_word' id='word_1_3' title='bbox 89 446 241 514; x_wconf 88' lang='lat' dir='ltr'>diiambis</span> <span class='ocrx_word' id='word_1_4' title='bbox 262 436 356 512; x_wconf 73' lang='lat' dir='ltr'>mixti</span> <span class='ocrx_word' id='word_1_5' title='bbox 373 448 595 527; x_wconf 79' lang='lat' dir='ltr'>inveniuntur,</span> <span class='ocrx_word' id='word_1_6' title='bbox 615 449 706 513; x_wconf 89' lang='lat' dir='ltr'>solae</span> <span class='ocrx_word' id='word_1_7' title='bbox 726 449 850 515; x_wconf 86' lang='lat' dir='ltr'>formae</span> <span class='ocrx_word' id='word_1_8' title='bbox 866 491 887 516; x_wconf 67' lang='lat' dir='ltr'>o</span> <span class='ocrx_word' id='word_1_9' title='bbox 899 507 915 516; x_wconf 95' lang='lat'>.</span> <span class='ocrx_word' id='word_1_10' title='bbox 929 491 950 516; x_wconf 69' lang='lat' dir='ltr'>o</span> <span class='ocrx_word' id='word_1_11' title='bbox 962 508 978 517; x_wconf 91' lang='lat'>.</span> <span class='ocrx_word' id='word_1_12' title='bbox 995 455 1029 513; x_wconf 88' lang='lat' dir='ltr'>et</span> <span class='ocrx_word' id='word_1_13' title='bbox 1044 508 1060 517; x_wconf 90' lang='lat'>.</span> <span class='ocrx_word' id='word_1_14' title='bbox 1073 508 1089 516; x_wconf 91' lang='lat'>-</span> <span class='ocrx_word' id='word_1_15' title='bbox 1103 491 1124 516; x_wconf 66' lang='lat' dir='ltr'>o</span> <span class='ocrx_word' id='word_1_16' title='bbox 1136 509 1153 518; x_wconf 91' lang='lat'>-</span> <span class='ocrx_word' id='word_1_17' title='bbox 1169 471 1227 514; x_wconf 90' lang='lat' dir='ltr'>ne·</span> 
     </span>
     <span class='ocr_line' id='line_1_3' title="bbox 89 551 1228 639; baseline 0.003 -24"><span class='ocrx_word' id='word_1_18' title='bbox 89 573 153 639; x_wconf 91' lang='lat' dir='ltr'>que</span> <span class='ocrx_word' id='word_1_19' title='bbox 169 553 237 617; x_wconf 91' lang='lat' dir='ltr'>ulla</span> <span class='ocrx_word' id='word_1_20' title='bbox 252 554 317 616; x_wconf 88' lang='lat' dir='ltr'>alia</span> <span class='ocrx_word' id='word_1_21' title='bbox 331 553 440 617; x_wconf 84' lang='lat' dir='ltr'>forma</span> <span class='ocrx_word' id='word_1_22' title='bbox 450 551 585 617; x_wconf 91' lang='lat' dir='ltr'>diiambi</span> <span class='ocrx_word' id='word_1_23' title='bbox 602 558 653 617; x_wconf 89' lang='lat' dir='ltr'>est</span> <span class='ocrx_word' id='word_1_24' title='bbox 670 552 827 629; x_wconf 88' lang='lat' dir='ltr'>admissa;</span> <span class='ocrx_word' id='word_1_25' title='bbox 851 552 884 639; x_wconf 86' lang='grc' dir='ltr'>ο)</span> <span class='ocrx_word' id='word_1_26' title='bbox 902 553 988 639; x_wconf 91' lang='lat' dir='ltr'>quod</span> <span class='ocrx_word' id='word_1_27' title='bbox 1008 553 1147 634; x_wconf 78' lang='lat' dir='ltr'>ionicus,</span> <span class='ocrx_word' id='word_1_28' title='bbox 1171 554 1228 618; x_wconf 91' lang='lat' dir='ltr'>ubi</span> 
     </span>
     <span class='ocr_line' id='line_1_4' title="bbox 89 655 1227 743; baseline 0.003 -23"><span class='ocrx_word' id='word_1_29' title='bbox 89 678 162 721; x_wconf 88' lang='lat' dir='ltr'>curn</span> <span class='ocrx_word' id='word_1_30' title='bbox 187 655 329 721; x_wconf 78' lang='lat' dir='ltr'>diiambo</span> <span class='ocrx_word' id='word_1_31' title='bbox 353 678 417 722; x_wconf 92' lang='lat' dir='ltr'>uuo</span> <span class='ocrx_word' id='word_1_32' title='bbox 441 658 621 741; x_wconf 88' lang='lat' dir='ltr'>eodemque</span> <span class='ocrx_word' id='word_1_33' title='bbox 644 658 715 722; x_wconf 93' lang='lat' dir='ltr'>colo</span> <span class='ocrx_word' id='word_1_34' title='bbox 740 658 957 743; x_wconf 74' lang='lat' dir='ltr'>coniungitur,</span> <span class='ocrx_word' id='word_1_35' title='bbox 980 658 1156 743; x_wconf 90' lang='lat' dir='ltr'>sequitur</span> <span class='ocrx_word' id='word_1_36' title='bbox 1179 658 1227 723; x_wconf 91' lang='lat' dir='ltr'>di-</span> 
     </span>
     <span class='ocr_line' id='line_1_5' title="bbox 88 761 1229 847; baseline 0.002 -22"><span class='ocrx_word' id='word_1_37' title='bbox 88 761 248 837; x_wconf 81' lang='lat' dir='ltr'>iambum,</span> <span class='ocrx_word' id='word_1_38' title='bbox 279 762 340 826; x_wconf 93' lang='lat' dir='ltr'>nisi</span> <span class='ocrx_word' id='word_1_39' title='bbox 375 761 460 847; x_wconf 90' lang='lat' dir='ltr'>quod</span> <span class='ocrx_word' id='word_1_40' title='bbox 495 762 527 824; x_wconf 90' lang='lat' dir='ltr'>in</span> <span class='ocrx_word' id='word_1_41' title='bbox 559 762 623 827; x_wconf 89' lang='lat' dir='ltr'>fine</span> <span class='ocrx_word' id='word_1_42' title='bbox 657 761 864 847; x_wconf 80' lang='lat' dir='ltr'>stropharum</span> <span class='ocrx_word' id='word_1_43' title='bbox 896 768 986 826; x_wconf 92' lang='lat' dir='ltr'>certo</span> <span class='ocrx_word' id='word_1_44' title='bbox 1020 762 1229 827; x_wconf 87' lang='lat' dir='ltr'>inveniuntur</span> 
     </span>
     <span class='ocr_line' id='line_1_6' title="bbox 87 864 747 933; baseline 0.003 -4"><span class='ocrx_word' id='word_1_45' title='bbox 87 866 213 930; x_wconf 88' lang='lat' dir='ltr'>formae</span> <span class='ocrx_word' id='word_1_46' title='bbox 237 864 300 931; x_wconf 88' lang='lat' dir='ltr'>hae</span> <span class='ocrx_word' id='word_1_47' title='bbox 323 907 478 933; x_wconf 61' lang='grc' dir='ltr'>υυυυυυ</span> <span class='ocrx_word' id='word_1_48' title='bbox 502 872 535 931; x_wconf 89' lang='lat' dir='ltr'>et</span> <span class='ocrx_word' id='word_1_49' title='bbox 556 906 747 933; x_wconf 62' lang='grc' dir='ltr'>υυυυυυυυ</span> 
     </span>
    </p>
   </div>
   <div class='ocr_carea' id='block_1_3' title="bbox 85 1029 1227 2162">
    <p class='ocr_par' dir='ltr' id='par_1_3' title="bbox 85 1029 1227 2162">
     <span class='ocr_line' id='line_1_7' title="bbox 176 1029 1227 1116; baseline 0 -21"><span class='ocrx_word' id='word_1_50' title='bbox 176 1033 205 1095; x_wconf 94' lang='grc'>3.</span> <span class='ocrx_word' id='word_1_51' title='bbox 231 1030 383 1096; x_wconf 83' lang='lat' dir='ltr'><strong>Occurrit</strong></span> <span class='ocrx_word' id='word_1_52' title='bbox 399 1031 524 1095; x_wconf 88' lang='lat' dir='ltr'>ionicus</span> <span class='ocrx_word' id='word_1_53' title='bbox 540 1029 635 1096; x_wconf 93' lang='lat' dir='ltr'>modo</span> <span class='ocrx_word' id='word_1_54' title='bbox 653 1030 781 1116; x_wconf 83' lang='lat' dir='ltr'>integer</span> <span class='ocrx_word' id='word_1_55' title='bbox 794 1074 815 1097; x_wconf 65' lang='lat' dir='ltr'>o</span> <span class='ocrx_word' id='word_1_56' title='bbox 827 1074 847 1098; x_wconf 64' lang='lat' dir='ltr'>o</span> <span class='ocrx_word' id='word_1_57' title='bbox 860 1089 876 1098; x_wconf 93' lang='lat'><em>.</em></span> <span class='ocrx_word' id='word_1_58' title='bbox 890 1081 921 1109; x_wconf 88' lang='lat'>.‚</span> <span class='ocrx_word' id='word_1_59' title='bbox 941 1031 1037 1096; x_wconf 92' lang='lat' dir='ltr'>modo</span> <span class='ocrx_word' id='word_1_60' title='bbox 1060 1032 1227 1097; x_wconf 86' lang='lat' dir='ltr'>catalecti-</span> 
     </span>
     <span class='ocr_line' id='line_1_8' title="bbox 88 1134 1227 1216; baseline 0.001 -17"><span class='ocrx_word' id='word_1_61' title='bbox 88 1157 145 1199; x_wconf 87' lang='lat' dir='ltr'>cus</span> <span class='ocrx_word' id='word_1_62' title='bbox 169 1177 288 1215; x_wconf 41' lang='lat' dir='ltr'>occu,</span> <span class='ocrx_word' id='word_1_63' title='bbox 318 1136 413 1200; x_wconf 88' lang='lat' dir='ltr'>modo</span> <span class='ocrx_word' id='word_1_64' title='bbox 441 1177 549 1202; x_wconf 68' lang='lat' dir='ltr'>-o--</span> <span class='ocrx_word' id='word_1_65' title='bbox 580 1157 598 1199; x_wconf 93' lang='lat' dir='ltr'>e</span> <span class='ocrx_word' id='word_1_66' title='bbox 629 1134 770 1199; x_wconf 80' lang='lat' dir='ltr'>diiambo</span> <span class='ocrx_word' id='word_1_67' title='bbox 799 1135 964 1200; x_wconf 88' lang='lat' dir='ltr'>retardato</span> <span class='ocrx_word' id='word_1_68' title='bbox 993 1143 1099 1216; x_wconf 85' lang='lat' dir='ltr'>ortus,</span> <span class='ocrx_word' id='word_1_69' title='bbox 1130 1137 1227 1200; x_wconf 91' lang='lat' dir='ltr'>modo</span> 
     </span>
     <span class='ocr_line' id='line_1_9' title="bbox 89 1240 1226 1332; baseline 0.004 -30"><span class='ocrx_word' id='word_1_70' title='bbox 89 1240 221 1304; x_wconf 77' lang='lat' dir='ltr'>molossi</span> <span class='ocrx_word' id='word_1_71' title='bbox 236 1241 341 1332; x_wconf 84' lang='lat' dir='ltr'>forma</span> <span class='ocrx_word' id='word_1_72' title='bbox 354 1300 370 1310; x_wconf 83' lang='grc'><strong>,</strong></span> <span class='ocrx_word' id='word_1_73' title='bbox 385 1299 401 1308; x_wconf 90' lang='grc'><strong>.</strong></span> <span class='ocrx_word' id='word_1_74' title='bbox 415 1299 431 1308; x_wconf 93' lang='grc'>.</span> <span class='ocrx_word' id='word_1_75' title='bbox 447 1242 624 1306; x_wconf 92' lang='lat' dir='ltr'>contractis</span> <span class='ocrx_word' id='word_1_76' title='bbox 643 1240 769 1307; x_wconf 89' lang='lat' dir='ltr'>duabus</span> <span class='ocrx_word' id='word_1_77' title='bbox 786 1242 939 1308; x_wconf 90' lang='lat' dir='ltr'>brevibus</span> <span class='ocrx_word' id='word_1_78' title='bbox 955 1242 1103 1328; x_wconf 85' lang='lat' dir='ltr'>insignis.</span> <span class='ocrx_word' id='word_1_79' title='bbox 1148 1241 1226 1307; x_wconf 87' lang='lat' dir='ltr'>Usi-</span> 
     </span>
     <span class='ocr_line' id='line_1_10' title="bbox 87 1346 1227 1432; baseline 0 -22"><span class='ocrx_word' id='word_1_80' title='bbox 87 1346 252 1410; x_wconf 86' lang='lat' dir='ltr'>tatissima</span> <span class='ocrx_word' id='word_1_81' title='bbox 274 1346 370 1409; x_wconf 90' lang='lat' dir='ltr'>ionici</span> <span class='ocrx_word' id='word_1_82' title='bbox 392 1346 508 1409; x_wconf 84' lang='lat' dir='ltr'>variati</span> <span class='ocrx_word' id='word_1_83' title='bbox 531 1352 581 1409; x_wconf 87' lang='lat' dir='ltr'>est</span> <span class='ocrx_word' id='word_1_84' title='bbox 602 1347 795 1411; x_wconf 80' lang='lat' dir='ltr'>catalectico</span> <span class='ocrx_word' id='word_1_85' title='bbox 813 1347 918 1410; x_wconf 91' lang='lat' dir='ltr'>forma</span> <span class='ocrx_word' id='word_1_86' title='bbox 939 1390 991 1413; x_wconf 62' lang='grc' dir='ltr'>..υ</span> <span class='ocrx_word' id='word_1_87' title='bbox 1004 1394 1053 1428; x_wconf 43' lang='grc' dir='ltr'><strong>Η,</strong></span> <span class='ocrx_word' id='word_1_88' title='bbox 1077 1368 1140 1432; x_wconf 90' lang='lat' dir='ltr'>qua</span> <span class='ocrx_word' id='word_1_89' title='bbox 1162 1348 1227 1411; x_wconf 89' lang='lat' dir='ltr'>iam</span> 
     </span>
     <span class='ocr_line' id='line_1_11' title="bbox 88 1450 1226 1538; baseline 0.003 -24"><span class='ocrx_word' id='word_1_90' title='bbox 88 1451 238 1531; x_wconf 84' lang='lat' dir='ltr'>Alcman,</span> <span class='ocrx_word' id='word_1_91' title='bbox 262 1451 416 1531; x_wconf 84' lang='lat' dir='ltr'>Alcaeus,</span> <span class='ocrx_word' id='word_1_92' title='bbox 440 1450 613 1514; x_wconf 83' lang='lat' dir='ltr'>Anacreon</span> <span class='ocrx_word' id='word_1_93' title='bbox 636 1451 687 1514; x_wconf 89' lang='lat' dir='ltr'>usi</span> <span class='ocrx_word' id='word_1_94' title='bbox 712 1458 796 1529; x_wconf 73' lang='lat' dir='ltr'>sunt,</span> <span class='ocrx_word' id='word_1_95' title='bbox 821 1458 918 1537; x_wconf 90' lang='lat' dir='ltr'>atque</span> <span class='ocrx_word' id='word_1_96' title='bbox 944 1452 1075 1538; x_wconf 87' lang='lat' dir='ltr'>saepius</span> <span class='ocrx_word' id='word_1_97' title='bbox 1096 1451 1226 1537; x_wconf 90' lang='lat' dir='ltr'>quidem</span> 
     </span>
     <span class='ocr_line' id='line_1_12' title="bbox 86 1554 1224 1643; baseline 0.003 -24"><span class='ocrx_word' id='word_1_98' title='bbox 86 1556 121 1619; x_wconf 89' lang='lat' dir='ltr'>in</span> <span class='ocrx_word' id='word_1_99' title='bbox 147 1554 212 1619; x_wconf 87' lang='lat' dir='ltr'>fine</span> <span class='ocrx_word' id='word_1_100' title='bbox 236 1555 298 1619; x_wconf 94' lang='lat' dir='ltr'>coli</span> <span class='ocrx_word' id='word_1_101' title='bbox 328 1576 424 1640; x_wconf 91' lang='lat' dir='ltr'>quam</span> <span class='ocrx_word' id='word_1_102' title='bbox 450 1556 483 1618; x_wconf 90' lang='lat' dir='ltr'>iu</span> <span class='ocrx_word' id='word_1_103' title='bbox 507 1556 610 1619; x_wconf 90' lang='lat' dir='ltr'>initio.</span> <span class='ocrx_word' id='word_1_104' title='bbox 655 1556 811 1621; x_wconf 87' lang='lat' dir='ltr'>Attamen</span> <span class='ocrx_word' id='word_1_105' title='bbox 833 1597 932 1623; x_wconf 59' lang='grc' dir='ltr'>ου...</span> <span class='ocrx_word' id='word_1_106' title='bbox 956 1555 1024 1621; x_wconf 87' lang='lat' dir='ltr'>fere</span> <span class='ocrx_word' id='word_1_107' title='bbox 1049 1577 1113 1621; x_wconf 91' lang='lat' dir='ltr'>nou</span> <span class='ocrx_word' id='word_1_108' title='bbox 1140 1559 1224 1643; x_wconf 84' lang='lat' dir='ltr'>legi-</span> 
     </span>
     <span class='ocr_line' id='line_1_13' title="bbox 87 1659 1227 1746; baseline 0.004 -24"><span class='ocrx_word' id='word_1_109' title='bbox 87 1666 154 1738; x_wconf 83' lang='lat' dir='ltr'>tur,</span> <span class='ocrx_word' id='word_1_110' title='bbox 188 1659 251 1723; x_wconf 89' lang='lat' dir='ltr'>nisi</span> <span class='ocrx_word' id='word_1_111' title='bbox 281 1659 415 1745; x_wconf 90' lang='lat' dir='ltr'>stropha</span> <span class='ocrx_word' id='word_1_112' title='bbox 449 1659 543 1722; x_wconf 90' lang='lat' dir='ltr'>simul</span> <span class='ocrx_word' id='word_1_113' title='bbox 576 1659 717 1746; x_wconf 81' lang='lat' dir='ltr'>simplex</span> <span class='ocrx_word' id='word_1_114' title='bbox 754 1661 887 1725; x_wconf 88' lang='lat' dir='ltr'>schema</span> <span class='ocrx_word' id='word_1_115' title='bbox 912 1702 1025 1728; x_wconf 61' lang='lat' dir='ltr'>ou.-</span> <span class='ocrx_word' id='word_1_116' title='bbox 1054 1663 1227 1743; x_wconf 87' lang='lat' dir='ltr'>contineat,</span> 
     </span>
     <span class='ocr_line' id='line_1_14' title="bbox 87 1765 1225 1851; baseline 0.004 -23"><span class='ocrx_word' id='word_1_117' title='bbox 87 1769 229 1850; x_wconf 86' lang='lat' dir='ltr'>excepta</span> <span class='ocrx_word' id='word_1_118' title='bbox 252 1765 399 1828; x_wconf 87' lang='lat' dir='ltr'>clausula</span> <span class='ocrx_word' id='word_1_119' title='bbox 420 1805 645 1839; x_wconf 45' lang='lat' dir='ltr'>ooooooo</span> <span class='ocrx_word' id='word_1_120' title='bbox 674 1765 836 1850; x_wconf 89' lang='lat' dir='ltr'>siquidem</span> <span class='ocrx_word' id='word_1_121' title='bbox 860 1771 947 1831; x_wconf 89' lang='lat' dir='ltr'>reete</span> <span class='ocrx_word' id='word_1_122' title='bbox 971 1766 1016 1831; x_wconf 90' lang='lat' dir='ltr'>ita</span> <span class='ocrx_word' id='word_1_123' title='bbox 1039 1766 1100 1831; x_wconf 92' lang='lat' dir='ltr'>hoc</span> <span class='ocrx_word' id='word_1_124' title='bbox 1125 1768 1225 1851; x_wconf 87' lang='lat' dir='ltr'>sylla·</span> 
     </span>
     <span class='ocr_line' id='line_1_15' title="bbox 87 1868 1225 1954; baseline 0.001 -20"><span class='ocrx_word' id='word_1_125' title='bbox 87 1869 203 1934; x_wconf 90' lang='lat' dir='ltr'>barum</span> <span class='ocrx_word' id='word_1_126' title='bbox 237 1868 371 1934; x_wconf 88' lang='lat' dir='ltr'>schema</span> <span class='ocrx_word' id='word_1_127' title='bbox 401 1868 603 1933; x_wconf 84' lang='lat' dir='ltr'>describitur.</span> <span class='ocrx_word' id='word_1_128' title='bbox 649 1868 765 1954; x_wconf 91' lang='lat' dir='ltr'>Itaque</span> <span class='ocrx_word' id='word_1_129' title='bbox 793 1869 880 1934; x_wconf 88' lang='lat' dir='ltr'>Nub.</span> <span class='ocrx_word' id='word_1_130' title='bbox 906 1872 1023 1950; x_wconf 82' lang='grc'><strong>700,“3</strong></span> <span class='ocrx_word' id='word_1_131' title='bbox 1044 1902 1083 1924; x_wconf 96' lang='lat'>=</span> <span class='ocrx_word' id='word_1_132' title='bbox 1101 1873 1180 1946; x_wconf 91' lang='grc'><strong>804,</strong></span> <span class='ocrx_word' id='word_1_133' title='bbox 1207 1874 1225 1936; x_wconf 88' lang='grc'><strong>3</strong></span> 
     </span>
     <span class='ocr_line' id='line_1_16' title="bbox 86 1964 1224 2060; baseline 0.004 -22"><span class='ocrx_word' id='word_1_134' title='bbox 86 1974 143 2059; x_wconf 85' lang='grc' dir='ltr'>(ο1.</span> <span class='ocrx_word' id='word_1_135' title='bbox 174 1995 273 2060; x_wconf 90' lang='lat' dir='ltr'>supra</span> <span class='ocrx_word' id='word_1_136' title='bbox 303 1995 335 2060; x_wconf 91' lang='lat' dir='ltr'>p.</span> <span class='ocrx_word' id='word_1_137' title='bbox 365 1971 422 2057; x_wconf 91' lang='grc'>45)</span> <span class='ocrx_word' id='word_1_138' title='bbox 457 1973 554 2036; x_wconf 86' lang='lat' dir='ltr'>aliam</span> <span class='ocrx_word' id='word_1_139' title='bbox 591 1993 775 2037; x_wconf 89' lang='lat' dir='ltr'>mensuram</span> <span class='ocrx_word' id='word_1_140' title='bbox 812 1974 934 2038; x_wconf 87' lang='lat' dir='ltr'>habere</span> <span class='ocrx_word' id='word_1_141' title='bbox 963 1964 1132 2059; x_wconf 89' lang='lat' dir='ltr'>probabile</span> <span class='ocrx_word' id='word_1_142' title='bbox 1164 1982 1224 2042; x_wconf 90' lang='lat' dir='ltr'>est.</span> 
     </span>
     <span class='ocr_line' id='line_1_17' title="bbox 85 2077 937 2162; baseline 0.002 -21"><span class='ocrx_word' id='word_1_143' title='bbox 85 2077 191 2142; x_wconf 84' lang='lat' dir='ltr'>Multo</span> <span class='ocrx_word' id='word_1_144' title='bbox 215 2078 319 2141; x_wconf 89' lang='lat' dir='ltr'>rarius</span> <span class='ocrx_word' id='word_1_145' title='bbox 344 2077 468 2141; x_wconf 84' lang='lat' dir='ltr'>formae</span> <span class='ocrx_word' id='word_1_146' title='bbox 491 2120 599 2143; x_wconf 71' lang='grc'>-...-</span> <span class='ocrx_word' id='word_1_147' title='bbox 622 2082 722 2142; x_wconf 87' lang='lat' dir='ltr'>et-.</span> <span class='ocrx_word' id='word_1_148' title='bbox 736 2134 751 2143; x_wconf 91' lang='lat'>.</span> <span class='ocrx_word' id='word_1_149' title='bbox 774 2078 937 2162; x_wconf 84' lang='lat' dir='ltr'>leguntur.</span> 
     </span>
    </p>
   </div>
   <div class='ocr_carea' id='block_1_4' title="bbox 86 2268 1225 2453">
    <p class='ocr_par' dir='ltr' id='par_1_4' title="bbox 86 2268 1225 2453">
     <span class='ocr_line' id='line_1_18' title="bbox 173 2268 1225 2357; baseline -0.001 -21"><span class='ocrx_word' id='word_1_150' title='bbox 173 2276 202 2336; x_wconf 92' lang='grc'>4.</span> <span class='ocrx_word' id='word_1_151' title='bbox 226 2269 319 2335; x_wconf 88' lang='lat' dir='ltr'>Duas</span> <span class='ocrx_word' id='word_1_152' title='bbox 355 2275 527 2357; x_wconf 88' lang='lat' dir='ltr'>praeterea</span> <span class='ocrx_word' id='word_1_153' title='bbox 564 2269 713 2334; x_wconf 90' lang='lat' dir='ltr'>licentias</span> <span class='ocrx_word' id='word_1_154' title='bbox 748 2268 986 2355; x_wconf 88' lang='lat' dir='ltr'>Aristophanes</span> <span class='ocrx_word' id='word_1_155' title='bbox 1023 2268 1155 2334; x_wconf 88' lang='lat' dir='ltr'>admisit</span> <span class='ocrx_word' id='word_1_156' title='bbox 1192 2270 1225 2335; x_wconf 92' lang='lat' dir='ltr'>in</span> 
     </span>
     <span class='ocr_line' id='line_1_19' title="bbox 86 2373 1225 2453; baseline -0.001 -14"><span class='ocrx_word' id='word_1_157' title='bbox 86 2375 256 2439; x_wconf 89' lang='lat' dir='ltr'>Ranarum</span> <span class='ocrx_word' id='word_1_158' title='bbox 296 2373 440 2438; x_wconf 88' lang='lat' dir='ltr'>carmine</span> <span class='ocrx_word' id='word_1_159' title='bbox 476 2374 712 2437; x_wconf 69' lang='lat' dir='ltr'>:ess-336:</span> <span class='ocrx_word' id='word_1_160' title='bbox 732 2374 926 2453; x_wconf 86' lang='grc'><strong>340-353,</strong></span> <span class='ocrx_word' id='word_1_161' title='bbox 967 2394 1040 2437; x_wconf 92' lang='lat' dir='ltr'>cum</span> <span class='ocrx_word' id='word_1_162' title='bbox 1068 2417 1163 2441; x_wconf 61' lang='grc' dir='ltr'>ο...</span> <span class='ocrx_word' id='word_1_163' title='bbox 1192 2375 1225 2438; x_wconf 90' lang='lat' dir='ltr'>in</span> 
     </span>
    </p>
   </div>
   <div class='ocr_carea' id='block_1_5' title="bbox 87 2476 1351 2564">
    <p class='ocr_par' dir='ltr' id='par_1_5' title="bbox 87 2476 1351 2564">
     <span class='ocr_line' id='line_1_20' title="bbox 87 2476 1351 2564; baseline -0.001 -22"><span class='ocrx_word' id='word_1_164' title='bbox 87 2480 177 2543; x_wconf 90' lang='lat' dir='ltr'>initio</span> <span class='ocrx_word' id='word_1_165' title='bbox 212 2486 349 2564; x_wconf 87' lang='lat' dir='ltr'>poneret</span> <span class='ocrx_word' id='word_1_166' title='bbox 379 2486 413 2543; x_wconf 99' lang='lat' dir='ltr'>et</span> <span class='ocrx_word' id='word_1_167' title='bbox 443 2520 540 2545; x_wconf 49' lang='grc' dir='ltr'>-..Η</span> <span class='ocrx_word' id='word_1_168' title='bbox 570 2498 626 2564; x_wconf 93' lang='lat' dir='ltr'>pro</span> <span class='ocrx_word' id='word_1_169' title='bbox 655 2522 774 2546; x_wconf 62' lang='lat'>.....</span> <span class='ocrx_word' id='word_1_170' title='bbox 829 2476 978 2542; x_wconf 89' lang='lat' dir='ltr'>Licentia</span> <span class='ocrx_word' id='word_1_171' title='bbox 1012 2478 1118 2563; x_wconf 86' lang='lat' dir='ltr'>priore</span> <span class='ocrx_word' id='word_1_172' title='bbox 1150 2478 1221 2543; x_wconf 92' lang='lat' dir='ltr'>loco</span> <span class='ocrx_word' id='word_1_173' title='bbox 1347 2506 1351 2512; x_wconf 92' lang='lat'><strong>·</strong></span> 
     </span>
    </p>
   </div>
   <div class='ocr_carea' id='block_1_6' title="bbox 87 2580 1224 2776">
    <p class='ocr_par' dir='ltr' id='par_1_6' title="bbox 87 2580 1224 2776">
     <span class='ocr_line' id='line_1_21' title="bbox 87 2580 1224 2668; baseline -0.001 -20"><span class='ocrx_word' id='word_1_174' title='bbox 87 2591 339 2648; x_wconf 84' lang='lat' dir='ltr'>commemorata</span> <span class='ocrx_word' id='word_1_175' title='bbox 361 2583 447 2668; x_wconf 92' lang='lat' dir='ltr'>apud</span> <span class='ocrx_word' id='word_1_176' title='bbox 471 2583 614 2667; x_wconf 85' lang='lat' dir='ltr'>tragicos</span> <span class='ocrx_word' id='word_1_177' title='bbox 638 2603 768 2668; x_wconf 90' lang='lat' dir='ltr'>quoque</span> <span class='ocrx_word' id='word_1_178' title='bbox 792 2589 907 2668; x_wconf 84' lang='lat' dir='ltr'>poetas</span> <span class='ocrx_word' id='word_1_179' title='bbox 924 2580 1134 2667; x_wconf 86' lang='lat' dir='ltr'>agnoscenda</span> <span class='ocrx_word' id='word_1_180' title='bbox 1150 2603 1224 2647; x_wconf 86' lang='lat' dir='ltr'>esse</span> 
     </span>
     <span class='ocr_line' id='line_1_22' title="bbox 87 2687 607 2776; baseline 0.004 -24"><span class='ocrx_word' id='word_1_181' title='bbox 87 2687 231 2764; x_wconf 63' lang='lat' dir='ltr'>videtum</span> <span class='ocrx_word' id='word_1_182' title='bbox 253 2688 294 2755; x_wconf 88' lang='lat' dir='ltr'>ef.</span> <span class='ocrx_word' id='word_1_183' title='bbox 318 2688 402 2753; x_wconf 85' lang='lat' dir='ltr'>infra</span> <span class='ocrx_word' id='word_1_184' title='bbox 423 2711 454 2776; x_wconf 93' lang='lat' dir='ltr'>p.</span> <span class='ocrx_word' id='word_1_185' title='bbox 480 2691 532 2754; x_wconf 90' lang='grc'>86.</span> <span class='ocrx_word' id='word_1_186' title='bbox 555 2690 607 2754; x_wconf 85' lang='grc'>87.</span> 
     </span>
    </p>
   </div>
   <div class='ocr_carea' id='block_1_7' title="bbox 85 2866 1226 4307">
    <p class='ocr_par' dir='ltr' id='par_1_7' title="bbox 85 2866 1226 4307">
     <span class='ocr_line' id='line_1_23' title="bbox 176 2866 1225 2956; baseline 0 -21"><span class='ocrx_word' id='word_1_187' title='bbox 176 2876 205 2937; x_wconf 87' lang='grc'>5.</span> <span class='ocrx_word' id='word_1_188' title='bbox 229 2871 317 2936; x_wconf 89' lang='lat' dir='ltr'>Loco</span> <span class='ocrx_word' id='word_1_189' title='bbox 348 2870 480 2936; x_wconf 90' lang='lat' dir='ltr'>dimetri</span> <span class='ocrx_word' id='word_1_190' title='bbox 508 2870 605 2934; x_wconf 91' lang='lat' dir='ltr'>ionici</span> <span class='ocrx_word' id='word_1_191' title='bbox 635 2868 710 2934; x_wconf 90' lang='lat' dir='ltr'>inde</span> <span class='ocrx_word' id='word_1_192' title='bbox 735 2889 754 2931; x_wconf 89' lang='lat' dir='ltr'>a</span> <span class='ocrx_word' id='word_1_193' title='bbox 776 2866 961 2955; x_wconf 85' lang='lat' dir='ltr'>Sapphonis</span> <span class='ocrx_word' id='word_1_194' title='bbox 986 2890 1023 2932; x_wconf 89' lang='lat' dir='ltr'>ac</span> <span class='ocrx_word' id='word_1_195' title='bbox 1047 2869 1225 2956; x_wconf 88' lang='lat' dir='ltr'>praecipue</span> 
     </span>
     <span class='ocr_line' id='line_1_24' title="bbox 87 2962 1224 3058; baseline -0.004 -17"><span class='ocrx_word' id='word_1_196' title='bbox 87 2975 304 3041; x_wconf 89' lang='lat' dir='ltr'>Anacreontis</span> <span class='ocrx_word' id='word_1_197' title='bbox 328 2980 475 3058; x_wconf 90' lang='lat' dir='ltr'>tempore</span> <span class='ocrx_word' id='word_1_198' title='bbox 500 2971 631 3058; x_wconf 87' lang='lat' dir='ltr'>saepius</span> <span class='ocrx_word' id='word_1_199' title='bbox 655 2976 831 3056; x_wconf 88' lang='lat' dir='ltr'>usurpatur</span> <span class='ocrx_word' id='word_1_200' title='bbox 846 2970 972 3034; x_wconf 89' lang='lat' dir='ltr'>ionicus</span> <span class='ocrx_word' id='word_1_201' title='bbox 989 2962 1224 3053; x_wconf 67' lang='grc' dir='ltr'><em>ἀνανλῶμενος.</em></span> 
     </span>
     <span class='ocr_line' id='line_1_25' title="bbox 87 3072 1226 3166; baseline -0.007 -21"><span class='ocrx_word' id='word_1_202' title='bbox 87 3081 175 3145; x_wconf 90' lang='lat' dir='ltr'>Huic</span> <span class='ocrx_word' id='word_1_203' title='bbox 210 3078 344 3166; x_wconf 82' lang='lat' dir='ltr'>Sappho</span> <span class='ocrx_word' id='word_1_204' title='bbox 382 3076 566 3162; x_wconf 80' lang='lat' dir='ltr'>praefigere</span> <span class='ocrx_word' id='word_1_205' title='bbox 597 3074 681 3138; x_wconf 90' lang='lat' dir='ltr'>solet</span> <span class='ocrx_word' id='word_1_206' title='bbox 712 3072 905 3153; x_wconf 82' lang='lat' dir='ltr'>diiambum,</span> <span class='ocrx_word' id='word_1_207' title='bbox 940 3095 959 3137; x_wconf 90' lang='lat' dir='ltr'>a</span> <span class='ocrx_word' id='word_1_208' title='bbox 990 3073 1226 3138; x_wconf 87' lang='lat' dir='ltr'>recentioribus</span> 
     </span>
     <span class='ocr_line' id='line_1_26' title="bbox 87 3169 1225 3274; baseline -0.007 -25"><span class='ocrx_word' id='word_1_209' title='bbox 87 3187 192 3274; x_wconf 89' lang='lat' dir='ltr'>poetis</span> <span class='ocrx_word' id='word_1_210' title='bbox 223 3185 255 3248; x_wconf 88' lang='lat' dir='ltr'>in</span> <span class='ocrx_word' id='word_1_211' title='bbox 287 3182 406 3246; x_wconf 83' lang='lat' dir='ltr'>vicinia</span> <span class='ocrx_word' id='word_1_212' title='bbox 438 3179 535 3245; x_wconf 91' lang='lat' dir='ltr'>ionici</span> <span class='ocrx_word' id='word_1_213' title='bbox 570 3169 798 3260; x_wconf 76' lang='grc' dir='ltr'><em>ἀνακλωμένου</em></span> <span class='ocrx_word' id='word_1_214' title='bbox 828 3176 898 3241; x_wconf 81' lang='lat' dir='ltr'>lere</span> <span class='ocrx_word' id='word_1_215' title='bbox 931 3178 1040 3240; x_wconf 90' lang='lat' dir='ltr'>nullus</span> <span class='ocrx_word' id='word_1_216' title='bbox 1067 3198 1127 3263; x_wconf 90' lang='lat' dir='ltr'>pes</span> <span class='ocrx_word' id='word_1_217' title='bbox 1162 3177 1225 3241; x_wconf 89' lang='lat' dir='ltr'>nisi</span> 
     </span>
     <span class='ocr_line' id='line_1_27' title="bbox 87 3273 1224 3366; baseline -0.01 -11"><span class='ocrx_word' id='word_1_218' title='bbox 87 3291 213 3356; x_wconf 86' lang='lat' dir='ltr'>ionicus</span> <span class='ocrx_word' id='word_1_219' title='bbox 237 3287 428 3351; x_wconf 91' lang='lat' dir='ltr'>admittitur.</span> <span class='ocrx_word' id='word_1_220' title='bbox 468 3283 614 3347; x_wconf 90' lang='lat' dir='ltr'>Ionicum</span> <span class='ocrx_word' id='word_1_221' title='bbox 639 3273 864 3364; x_wconf 73' lang='grc' dir='ltr'><em>ἀνακλώμενον</em></span> <span class='ocrx_word' id='word_1_222' title='bbox 890 3300 1001 3366; x_wconf 91' lang='lat' dir='ltr'>parem</span> <span class='ocrx_word' id='word_1_223' title='bbox 1024 3281 1151 3366; x_wconf 82' lang='lat' dir='ltr'>integro</span> <span class='ocrx_word' id='word_1_224' title='bbox 1175 3281 1224 3345; x_wconf 93' lang='lat' dir='ltr'>di·</span> 
     </span>
     <span class='ocr_line' id='line_1_28' title="bbox 88 3383 1224 3470; baseline -0.008 -12"><span class='ocrx_word' id='word_1_225' title='bbox 88 3401 195 3460; x_wconf 87' lang='lat' dir='ltr'>metro</span> <span class='ocrx_word' id='word_1_226' title='bbox 219 3392 325 3455; x_wconf 87' lang='lat' dir='ltr'>ionico</span> <span class='ocrx_word' id='word_1_227' title='bbox 349 3389 452 3453; x_wconf 84' lang='lat' dir='ltr'>fuisse</span> <span class='ocrx_word' id='word_1_228' title='bbox 476 3408 548 3451; x_wconf 91' lang='lat' dir='ltr'>cum</span> <span class='ocrx_word' id='word_1_229' title='bbox 565 3388 629 3450; x_wconf 89' lang='lat' dir='ltr'>alia</span> <span class='ocrx_word' id='word_1_230' title='bbox 652 3386 877 3449; x_wconf 90' lang='lat' dir='ltr'>demonstrant</span> <span class='ocrx_word' id='word_1_231' title='bbox 893 3392 962 3448; x_wconf 91' lang='lat' dir='ltr'>tum</span> <span class='ocrx_word' id='word_1_232' title='bbox 987 3405 1047 3448; x_wconf 88' lang='lat' dir='ltr'>eae</span> <span class='ocrx_word' id='word_1_233' title='bbox 1071 3383 1224 3470; x_wconf 89' lang='lat' dir='ltr'>strophae</span> 
     </span>
     <span class='ocr_line' id='line_1_29' title="bbox 88 3481 1224 3580; baseline -0.013 -15"><span class='ocrx_word' id='word_1_234' title='bbox 88 3507 122 3565; x_wconf 90' lang='lat' dir='ltr'>et</span> <span class='ocrx_word' id='word_1_235' title='bbox 145 3494 386 3580; x_wconf 84' lang='lat' dir='ltr'>antistrophae,</span> <span class='ocrx_word' id='word_1_236' title='bbox 416 3493 447 3556; x_wconf 91' lang='lat' dir='ltr'>in</span> <span class='ocrx_word' id='word_1_237' title='bbox 479 3489 595 3577; x_wconf 88' lang='lat' dir='ltr'>quibus</span> <span class='ocrx_word' id='word_1_238' title='bbox 623 3490 745 3554; x_wconf 90' lang='lat' dir='ltr'>ionicus</span> <span class='ocrx_word' id='word_1_239' title='bbox 776 3481 1001 3572; x_wconf 60' lang='grc' dir='ltr'><em>ἀνακλώμενος</em></span> <span class='ocrx_word' id='word_1_240' title='bbox 1027 3488 1152 3572; x_wconf 84' lang='lat' dir='ltr'>integro</span> <span class='ocrx_word' id='word_1_241' title='bbox 1176 3487 1224 3550; x_wconf 92' lang='lat' dir='ltr'>di-</span> 
     </span>
     <span class='ocr_line' id='line_1_30' title="bbox 88 3590 1225 3682; baseline -0.013 -14"><span class='ocrx_word' id='word_1_242' title='bbox 88 3609 192 3668; x_wconf 89' lang='lat' dir='ltr'>metro</span> <span class='ocrx_word' id='word_1_243' title='bbox 220 3600 326 3664; x_wconf 90' lang='lat' dir='ltr'>ionico</span> <span class='ocrx_word' id='word_1_244' title='bbox 354 3596 545 3682; x_wconf 89' lang='lat' dir='ltr'>respondet:</span> <span class='ocrx_word' id='word_1_245' title='bbox 576 3594 697 3661; x_wconf 88' lang='lat' dir='ltr'>Bacch.</span> <span class='ocrx_word' id='word_1_246' title='bbox 721 3596 798 3672; x_wconf 82' lang='lat'><strong>519,</strong></span> <span class='ocrx_word' id='word_1_247' title='bbox 820 3597 895 3656; x_wconf 85' lang='lat'>5=</span> <span class='ocrx_word' id='word_1_248' title='bbox 913 3593 1026 3671; x_wconf 83' lang='lat'>538,5</span> <span class='ocrx_word' id='word_1_249' title='bbox 1050 3590 1102 3669; x_wconf 80' lang='lat' dir='ltr'>(cl.</span> <span class='ocrx_word' id='word_1_250' title='bbox 1128 3611 1225 3676; x_wconf 90' lang='lat' dir='ltr'>supra</span> 
     </span>
     <span class='ocr_line' id='line_1_31' title="bbox 88 3681 1223 3794; baseline -0.01 -25"><span class='ocrx_word' id='word_1_251' title='bbox 88 3681 1223 3794; x_wconf 46' lang='lat' dir='ltr'>pmmmmmnffimmwudwwm.</span> 
     </span>
     <span class='ocr_line' id='line_1_32' title="bbox 87 3789 1224 3890; baseline -0.015 -14"><span class='ocrx_word' id='word_1_252' title='bbox 87 3812 197 3876; x_wconf 82' lang='lat' dir='ltr'>Etiam</span> <span class='ocrx_word' id='word_1_253' title='bbox 222 3809 285 3874; x_wconf 92' lang='lat' dir='ltr'>duo</span> <span class='ocrx_word' id='word_1_254' title='bbox 308 3810 381 3873; x_wconf 90' lang='lat' dir='ltr'>cola</span> <span class='ocrx_word' id='word_1_255' title='bbox 403 3806 559 3890; x_wconf 92' lang='lat' dir='ltr'>deinceps</span> <span class='ocrx_word' id='word_1_256' title='bbox 582 3825 617 3867; x_wconf 88' lang='lat' dir='ltr'>se</span> <span class='ocrx_word' id='word_1_257' title='bbox 639 3802 839 3887; x_wconf 83' lang='lat' dir='ltr'>excipientis</span> <span class='ocrx_word' id='word_1_258' title='bbox 855 3800 968 3864; x_wconf 90' lang='lat' dir='ltr'>ionicis</span> <span class='ocrx_word' id='word_1_259' title='bbox 985 3789 1224 3880; x_wconf 68' lang='grc' dir='ltr'><em>ἆνανλωμένοις</em></span> 
     </span>
     <span class='ocr_line' id='line_1_33' title="bbox 88 3901 1223 4002; baseline -0.017 -21"><span class='ocrx_word' id='word_1_260' title='bbox 88 3914 269 4002; x_wconf 87' lang='lat' dir='ltr'>composita</span> <span class='ocrx_word' id='word_1_261' title='bbox 285 3919 374 3977; x_wconf 90' lang='lat' dir='ltr'>sunt:</span> <span class='ocrx_word' id='word_1_262' title='bbox 406 3912 526 3975; x_wconf 90' lang='lat' dir='ltr'>Anacr.</span> <span class='ocrx_word' id='word_1_263' title='bbox 550 3908 587 3973; x_wconf 83' lang='lat' dir='ltr'>fr.</span> <span class='ocrx_word' id='word_1_264' title='bbox 613 3909 668 3988; x_wconf 94' lang='grc'><strong>43,</strong></span> <span class='ocrx_word' id='word_1_265' title='bbox 690 3911 715 3969; x_wconf 94' lang='grc'>1.</span> <span class='ocrx_word' id='word_1_266' title='bbox 732 3909 761 3971; x_wconf 80' lang='lat'>2.</span> <span class='ocrx_word' id='word_1_267' title='bbox 778 3910 806 3968; x_wconf 94' lang='grc'>4.</span> <span class='ocrx_word' id='word_1_268' title='bbox 824 3909 853 3970; x_wconf 89' lang='grc'>5.</span> <span class='ocrx_word' id='word_1_269' title='bbox 883 3904 922 3968; x_wconf 85' lang='lat' dir='ltr'>fr.</span> <span class='ocrx_word' id='word_1_270' title='bbox 946 3907 997 3968; x_wconf 89' lang='grc'>44.</span> <span class='ocrx_word' id='word_1_271' title='bbox 1026 3901 1223 3996; x_wconf 68' lang='grc'><strong>11.45,1.3,</strong></span> 
     </span>
     <span class='ocr_line' id='line_1_34' title="bbox 86 4007 1222 4096; baseline -0.013 -10"><span class='ocrx_word' id='word_1_272' title='bbox 86 4022 195 4086; x_wconf 90' lang='lat' dir='ltr'>Prom.</span> <span class='ocrx_word' id='word_1_273' title='bbox 220 4020 292 4096; x_wconf 77' lang='lat'><strong>397,</strong></span> <span class='ocrx_word' id='word_1_274' title='bbox 308 4019 372 4081; x_wconf 83' lang='grc'>34</span> <span class='ocrx_word' id='word_1_275' title='bbox 390 4046 428 4069; x_wconf 90' lang='grc'>--</span> <span class='ocrx_word' id='word_1_276' title='bbox 447 4017 521 4095; x_wconf 87' lang='grc'><strong>406,</strong></span> <span class='ocrx_word' id='word_1_277' title='bbox 534 4015 564 4079; x_wconf 93' lang='grc'>3.</span> <span class='ocrx_word' id='word_1_278' title='bbox 578 4017 607 4076; x_wconf 89' lang='grc'>4.</span> <span class='ocrx_word' id='word_1_279' title='bbox 656 4010 802 4095; x_wconf 85' lang='lat' dir='ltr'>Choeph.</span> <span class='ocrx_word' id='word_1_280' title='bbox 827 4010 900 4088; x_wconf 78' lang='lat'>327,</span> <span class='ocrx_word' id='word_1_281' title='bbox 921 4012 947 4073; x_wconf 93' lang='grc'>1.</span> <span class='ocrx_word' id='word_1_282' title='bbox 964 4009 983 4069; x_wconf 82' lang='lat'><strong>2</strong></span> <span class='ocrx_word' id='word_1_283' title='bbox 1000 4037 1039 4059; x_wconf 94' lang='lat'><strong><em>=</em></strong></span> <span class='ocrx_word' id='word_1_284' title='bbox 1055 4007 1127 4085; x_wconf 83' lang='lat'>358,</span> <span class='ocrx_word' id='word_1_285' title='bbox 1147 4008 1174 4068; x_wconf 95' lang='grc'>1.</span> <span class='ocrx_word' id='word_1_286' title='bbox 1193 4008 1222 4071; x_wconf 76' lang='lat'>2.</span> 
     </span>
     <span class='ocr_line' id='line_1_35' title="bbox 85 4104 1221 4201; baseline -0.015 -12"><span class='ocrx_word' id='word_1_287' title='bbox 85 4104 1221 4201; x_wconf 49' lang='lat' dir='ltr'>Bmmmm=maamummm=mm</span> 
     </span>
     <span class='ocr_line' id='line_1_36' title="bbox 87 4214 1101 4307; baseline -0.02 -14"><span class='ocrx_word' id='word_1_288' title='bbox 87 4233 115 4296; x_wconf 82' lang='lat'>2.</span> <span class='ocrx_word' id='word_1_289' title='bbox 134 4232 153 4294; x_wconf 89' lang='grc'><strong>3</strong></span> <span class='ocrx_word' id='word_1_290' title='bbox 169 4260 208 4284; x_wconf 88' lang='grc'>.--</span> <span class='ocrx_word' id='word_1_291' title='bbox 226 4229 299 4307; x_wconf 93' lang='grc'><strong>511,</strong></span> <span class='ocrx_word' id='word_1_292' title='bbox 318 4230 345 4289; x_wconf 97' lang='grc'>1.</span> <span class='ocrx_word' id='word_1_293' title='bbox 363 4226 393 4290; x_wconf 76' lang='lat'>2.</span> <span class='ocrx_word' id='word_1_294' title='bbox 410 4225 439 4289; x_wconf 87' lang='lat'>3.</span> <span class='ocrx_word' id='word_1_295' title='bbox 486 4220 586 4307; x_wconf 84' lang='lat' dir='ltr'>Soph.</span> <span class='ocrx_word' id='word_1_296' title='bbox 609 4219 732 4283; x_wconf 82' lang='lat' dir='ltr'>Electr.</span> <span class='ocrx_word' id='word_1_297' title='bbox 759 4217 850 4304; x_wconf 83' lang='lat'>1058,</span> <span class='ocrx_word' id='word_1_298' title='bbox 867 4217 887 4278; x_wconf 77' lang='lat'><strong>2</strong></span> <span class='ocrx_word' id='word_1_299' title='bbox 903 4245 943 4267; x_wconf 92' lang='lat'>=</span> <span class='ocrx_word' id='word_1_300' title='bbox 963 4215 1055 4297; x_wconf 88' lang='grc'><strong>1070,</strong></span> <span class='ocrx_word' id='word_1_301' title='bbox 1072 4214 1101 4283; x_wconf 78' lang='lat'>2,</span> 
     </span>
    </p>
   </div>
   <div class='ocr_carea' id='block_1_8' title="bbox 0 0 1482 4822">
    <p class='ocr_par' dir='ltr' id='par_1_8' title="bbox 0 0 1482 4822">
     <span class='ocr_line' id='line_1_37' title="bbox 0 0 1482 4822; baseline 0 0"><span class='ocrx_word' id='word_1_302' title='bbox 0 0 1482 4822; x_wconf 95' lang='lat' dir='ltr'> </span> 
     </span>
    </p>
   </div>
  </div>
 </body>
</html>
