2954 4816
704 277 776 362 [ss]
1264 281 1305 345 ss

173 471 301 555 quidem
324 470 565 534 Institutionum
587 478 679 554 parte
701 469 839 534 alienum
857 475 917 552 est,
941 469 997 533 sed
1020 469 1138 554 iegitur
1152 469 1205 534 ΙΙΙ
1227 473 1256 550 t,
1269 474 1306 554 23

174 578 204 654 4,
227 574 261 655 33
292 576 344 654 20,
369 576 402 656 83
435 574 484 638 IV
508 577 537 654 4,
563 576 724 653 1039,1.

276 681 306 742 5.
352 679 496 742 Verbum
526 679 672 761 amplecti
699 677 898 742 desideratur
929 679 960 740 in
990 676 1079 741 libris
1101 677 1118 740 I
1141 684 1172 742 et
1196 676 1240 759 ΙΙ,
1263 678 1307 743 le·

174 782 260 864 gitur
282 787 390 846 sutem
413 782 445 844 in
468 781 555 844 libris
577 780 630 844 III
653 790 684 844 et
707 779 755 844 IV
787 790 915 866 quater:
955 780 1003 843 IV
1037 785 1069 844 li
1097 803 1144 866 pr.
1166 781 1306 845 satisda-

174 887 292 949 tionum
312 886 413 950 alium
435 884 561 949 modum
584 886 705 949 novitas
723 905 799 968 per
820 902 926 948 usum
949 885 1125 967 amplesa
1150 890 1226 967 est,
1250 884 1304 948 cfr.

175 989 243 1067 12,
268 992 286 1053 9
308 1009 346 1052 ee
368 1011 429 1054 non
452 991 568 1071 scripto
599 990 650 1052 ius
672 991 753 1051 venit
775 989 858 1072 quod
879 1009 971 1053 usus
1003 986 1306 1070 comprobabili

173 1091 225 1155 ΙΙΙ
241 1095 267 1171 1,
282 1094 602 1176 2·eosquosnostrae
625 1092 831 1175 amplectae
853 1098 940 1155 suut
970 1091 1304 1171 constitutiones,

173 1197 227 1260 otc.
252 1197 285 1259 ΙΙ
314 1199 347 1272 6,
384 1199 419 1258 14
449 1193 524 1258 baec
554 1196 666 1258 statuit
697 1200 776 1278 quae
806 1196 842 1258 in
863 1193 1030 1278 fiscalibus
1062 1192 1305 1258 alienationibus

170 1299 341 1384 praefatae
378 1297 579 1362 Zenonianae
616 1299 932 1362 constitutionis
969 1299 1235 1360 continentur
1274 1306 1305 1359 et

176 1406 224 1483 18,
248 1403 362 1467 baliis
384 1401 561 1485 mortisqui
590 1400 964 1464 constitutionibus
997 1402 1274 1464 continentur
1296 1398 1305 1481 i}

173 1504 224 1569 ΙΙΙ
249 1509 277 1581 2,
302 1526 347 1589 pr.
372 1511 406 1567 ut
428 1507 730 1569 successionem
753 1523 872 1589 quoquo
896 1504 986 1567 macla
1008 1504 1305 1586 ainplectatur3

173 1630 311 1696 proquo
336 1609 528 1692 compositor
550 1609 663 1693 prioris
688 1608 795 1692 partis,
819 1609 936 1692 quippe
959 1609 1011 1693 qni
1036 1606 1071 1670 ΙΙ
1094 1612 1122 1686 9,
1146 1609 1165 1670 4
1189 1605 1304 1670 dixerit

171 1715 315 1797 uquam
334 1712 644 1794 possessiouem
750 1712 896 1793 adepti
919 1710 1107 1791 fuerint,
1131 1711 1238 1775 nescio
1263 1731 1304 1773 su

89 1851 94 1856 ·
173 1816 369 1899 adipiscatur
392 1815 565 1899 scripturus
590 1813 696 1895 fuerit,
719 1814 775 1879 cfr.
800 1813 933 1878 eonii
957 1818 1007 1894 52,
1032 1817 1060 1893 5,
1085 1816 1103 1875 3
1135 1833 1205 1876 cum
1232 1833 1304 1878 aero

171 1921 275 1983 maiar
296 1919 586 1982 successionem
600 1918 743 2001 fecerit
764 1918 942 2001 adeptus
959 1920 1099 1982 minoris.
1132 1919 1306 1984 Praeterea

171 2025 326 2106 reperitur
360 2020 492 2084 verbum
530 2022 676 2104 amplecti
708 2021 761 2087 III
793 2024 830 2104 2,
854 2027 891 2085 3·
922 2023 1154 2105 simplicitatem
1186 2019 1305 2105 lepibut

173 2130 308 2191 amicam
331 2126 529 2208 amplexa.

275 2233 304 2294 6.
351 2229 444 2302 Quod
467 2227 602 2311 legimus
626 2228 676 2292 IV
703 2234 751 2311 16,
776 2232 790 2292 1
816 2230 990 2315 quartalia
1013 2236 1124 2293 nostra
1151 2230 1304 2293 cousti-

172 2334 338 2397 tutione
361 2332 683 2415 comprehensum
712 2333 799 2415 eslii
817 2332 868 2396 ΙΙΙ
898 2337 936 2415 9,
960 2337 979 2397 8
1011 2333 1121 2418 quibem
1143 2338 1178 2395 ut
1201 2332 1304 2412 detur,

172 2436 259 2519 lepc
283 2436 614 2518 comprehensum
637 2444 709 2519 cst,
742 2458 781 2502 eo
811 2436 907 2501 verbo
939 2445 1048 2501 curent
1069 2437 1193 2520 priores
1223 2435 1304 2517 libri,

173 2540 226 2603 ubi
251 2539 362 2604 eodem
387 2539 482 2602 modo
507 2549 696 2624 usurpatur:
723 2539 835 2622 118,2
858 2540 914 2605 boc
930 2540 1159 2605 euidentissima
1182 2542 1305 2605 ratione

172 2649 370 2707 statutum
392 2649 449 2707 est
471 2645 514 2707 in
536 2646 844 2708 constitutione.

276 2750 304 2812 7.
349 2747 483 2831 Legitur
504 2747 522 2809 I
546 2749 596 2823 12,
619 2750 638 2809 6
651 2749 782 2831 fictione
792 2750 932 2831 pristino
956 2749 1127 2832 explosa
1142 2749 1155 2827 b
1170 2744 1203 2810 ΙΙ
1220 2749 1304 2827 23,7

173 2849 337 2934 exploso
368 2852 638 2914 senatusconsulto
668 2849 861 2934 Pepusicsnm
892 2860 1000 2915 contre
1022 2851 1074 2915 HI
1098 2854 1134 2930 i,
1158 2855 1177 2914 4
1207 2852 1305 2936 tepens

171 2951 302 3017 Iuniam
313 2961 341 3018 et
356 2956 658 3019 senatusconsultum
670 2954 874 3039 Laepianum
888 2963 915 3019 ct
930 2956 1064 3020 edictum
1087 2956 1152 3020 diei
1168 2953 1305 3018 Traiani

173 3057 304 3121 deleri
326 3059 500 3122 censuimus
516 3061 528 3140 tl
547 3060 623 3137 12,1
651 3060 951 3123 senatusconsultum
976 3058 1200 3135 Claudianum,
1223 3059 1305 3142 quod

170 3180 191 3222 a
212 3169 320 3224 nostra
346 3163 470 3226 ciuitate
492 3162 627 3226 deleri
649 3164 863 3228 concessimus.

274 3265 304 3328 8.
350 3263 433 3327 Item
468 3264 651 3350 discrepant
674 3266 690 3329 I
715 3268 751 3348 2,
785 3269 823 3331 10
858 3268 946 3350 oripo
979 3268 1045 3330 eius
1078 3266 1115 3330 ab
1150 3266 1303 3331 institutis

172 3367 310 3431 duarum
333 3369 505 3432 ciuitatium
533 3369 724 3452 fluxisse
756 3371 879 3435 eiclctur
912 3379 944 3434 et
968 3368 1015 3432 IV
1040 3374 1076 3452 6,
1099 3372 1140 3434 24
1173 3391 1209 3433 ea
1242 3390 1304 3454 qua

171 3471 263 3535 dubio
280 3473 396 3554 procul
418 3480 462 3536 est
484 3493 521 3536 ee
543 3475 607 3558 lepe
631 3475 846 3539 condicticiam
870 3495 1067 3539 emanare.

274 3578 303 3641 9.
350 3575 417 3641 Nec
439 3598 530 3643 secus
553 3579 588 3642 II
613 3582 641 3660 7,
661 3584 681 3641 4
704 3578 942 3643 humanioribus
964 3579 1097 3643 ctmninis
1120 3578 1304 3641 dainnum

170 3679 331 3762 inferri
353 3688 385 3744 et
407 3680 455 3744 IV
479 3685 507 3762 8,
531 3704 575 3767 pr.
600 3685 629 3746 si
735 3684 920 3746 damnum
943 3682 1135 3747 dederint
1158 3681 1228 3763 (cfr.
1254 3680 1303 3744 IV

169 3784 198 3860 3,
227 3786 262 3847 16
285 3785 322 3846 si
343 3784 529 3849 damnum
553 3786 714 3850 cleclerit
738 3814 778 3839 =
803 3787 950 3851 Gaiinst.
968 3786 1128 3862 111219).
1159 3782 1303 3847 Verbum

170 3886 291 3969 inferre
315 3893 420 3951 tamen
444 3909 509 3950 non
530 3888 707 3953 inauditnm
732 3895 780 3954 est
803 3891 834 3953 in
856 3889 1034 3974 posteriore
1061 3888 1301 3952 Institutionum

171 3995 269 4073 parte,
293 3990 349 4056 sed
374 4011 446 4054 cum
469 3991 516 4054 his
541 3993 740 4057 consociatur
764 3994 987 4058 substantivis:
1012 3988 1301 4069 musmonem

170 4095 323 4159 matribus
346 4094 540 4177 illatamit
559 4094 606 4157 lV
634 4100 687 4177 11,
712 4101 731 4161 3
760 4097 800 4163 lis
830 4097 1021 4181 infertur
1127 4097 1212 4160 litem
1241 4096 1302 4159 iu·

168 4197 324 4281 ferunt.

275 4305 323 4376 10.
368 4302 468 4379 Verbi
491 4304 648 4380 ostendere
671 4325 746 4380 usus
761 4304 844 4377 intra
867 4304 1019 4378 librorum
1043 4302 1302 4378 illativum
