2970 4814
566 298 605 311 -
652 256 741 351 [ras]
787 300 829 312 -
1226 264 1264 327 19

128 459 164 516 ut
192 451 345 517 distincte
374 451 438 516 dici
466 454 584 539 possit,
616 475 775 540 quosnam
803 455 890 519 locos
919 454 1035 519 borum
1065 454 1267 520 medicorum

133 558 365 642 significaverit
388 555 461 642 (cfr.
475 558 585 644 Voigt.
608 558 682 624 adn.
707 560 775 645 34),
799 580 903 645 eaque
927 566 992 624 tam
1017 566 1087 624 arte
1111 581 1183 623 eum
1208 560 1266 639 eis,

129 681 213 747 quae
236 661 390 727 Meletius
420 661 461 726 de
486 683 545 727 suo
568 662 711 744 addidit,
740 663 848 729 mixta
877 670 910 728 et
937 669 1091 749 pertexta
1118 669 1207 742 sunt,
1231 670 1267 728 ut

128 788 193 831 non
216 766 315 830 facile
339 765 466 830 secerni
488 767 625 851 possint.
878 773 884 787 '

216 869 344 943 Quibus
374 869 470 949 locis,
502 892 575 935 cum
603 869 643 936 ad
671 872 896 957 quaestionem
920 893 940 936 a
962 870 1057 936 nobis
1086 871 1267 936 institutam

128 975 247 1055 nullius
272 977 338 1041 sint
359 977 532 1058 momenti,
562 977 712 1062 sepositis
740 976 803 1041 boc
825 998 925 1041 unum
949 998 1097 1061 agamus,
1124 982 1160 1040 ut
1183 997 1267 1061 quae

129 1081 161 1144 in
184 1080 310 1145 Malatii
342 1080 455 1146 libello
485 1087 618 1146 exstant
641 1080 788 1147 Soranea
814 1081 1064 1167 investigemus;
1095 1081 1267 1168 apparebit

129 1188 238 1248 autem
263 1184 296 1247 in
319 1182 452 1250 Meletio
475 1206 629 1270 magnam
644 1191 771 1270 partem
795 1185 868 1249 libri
891 1185 988 1265 illius,
1013 1205 1109 1269 quern
1123 1183 1268 1248 Soranus

128 1287 168 1352 de
192 1287 399 1373 etymologiis
423 1289 567 1374 corporis
591 1288 723 1354 humani
747 1288 918 1375 scripsisse
935 1288 1081 1368 traditur,
1104 1289 1266 1373 integram

129 1398 331 1457 asservatam
355 1392 476 1477 essa¹).

217 1494 262 1559 Ut
284 1497 348 1560 iam
367 1497 532 1583 aperiam,
562 1516 626 1580 quo
655 1494 758 1561 verba
786 1515 859 1561 mea
888 1502 1052 1584 spectent,
1081 1496 1113 1560 in
1138 1496 1264 1561 Melatii

129 1600 341 1686 praefationis
357 1601 377 1678 ξ
393 1605 412 1664 5
436 1601 598 1665 contendo
615 1601 798 1686 proverbia
817 1596 990 1688 Σωκράτης
1007 1599 1043 1666 δὲ
1059 1600 1264 1666 scribendum
1325 1684 1328 1689 ἡ

132 1727 220 1769 esse:
249 1698 430 1791 Σωρανὸς
459 1703 504 1769 δὲ.
559 1703 654 1776 Quod
688 1706 806 1790 quibus
837 1707 945 1771 causis
979 1707 1069 1770 nisus
1104 1706 1266 1791 postulem

129 1809 319 1893 priusquam
348 1808 585 1888 demonstrem,
617 1810 731 1896 paucis
759 1831 800 1874 ea
828 1809 1000 1874 refutanda
1028 1815 1117 1889 sunt,
1150 1807 1267 1893 quibus

131 1912 283 1997 Voigtius
311 1918 348 1991 nt
379 1913 411 1976 in
447 1911 608 1977 diversam
639 1912 743 1977 abiret
769 1915 964 1978 sententiam
998 1917 1179 1977 commotus
1208 1918 1267 1978 est.

132 2015 233 2081 Cuius
256 2017 358 2082 verba
379 2023 455 2081 sunt
477 2016 558 2082 haec
582 2016 671 2104 (pag.
696 2018 744 2103 8):

210 2113 269 2185 ‘In
298 2121 524 2208 etymologicis
552 2122 651 2207 igitur
676 2120 855 2206 <Meletius>
885 2126 1054 2186 auctorem
1078 2120 1184 2185 adfert
1208 2119 1267 2184 So-

130 2231 263 2306 cratem,
286 2225 328 2291 de
351 2233 470 2292 natura
491 2227 644 2293 hominis.
679 2227 732 2291 oui
749 2248 861 2291 omnes
879 2224 1097 2311 etymologias
1123 2226 1268 2311 corporis

129 2328 261 2395 humani
277 2330 514 2396 vindicabimus
531 2332 642 2418 paucis
665 2332 814 2417 exceptis
835 2351 918 2416 quae
944 2351 963 2393 a
984 2328 1111 2394 Galeno
1128 2331 1268 2393 mutuari

129 2433 282 2498 Meletius
304 2441 444 2520 poterat.
489 2434 631 2500 Socratis
656 2442 767 2500 autem
790 2435 909 2499 librum
933 2433 1024 2497 illum
1040 2453 1173 2518 prorsus
1190 2454 1267 2497 con-

129 2559 248 2623 gruere
272 2559 344 2602 cum
362 2539 478 2606 Sorani
495 2539 536 2604 de
552 2540 759 2625 etymologiis
783 2539 928 2625 eorporis
953 2538 1085 2602 hnmani
1113 2539 1270 2624 opusculo

130 2640 225 2705 facila
247 2642 438 2728 intelleget,
471 2643 498 2707 si
523 2644 595 2729 quis
624 2644 697 2708 illas
726 2641 971 2729 etymologicas'
990 2640 1076 2726 apud
1099 2640 1267 2705 Meletium

128 2746 304 2830 particulas
341 2747 580 2834 comparaverit
610 2767 683 2810 cum
712 2746 830 2831 glossis
854 2743 986 2809 Orionis
1016 2744 1154 2830 aliisque
1184 2762 1267 2831 quae

131 2850 200 2913 inre
223 2848 300 2913 licet
326 2848 451 2915 Sorano
474 2850 624 2914 tribuere.
661 2849 838 2914 monachus
870 2846 952 2934 [scil.
976 2846 1143 2933 Meletius]
1170 2848 1269 2933 igitur

132 2975 195 3017 non
219 2954 290 3041 ipso
314 2954 433 3020 medici
449 2954 584 3041 Ephesii
601 2954 684 3018 libro
700 2952 831 3017 videtur
843 2972 922 3015 usus
940 2973 1024 3033 esse,
1048 2949 1105 3015 sed
1123 2951 1268 3015 Socratis

131 3056 299 3121 cuiusdam
314 3063 470 3144 excerpto
486 3059 572 3122 illius
588 3057 707 3142 operis.
729 3077 804 3120 nam
821 3057 854 3120 in
868 3055 1005 3140 singulis
1022 3076 1087 3119 non
1104 3056 1267 3140 integrum

130 3181 205 3224 eum
230 3160 323 3225 nobis
352 3160 525 3226 tradidisse
550 3160 665 3225 Sorani
691 3160 811 3225 librum
843 3166 960 3246 postea
989 3159 1268 3223 demonstraturus

127 3263 220 3328 aum.²
264 3262 411 3329 Adnotat
425 3264 593 3349 Voigtius:
619 3255 674 3328 ‘Id
697 3264 725 3328 si
748 3264 900 3329 ellectum
924 3264 997 3358 erit,
1020 3283 1085 3327 non
1109 3283 1191 3348 opus
1218 3269 1267 3326 est

128 3368 306 3453 fingamus,
337 3368 423 3455 quod
455 3370 527 3455 quis
556 3370 659 3456 possit
687 3371 861 3456 suspicari,
897 3370 982 3434 sicut
1009 3369 1158 3433 Nemesii
1186 3369 1269 3434 liber

129 3471 282 3558 Gregorii
309 3473 452 3558 Nysseni
484 3474 613 3538 nomine
643 3479 776 3538 ornatus
804 3479 907 3555 esset,
942 3472 1057 3537 Sorani
1094 3494 1176 3559 opus
1206 3473 1266 3536 sub

81 3624 84 3630 «
130 3575 273 3642 Socratis
296 3579 427 3643 nomine
452 3600 525 3644 esse
550 3574 675 3644 latum?

218 3685 245 3746 l.
275 3680 321 3745 Ut
343 3681 443 3766 igitur
471 3681 592 3746 efficiat
614 3680 783 3746 Meletium
813 3703 878 3746 non
903 3681 1018 3746 Sorani
1049 3682 1152 3767 ipsius
1183 3680 1270 3744 libro

128 3803 223 3848 usum
247 3805 332 3864 esse,
355 3785 495 3871 primum
511 3785 666 3870 Voigtius
682 3785 796 3871 viginti
818 3786 961 3871 quinque
985 3792 1156 3851 enumerat
1180 3785 1267 3869 glos-

130 3908 199 3968 sas,
231 3909 312 3974 quas
336 3910 530 3975 quamquam
560 3886 601 3952 ad
625 3888 783 3953 Soranum
812 3894 978 3953 auctorem
1008 3888 1115 3952 redire
1139 3888 1211 3951 aliis
1236 3891 1269 3950 et

201 4044 220 4109 ¹)
239 4042 286 4097 cfr.
306 4042 459 4097 Hermanni
479 4041 576 4096 Dielsii
601 4042 804 4097 sententiarum
830 4045 1068 4096 controversemur
1091 4041 1219 4109 quintam
1239 4040 1269 4094 in

129 4129 374 4183 commentationis
401 4128 436 4182 de
463 4129 562 4184 Galerii
591 4129 714 4184 Historia
742 4129 912 4199 Philosopha
938 4130 1052 4184 Bonnae
1081 4147 1106 4183 a.
1131 4130 1198 4184 18711
1224 4129 1267 4182 in·

130 4215 251 4286 scriptae
269 4215 374 4285 pagina
392 4216 433 4269 52.
1008 4287 1041 4339 15
1046 4287 1059 4316 ,Ι
