2956 4822
702 312 791 396 [esa]
1187 290 1192 300 ’
1290 316 1310 378 5

286 507 465 572 Praemisss
488 507 547 571 hee
570 507 689 571 consilii
712 508 774 571 mei
801 508 866 572 sive
889 509 1091 572 excusatione
1113 508 1178 572 sivo
1201 507 1309 571 delen·

180 610 269 676 sione
291 611 333 675 ed
355 613 491 696 primum
512 612 732 696 disputationis
753 616 877 695 partem
899 612 1059 676 accedam.

732 825 760 907 Ι.

223 1001 376 1068 OOMIOI
402 1001 558 1068 LATINI
586 1003 694 1078 QUID
723 1002 771 1068 IN
793 1001 1058 1069 EXEMPLARI
1086 1001 1264 1068 GRAECO

448 1106 745 1172 EXPRIMENDO
769 1107 1038 1173 SEOTENTUR.

712 1273 779 1354 tl-

422 1421 471 1472 DE
495 1420 685 1474 conionum
710 1420 813 1474 NOVA
839 1418 888 1472 Ac
914 1420 1068 1473 VETERE.

518 1549 574 1614 De
604 1570 711 1613 nova
740 1550 964 1615 comoedia.

281 1688 320 1752 In
343 1688 487 1752 omnibus
511 1688 648 1773 prologis
671 1688 852 1752 fabularum
870 1688 1036 1752 Terentius
1059 1689 1153 1753 enixe
1177 1709 1308 1772 operam

179 1792 344 1876 impendit,
377 1798 413 1856 ut
435 1792 627 1856 demonstret
648 1813 764 1857 novem
787 1813 855 1856 esse
878 1792 1019 1856 fabulam
1041 1813 1136 1877 quam
1160 1793 1307 1857 docturus

177 1895 227 1960 sit.
284 1895 367 1970 Quid
398 1902 506 1960 autem
539 1897 579 1960 sit
614 1915 721 1960 nove
751 1896 914 1960 comoedis
943 1903 975 1960 et
1004 1895 1088 1960 unde
1118 1896 1196 1960 haec
1218 1896 1306 1959 notio

179 1997 312 2062 oriunda
340 1999 391 2082 sit,
414 1998 588 2080 subtiliore,
618 2020 712 2084 quam
742 2018 823 2081 queo
854 1999 957 2063 adhuc
979 2000 1104 2083 prolate
1126 2007 1182 2080 est,
1206 1999 1307 2083 expli·

177 2102 299 2166 catione
313 2100 444 2185 dignum
460 2122 527 2166 esse
546 2103 624 2166 mihi
641 2102 775 2167 videtur.
819 2103 869 2167 Aa
889 2104 1028 2187 primum
1049 2102 1178 2187 quidem
1199 2102 1305 2166 videe-

177 2226 255 2287 mus,
271 2225 408 2289 quonam
422 2205 514 2271 moda
532 2212 626 2291 poeta
641 2206 674 2270 in
689 2206 821 2290 singulis
837 2207 953 2271 fabulis
968 2206 1023 2270 ills
1038 2207 1164 2270 notione
1180 2210 1306 2269 utetur:

221 2308 339 2374 Heaut.
363 2310 442 2393 prol.
465 2330 495 2374 v.
520 2314 539 2372 4
562 2331 625 2395 sq.:

306 2421 359 2484 Eu
380 2423 507 2505 intepra
530 2421 654 2487 Graece
676 2424 832 2507 intepram
857 2422 1044 2487 comoediam

304 2523 412 2589 Hodie
431 2545 501 2589 sum
525 2534 656 2592 acturus
679 2525 828 2591 Heauton
853 2529 1101 2591 timorumenon.
1119 2576 1152 2591 ..

304 2627 431 2695 Nouam
453 2649 515 2693 esse
538 2631 659 2694 ostendi
681 2638 708 2695 et
730 2651 810 2715 quae
831 2637 924 2695 esset:
946 2651 1030 2695 nune
1045 2632 1098 2715 qui
1113 2631 1276 2714 scripserit

305 2732 348 2797 Et
371 2736 465 2818 quoia
487 2733 612 2798 Graeca
635 2735 676 2798 sit
698 2755 742 2818 sq.

175 2846 208 2910 in
231 2845 342 2910 eodem
364 2846 443 2929 prol.
468 2867 498 2910 v.
522 2847 563 2908 28
588 2868 650 2930 sq.:

303 2957 414 3022 Facite
437 2959 628 3043 acquisitis,
652 2958 723 3022 date
747 2957 902 3022 crescendi
925 2959 1056 3041 copiam,

302 3060 471 3127 Nonarum
493 3063 547 3147 qni
568 3062 732 3146 spectandi
745 3062 880 3146 faciunt
903 3063 1024 3144 copiam

305 3164 381 3230 Sine
403 3166 491 3230 uitiis
512 3187 558 3250 sq.

174 3276 300 3343 Novom
321 3278 420 3362 igitur
442 3278 517 3342 dicit
539 3285 632 3362 poeta
655 3279 848 3344 comoediam
870 3300 912 3344 ex
927 3279 1052 3362 integra
1068 3278 1192 3344 Gnaeos
1206 3285 1306 3344 trans·

175 3380 284 3447 lotam.

219 3492 356 3579 Adelph.
380 3495 459 3579 prol.
482 3516 511 3558 v.
535 3499 554 3560 6
577 3517 641 3580 sq.:

304 3607 627 3691 Synapothnescontes
648 3607 774 3692 Diphili
797 3609 1002 3674 comoedicst:

303 3710 385 3773 Eam
410 3708 643 3776 Commorientis
666 3711 803 3775 Plautus
817 3712 901 3796 fecit
921 3712 1075 3793 fabulam.

303 3816 343 3877 Iu
364 3812 489 3877 Graeca
513 3813 695 3878 adulescens
717 3821 771 3897 est,
793 3815 848 3898 qui
870 3815 973 3878 lencm
994 3816 1087 3899 eripit

302 3917 501 3981 Meretricem
522 3920 557 3981 in
576 3919 684 4001 prima
698 3917 836 4002 fabulo:
857 3938 927 3982 eum
942 3917 1081 3984 Plautus
1104 3922 1204 3985 locum

301 4020 439 4106 Reliquit
460 4023 626 4105 inteprum.
656 4043 725 4086 cum
747 4022 798 4086 liic
819 4024 921 4087 mcum
940 4025 1072 4106 sumpsit
1093 4022 1152 4087 sili

302 4124 344 4188 In
365 4125 532 4208 Adelphos,
556 4125 683 4189 uerbum
705 4126 742 4190 de
764 4126 857 4190 uerbo
877 4146 1057 4208 cupressum
1079 4129 1198 4194 extulit.

302 4228 385 4293 Eam
407 4249 465 4294 nos
485 4231 592 4293 acturi
613 4249 721 4295 summ
743 4250 877 4296 nouam:
893 4232 1070 4317 pernoscite

301 4332 477 4398 Furtumne
499 4355 543 4420 sq.
