3030 4816
694 292 785 380 [319]
1267 297 1308 366 27

173 493 287 580 Neque
310 494 349 557 de
371 494 491 579 Diphili
519 491 646 557 fabula¹
676 513 781 576 neque
815 491 854 555 de
886 490 1175 556 Commorientibus
1205 492 1311 556 Plauti

172 599 345 683 quidquam
368 606 478 663 notum
501 606 550 662 est
564 604 692 680 praeter
706 617 806 660 unum
822 596 1012 659 versiculum
1037 596 1089 680 qui
1105 596 1188 659 inter
1203 595 1311 659 Plauti

170 703 350 787 fragmenta
373 724 393 766 a
415 703 579 767 Priscianc
605 699 638 763 ΙΙ
661 721 692 784 p.
717 703 780 765 280
804 698 834 762 K
859 701 995 764 traditus
1018 700 1151 783 legitur:

299 809 416 871 saliam
439 809 472 870 ia
491 812 622 889 pateam
644 805 816 888 praecipies.

703 1021 774 1102 §a

508 1169 555 1219 DE
576 1168 705 1220 Pou'rls
726 1169 967 1230 AEQUALIBUS.

276 1301 325 1365 Ex
350 1299 534 1384 aequalibus
559 1300 662 1381 pactis
686 1299 749 1361 duo
778 1299 916 1363 maxime
946 1302 1075 1363 nomina
1104 1299 1135 1362 in
1167 1299 1310 1383 prologis

172 1407 392 1491 proferuntur:
418 1402 630 1465 Caecilius
655 1410 686 1466 et
709 1399 835 1467 ‘vetus
857 1399 996 1487 paeta’,
1020 1425 1154 1487 quarum
1177 1403 1311 1467 alterum

173 1509 302 1572 maximi
326 1529 359 1570 se
383 1506 507 1587 facere,
530 1505 664 1568 alterurn
688 1506 776 1568 nihili
800 1505 969 1570 Terentius
992 1526 1055 1569 non
1081 1507 1215 1572 obscure
1238 1527 1311 1593 pro-

171 1614 291 1678 fitetur.

275 1716 324 1780 De
343 1714 526 1780 Caecilia
549 1721 646 1800 poeta
663 1715 693 1778 in
713 1714 832 1800 Hecyr.
849 1717 928 1799 prol.
945 1716 979 1779 ll
995 1738 1024 1778 v.
1041 1721 1060 1780 4
1077 1737 1135 1800 sq,
1152 1717 1206 1779 ubi
1222 1737 1310 1800 spec·
1387 1780 1389 1784 ,

171 1827 290 1884 latores
327 1842 456 1886 suorum
493 1820 532 1884 de
570 1829 638 1882 arte
677 1820 795 1884 comica
832 1821 1014 1885 meriturum
1053 1820 1308 1900 commonefacit,
1417 1871 1425 1892 ,

171 1924 340 1989 Ambivius
363 1924 507 1988 daminus
530 1925 638 2007 gregis
663 1924 742 1987 haec
763 1926 964 2006 pronuntiat:

299 2051 411 2118 Nouus
433 2056 487 2139 qai
508 2060 634 2117 exactas
652 2054 720 2137 feci
742 2061 777 2117 at
798 2056 1073 2136 inueterascereat,

261 2171 278 2222 5
301 2156 349 2221 Ne
372 2178 442 2220 crem
462 2163 555 2239 pcata
578 2158 740 2239 scriptura
763 2165 967 2221 euanesceret.

300 2259 342 2324 Ire
364 2263 418 2341 eis,
442 2282 520 2345 qaas
540 2263 678 2344 primam
704 2260 821 2324 Caecili
843 2261 943 2324 didici
965 2283 1079 2344 nouas,

302 2365 428 2429 Partim
450 2387 519 2429 saur
542 2386 650 2429 emam
674 2372 813 2447 exactas,
831 2369 954 2449 partim
978 2369 1034 2430 aia
1056 2368 1135 2431 steti.

300 2470 383 2549 Quia
405 2469 523 2533 scibmn
546 2469 673 2533 duliam
687 2470 862 2554 fortunam
884 2491 948 2534 esse
970 2473 1156 2551 scaenicum,

300 2574 362 2655 Spe
384 2575 507 2636 ineerta
531 2580 648 2636 certam
670 2573 747 2636 milri
769 2573 907 2637 laborem
929 2575 1054 2655 sustuli,

242 2691 276 2745 10
297 2677 437 2741 Easdem
459 2697 553 2760 apere
577 2678 672 2758 coepi,
694 2683 728 2738 at
753 2676 790 2738 ab
814 2678 916 2740 eadem
940 2679 1024 2741 alias
1047 2678 1196 2741 discerem

301 2781 424 2861 Narras,
446 2781 593 2861 studiose,
616 2802 655 2844 ae
676 2782 766 2844 illum
789 2781 826 2843 ab
849 2781 955 2845 stadio
979 2780 1172 2845 abducerem.

300 2884 428 2968 Perfeci
450 2892 484 2947 at
506 2890 741 2967 spectarentur:
764 2883 913 2948 eliserat
936 2887 1088 2968 copricae,

303 2988 445 3052 Placitae
467 2995 551 3052 suat.
575 2990 621 3051 ita
641 2994 765 3070 poetam
788 2989 913 3051 restitui
934 2991 968 3051 ia
991 2990 1090 3053 locam

300 3092 407 3175 Prope
428 3094 494 3155 iam
517 3098 668 3154 ramatum
691 3092 814 3154 iaiaria
838 3091 1065 3156 aduersariam

245 3213 278 3267 15
300 3197 349 3261 Aa
375 3197 479 3261 stadio
503 3203 594 3280 atque
618 3195 656 3257 ab
678 3193 782 3259 labare
805 3202 897 3279 atque
919 3203 988 3260 arte
1010 3199 1139 3261 musica.

300 3302 389 3381 Quod
412 3303 440 3364 si
462 3303 655 3383 scripturam
679 3301 865 3382 spreuissem
888 3302 920 3362 ia
939 3304 1122 3383 praesentia

300 3407 343 3471 Et
365 3409 400 3469 ia
423 3406 605 3469 deterrendo
628 3406 796 3469 uoluissem
819 3426 946 3487 operam
968 3426 1098 3487 sumere,

305 3510 401 3575 Utin
424 3512 486 3574 otia
509 3517 585 3574 esset
605 3513 711 3593 potius
734 3530 828 3593 qaam
850 3511 884 3572 ia
907 3513 1030 3594 nepotis
1038 3534 1048 3573 ,·

301 3614 532 3679 Deterruissem
547 3616 722 3698 facilene
746 3615 831 3678 alias
852 3614 1008 3679 scriberet.

275 3744 431 3810 Caecilius
456 3746 629 3810 secundum
654 3746 738 3809 hunc
755 3752 868 3808 testem
885 3746 1019 3810 similem
1035 3747 1194 3811 fortunam
1210 3752 1308 3830 atque

172 3851 240 3934 ipse
252 3849 420 3915 Terentius
437 3857 588 3934 expertus
605 3858 668 3914 est:
686 3849 738 3913 nbi
755 3850 890 3934 primum
908 3861 1004 3934 poeta
1021 3850 1159 3933 comicus
1176 3850 1308 3930 exstitit,

170 3954 271 4018 isdem
296 3953 536 4018 difficultatibus
560 3954 725 4035 reluctari,
759 3953 871 4018 eadem
901 3954 1059 4039 pericula,
1091 3954 1222 4018 easdem
1252 3953 1308 4016 ad·

171 4060 381 4123 versariorum
412 4059 590 4122 invidorum
620 4059 749 4123 insidias
778 4059 957 4144 propellere
988 4068 1120 4123 coactus
1151 4064 1216 4124 est:
1247 4077 1309 4140 qua

172 4163 425 4227 adversariorum
449 4163 562 4227 iniuria
584 4163 702 4227 sactum
726 4170 792 4245 est,
824 4171 859 4226 ut
888 4184 991 4248 paene
1014 4165 1054 4229 ab
1078 4173 1147 4228 arte
1170 4162 1310 4227 deterre·

276 4357 284 4390 ¹
304 4355 339 4408 cl.
359 4353 459 4408 Comie.
478 4354 560 4406 attic,
580 4353 632 4421 lrg.
652 4356 693 4406 cd.
712 4352 841 4420 livalli,
861 4355 874 4405 l
894 4371 919 4422 p.
937 4352 987 4407 564
1006 4369 1046 4422 sq.
