3030 4816
217 285 259 351 aa
738 280 827 369 [aa]

323 478 406 553 Quid
429 480 561 543 autem?
606 477 792 543 Eandemno
816 479 982 543 Menandri
998 478 1146 544 Colacem
1164 480 1204 545 ab
1221 486 1360 564 utroque

95 656 98 657 ⁷
219 589 314 666 poeta
336 582 435 646 latino
459 584 646 647 translatam
669 582 832 647 dicamus?
876 583 948 647 Non
964 584 1121 649 dubitavit
1143 584 1175 647 id
1194 584 1359 648 affirmare

217 685 360 750 Boissier
382 688 403 751 l.
428 709 455 752 c.
479 708 509 771 p.
534 688 594 750 82:
617 683 653 750 ‘Il
676 687 723 750 lui
745 689 848 751 aurait
871 686 922 750 ete
945 694 1096 772 pourtant
1119 687 1211 751 facile
1240 688 1280 751 de
1307 687 1358 751 re-

218 789 339 873 pondre
363 811 433 874 que,
456 791 589 874 puisque
606 789 720 854 Planta
740 791 827 853 avait
842 791 941 875 repris
956 792 986 855 le
1003 789 1104 854 Colax
1122 791 1162 854 de
1177 789 1356 854 Menandre

219 894 312 977 apres
334 892 484 973 Naevius,
507 893 530 956 il
552 894 597 956 lui
622 890 699 957 etait
722 894 795 957 bien
818 895 936 978 permis
958 893 998 957 de
1021 895 1051 958 le
1074 893 1244 977 reprendre
1260 894 1357 977 apres

219 993 352 1060 Plaute'.
398 996 489 1070 Quod
512 997 537 1059 si
559 1017 668 1060 verum
692 1003 749 1077 est,
772 997 880 1060 Plauti
903 996 1007 1061 Colax
1028 1018 1093 1061 non
1116 1019 1199 1061 nova
1221 1004 1289 1061 erat
1304 1017 1355 1060 oo·

219 1100 346 1165 moedia
360 1100 416 1165 sed
431 1108 611 1178 retractata,
627 1101 724 1165 immo
741 1109 898 1186 surrepta:
916 1109 1011 1186 atque
1028 1102 1104 1165 furti
1119 1102 1246 1179 crimen,
1266 1101 1356 1185 quod

218 1212 347 1289 propter
369 1204 484 1268 Naevii
513 1214 545 1268 et
574 1204 682 1268 Plauti
708 1212 898 1288 argumenta
928 1226 1077 1290 expressa
1108 1207 1139 1268 in
1169 1206 1356 1269 Terentium

218 1309 352 1373 intendit
367 1308 511 1389 Luscius,
534 1308 574 1371 ad
591 1308 744 1372 Plautum
767 1330 890 1394 quoque
913 1310 1103 1393 pertinebat.
1148 1309 1237 1383 Quod
1261 1316 1293 1372 et
1311 1309 1354 1373 ab

218 1414 426 1477 criminatoris
441 1414 571 1477 consilio
587 1415 727 1478 alienum
742 1422 789 1478 est
805 1421 836 1478 et
853 1415 883 1477 in
900 1414 976 1499 ipsis
992 1414 1171 1478 comoediae
1187 1413 1353 1478 Romanae

218 1519 392 1602 originibus
415 1519 455 1582 ab
480 1520 566 1582 omni
589 1519 655 1582 veri
672 1520 776 1602 specie
799 1519 959 1600 abhorret,
984 1518 1062 1584 duos
1077 1526 1188 1605 poetas
1203 1519 1354 1602 aequales

216 1622 301 1687 idem
323 1622 490 1686 Menandri
513 1623 676 1706 exemplar
699 1629 821 1686 secutos
844 1643 921 1688 esse.
967 1623 1028 1686 Illa
1051 1624 1136 1686 enim
1154 1629 1258 1685 aetate
1274 1642 1348 1685 cum

218 1734 249 1790 et
272 1727 364 1810 pauci
387 1733 490 1791 essent
513 1733 627 1810 poetae
650 1726 760 1790 comici
775 1733 808 1790 et
822 1746 939 1809 magna
954 1725 1136 1789 fabularum
1153 1725 1350 1788 Graecarum

219 1831 309 1914 copia
339 1837 537 1915 suppeteret,
572 1831 672 1894 multo
706 1832 803 1894 etiam
836 1830 1003 1894 studiosius
1042 1851 1139 1893 novas
1172 1828 1297 1892 fabulas
1332 1850 1353 1891 a

218 1934 447 2018 spectatoribus
462 1934 615 1998 Romanis
631 1935 789 2019 expetitas
805 1955 873 1998 esse
889 1940 1134 1998 consentaneum
1149 1939 1206 1996 est.
1230 1929 1354 1995 Verum

219 2057 377 2121 quaenam
400 2039 481 2101 ratio
506 2039 587 2102 inter
609 2038 688 2101 duas
715 2038 786 2101 illas
812 2037 991 2101 comoedias
1020 2035 1188 2099 statuenda
1210 2036 1260 2112 sit,
1290 2056 1354 2098 non

219 2142 325 2226 inepte
349 2162 391 2205 ex
413 2143 482 2226 ipsa
497 2141 654 2206 Eunucho
678 2141 806 2206 efficias.
852 2140 993 2204 Diversis
1016 2147 1100 2203 certe
1116 2138 1353 2222 erernplaribus

220 2244 350 2309 Graecis
379 2246 427 2308 usi
458 2252 531 2309 sunt
558 2244 698 2309 Naevius
730 2251 763 2308 et
788 2244 932 2308 Plautus.
985 2243 1093 2327 Atque
1126 2242 1272 2307 Colacem
1303 2264 1354 2306 co·

220 2346 378 2410 moediam
401 2369 466 2411 non
488 2369 569 2412 unus
590 2346 765 2411 Menander
787 2347 841 2410 sed
866 2348 963 2410 etiam
985 2345 1151 2410 Philemon
1174 2346 1353 2430 scripserat,

218 2451 408 2535 scripserant
431 2451 565 2515 fortasse
589 2451 643 2514 alii
665 2472 802 2535 quoque,
833 2471 907 2513 nam
935 2451 1111 2533 parasitum
1142 2450 1279 2513 eolaeem
1309 2449 1351 2512 ad

218 2555 426 2618 necessariam
449 2576 581 2619 scaenae
604 2554 832 2640 supellectilem
862 2555 1020 2638 pertinere
1048 2559 1157 2616 notum
1180 2562 1236 2618 est.
1281 2552 1353 2616 Aut

219 2659 313 2741 igitur·
335 2658 476 2723 Naevius
498 2667 529 2723 et
552 2659 696 2740 Plautus,
721 2680 790 2722 cum
815 2657 894 2721 duas
917 2656 1092 2720 comoedias
1109 2657 1247 2720 diversas
1263 2678 1354 2720 usur·

218 2772 342 2848 parent,
365 2773 497 2849 uterque
520 2773 627 2828 tamen
650 2786 692 2828 ex
714 2763 882 2827 Menandri
900 2762 1016 2826 Colace
1039 2782 1191 2846 personas
1213 2761 1352 2825 illustres

219 2871 394 2954 parasitum
417 2878 451 2945 et
471 2871 605 2934 militem
629 2871 661 2932 in
683 2890 774 2932 suum
790 2890 881 2932 nsum
896 2875 1070 2949 verterunt,
1094 2873 1159 2946 aut,
1175 2864 1259 2950 quod
1274 2865 1353 2929 mihi

218 2975 419 3038 verisimilius
437 2974 657 3056 videturesse,
680 2972 822 3036 Naevius
838 2971 1005 3035 Menandri
1023 2971 1170 3034 Colacem
1186 2968 1352 3052 expressit,

219 3076 414 3141 Philemonis
437 3078 488 3140 vel
518 3078 650 3141 alienius
679 3082 792 3160 poetae
815 3074 963 3139 Colacem
986 3074 1130 3154 Plautus,
1159 3073 1214 3137 sed
1244 3073 1270 3135 is
1297 3072 1353 3154 ita,

219 3187 254 3242 ut
276 3200 317 3243 ex
340 3179 536 3244 Menandrea
558 3180 668 3244 fabula
683 3200 779 3243 unam
796 3180 970 3243 alteramve
985 3199 1141 3262 scaenam,
1156 3180 1187 3242 in
1204 3198 1265 3261 qua
1280 3197 1353 3259 per-

219 3303 317 3347 sonae
341 3283 415 3348 illae
439 3290 667 3368 comparerent,
691 3285 844 3369 arriperet
867 3289 900 3347 et
922 3282 1071 3347 liberiore
1087 3282 1180 3346 modo
1200 3300 1275 3344 suae
1305 3278 1320 3341 1
1341 3312 1353 3324 ·

219 3386 313 3450 bulac
340 3388 508 3451 insereret:
543 3388 661 3472 pariter
690 3387 757 3452 fere
792 3395 887 3472 atque
918 3386 1103 3450 Terentium
1137 3386 1168 3448 in
1198 3381 1353 3447 Eunucho

219 3511 286 3554 rem
309 3492 480 3555 instituisse
502 3490 668 3554 docuimus
691 3513 722 3576 p.
750 3493 798 3555 18.

321 3646 454 3711 Praeter
467 3646 616 3711 Colacem
632 3647 774 3711 fabulam
785 3647 893 3711 Plauti
906 3646 1153 3710 Commorientes
1166 3646 1197 3708 in
1209 3642 1351 3728 Adelph.

218 3748 298 3832 prol.
322 3770 351 3814 v.
376 3753 394 3813 6
418 3773 462 3835 sq.
486 3758 680 3815 memoratur
702 3750 827 3815 fabula:

348 3905 670 3990 Synapothnescontes
690 3906 817 3990 Diphili
840 3907 1045 3971 eoinoediost:

346 4009 431 4074 Eam
455 4010 690 4076 Coanmorieatis
714 4010 850 4075 Plautus
865 4012 949 4096 feeit
964 4010 1125 4095 fabalem.

347 4114 389 4178 In
411 4115 537 4181 Graeca
560 4118 742 4182 adulescens
764 4124 817 4198 est,
841 4120 894 4200 qai
914 4117 1016 4182 lenoni
1039 4118 1132 4200 eripit

346 4219 543 4285 Meretricem
565 4223 599 4284 ia
618 4223 727 4304 priora
741 4220 970 4305 schalmum
996 4219 1134 4286 Plautus
1156 4223 1255 4285 locam

347 4324 484 4408 Reliquit
506 4327 672 4409 intepram.
