2954 4816
658 266 869 334 ..3ss-

189 455 298 522 saltem
319 459 465 542 nuptiis
484 459 641 543 prodat
665 459 730 524 dies
753 458 839 540 (aut
871 461 1047 546 aliquod
1069 461 1160 528 eodd.
1184 463 1320 529 testibus

190 560 276 625 Gerl.
299 569 331 626 et
352 561 466 642 Roth.;
488 565 631 646 nuptis
654 564 853 647 prodeat).

289 668 391 746 373,4
422 667 559 752 Adelph.
591 667 657 742 (III
690 670 783 747 3,48)
817 666 843 732 0
872 671 942 753 qui
969 676 1085 753 epomet
1105 670 1246 752 produxi
1277 671 1324 754 (0

188 769 311 853 quin).

289 875 360 953 373,
374 878 411 938 16
436 872 572 959 Adelph.
590 874 635 954 (V
660 879 689 956 9,
701 874 756 954 23)
779 876 870 955 Quod
887 878 1072 959 protuuiurn
1094 876 1171 940 haee
1193 876 1324 942 subita

187 977 326 1061 tarpitas
347 976 488 1058 (subito,
513 987 624 1042 eontra
647 980 719 1059 493,
734 981 770 1043 17
798 978 867 1043 libri
890 977 1026 1045 Noniani
1051 987 1135 1044 reete
1158 978 1289 1064 subita).

274 1081 398 1164 380,14
426 1081 565 1166 Adelph.
590 1081 660 1160 (III
689 1085 720 1160 2,
745 1081 802 1165 21)
827 1082 989 1148 Ceteros
1015 1090 1324 1167 ...prosternerem

188 1182 364 1266 (citeros
386 1187 493 1270 uulgo,
518 1194 633 1251 eeteros
657 1184 748 1270 112).

287 1292 359 1372 332,
372 1292 411 1354 28
435 1290 518 1355 Eun.
543 1289 610 1370 (ΙΙΙ
633 1294 662 1365 5,
674 1290 708 1373 2)
742 1288 854 1355 Iamne
877 1311 1021 1374 rumpere
1043 1290 1099 1356 troc
1119 1290 1196 1354 tuidi
1218 1292 1324 1355 lieet

184 1392 340 1475 pendium
362 1394 481 1472 (lacet
504 1396 612 1476 uulgo,
634 1396 713 1457 iacet
736 1396 787 1458 H
788 1417 796 1474 ;
819 1395 899 1457 iacet
920 1394 976 1457 troc
1000 1394 1156 1478 posidium
1173 1395 1319 1474 Ber-ro).

288 1499 385 1584 399,6
408 1496 509 1561 Andr.
533 1495 564 1580 (Ι
588 1497 682 1578 5,13)
706 1497 810 1577 Quot
832 1497 934 1561 modis
952 1549 959 1562 .
977 1547 1010 1563 ..
1036 1499 1140 1561 omnia
1165 1497 1260 1577 (tot).

286 1602 407 1681 399,22
437 1599 519 1665 Eun.
554 1599 618 1682 (IV
653 1600 742 1679 1,14)
793 1598 852 1662 Vbi
879 1603 1022 1685 primum
1064 1603 1243 1684 poterit,
1290 1622 1324 1665 ee

185 1703 292 1766 ittim
327 1701 432 1786 (codd.
462 1704 660 1768 Terentinni:
698 1704 803 1783 ittina)
838 1704 985 1769 subducet
1014 1706 1080 1769 seio
1113 1707 1323 1790 (potuerit

185 1803 309 1870 Nonius
333 1828 405 1871 oum
428 1807 626 1871 Terentianis
649 1807 811 1872 codicibus
836 1807 912 1891 BG:
936 1810 1033 1879 iili).

285 1911 359 1994 410,
369 1914 409 1974 27
422 1911 550 1975 Phorm.
562 1908 612 1994 (ΙΙ
625 1912 654 1990 2,
665 1909 721 1995 16)
734 1911 818 1991 Quia
829 1931 892 1975 non
908 1919 994 1975 rete
1064 1914 1160 1976 miluo
1171 1910 1321 1994 (recte).

286 2016 358 2092 524,
368 2016 408 2079 29
428 2013 509 2078 Eun.
534 2013 597 2096 (IV
616 2015 688 2097 1,2)
710 2013 853 2099 Nequam
876 2016 928 2080 ille
945 2065 951 2079 .
969 2066 975 2080 .
992 2064 999 2079 .
1009 2015 1121 2098 faciat
1143 2022 1216 2079 aut
1238 2017 1319 2080 uim
1416 2016 1419 2022 ’

186 2114 338 2181 Thaidi
360 2114 520 2201 (ausura
543 2117 710 2200 tutridi).

357 2344 406 2408 Ex
430 2345 646 2430 dittographis
670 2346 730 2409 orti
754 2354 828 2410 sunt
851 2345 883 2409 hi
907 2346 1070 2410 errores:¹

287 2451 359 2530 235,
369 2452 409 2514 32
425 2449 507 2514 Eun.
521 2449 568 2531 (II
583 2452 611 2532 3,
624 2452 666 2513 36
678 2447 741 2534 sq.)
760 2448 870 2514 Patris
886 2455 1052 2532 ropnaturn
1069 2455 1160 2532 atque
1176 2469 1274 2533 aequ
1284 2471 1320 2511 a·

185 2551 254 2614 tem
284 2552 615 2617 Archidemidem
645 2551 760 2617 Nostin
794 2549 1016 2636 (aequalem
1049 2557 1085 2614 te
1115 2552 1320 2617 marcide-

184 2654 318 2717 miden
347 2655 455 2738 uulgo,
486 2657 644 2741 aequatem
680 2656 876 2720 tirnursidem
901 2654 977 2734 Hi,
1016 2656 1175 2738 aequatem
1206 2661 1320 2718 temar-

185 2757 283 2820 oidem
305 2758 377 2822 iden
400 2759 465 2841 P).

287 2864 388 2941 337‚8
404 2863 534 2928 Phorm.
551 2861 602 2947 (II
618 2864 711 2945 2,25)
729 2861 809 2926 Tene
829 2861 1021 2944 asymbolum
1036 2865 1143 2926 uereire
1166 2868 1318 2948 unctum

184 2969 278 3047 atque
384 2965 502 3031 balneis
525 2967 634 3048 (tuna
657 2966 849 3043 unctum).

287 3066 400 3154 Neque
437 3070 539 3134 minus
577 3091 616 3133 ex
654 3069 829 3154 archetypo
868 3076 1044 3154 propagate
1082 3068 1208 3134 uidetur
1246 3090 1317 3133 esse

188 3169 268 3235 leuis
291 3174 461 3238 uerborum
485 3174 699 3256 transpositio:

286 3277 409 3355 254‚30
432 3276 554 3360 capere]
593 3276 713 3341 Heaut.
749 3275 794 3357 (V
825 3274 921 3360 2,11)
958 3275 1176 3339 Rationem
1209 3295 1316 3358 cape,

183 3385 218 3441 at
242 3429 274 3444 ..
293 3429 300 3444 .
321 3381 452 3463 perdere
470 3379 552 3445 falso
568 3380 720 3465 seriptum
745 3401 814 3444 esse
829 3388 907 3462 puto
924 3401 982 3464 pro
1008 3379 1095 3462 Cepi
1117 3380 1316 3459 rationem,

185 3481 270 3566 quod
295 3491 342 3549 est
364 3484 395 3548 in
418 3485 505 3549 libris
521 3484 737 3567 Terentienis;
760 3483 853 3549 facile
871 3486 953 3548 enim
971 3506 1012 3548 ex
1034 3482 1184 3548 lemmate
1202 3483 1317 3547 erroris

184 3586 274 3671 origo
299 3589 485 3673 explicetur.

286 3691 337 3755 Ex
369 3692 417 3757 his
450 3693 604 3777 exemplis
637 3714 719 3778 quae
748 3693 837 3777 sequi
870 3691 1048 3774 uideantur,
1081 3690 1163 3756 infre
1194 3690 1237 3776 (p.
1261 3695 1316 3771 44)

184 3814 357 3879 exponam:
392 3818 475 3861 nune
498 3796 538 3861 de
560 3798 596 3861 iis
620 3797 772 3880 exemplis
797 3817 901 3881 agam,
936 3816 1017 3879 quse
1051 3795 1196 3879 quamuis
1219 3794 1315 3858 Nonii

183 3898 214 3962 in
238 3900 364 3964 citando
387 3900 545 3965 breuitate
569 3902 713 3965 mutilate
737 3901 808 3967 sint.
835 3921 907 3963 oum
929 3901 966 3963 iis
991 3907 1097 3963 tamen
1113 3918 1195 3983 quse
1221 3897 1315 3962 hodie

183 4011 352 4087 supersunt
374 4003 512 4069 Terentii
530 4005 766 4069 recessionibus
790 4012 976 4087 congruunt.
1009 4005 1081 4082 375,
1096 4004 1135 4063 14
1153 4009 1257 4065 exstat
1281 4002 1312 4064 in

183 4104 279 4171 Nonii
310 4107 396 4171 libris
425 4109 661 4191 manuscriptis:
697 4106 872 4192 postutare]
902 4105 1067 4172 Terentius
1097 4107 1132 4169 in
1163 4105 1312 4170 Andria:

287 4319 295 4351 ¹
315 4317 349 4368 ei.
369 4317 514 4369 Duentuer.
534 4317 666 4369 Zeirselrr.
686 4319 729 4367 t'ilr
749 4302 1036 4368 minturnensium
1056 4332 1079 4379 p.
1098 4314 1149 4366 485
1168 4329 1228 4381 sqq.
