2948 4808
635 304 726 390 [aar]
1208 315 1249 378 ss

617 493 652 580 <i
675 493 746 579 341

141 688 142 691 ¹
209 597 336 685 'Iura'or‚
363 597 411 666 ὅτι
441 599 478 666 τὸ
502 600 795 682 χωλιοιμβικὸν1
825 604 874 664 καὶ
897 600 932 666 τὸ
958 604 1128 688 τραγικόν
1150 605 1251 671 ἐπιδέ-

107 731 214 789 χονται
237 707 271 769 ἐν
292 711 335 794 τῇ
356 704 428 792 ἕκτῃ
451 703 544 793 χώρᾳ
568 699 589 784 ἢ
612 707 772 770 σπονδεῖον
794 700 815 787 ἢ
838 713 989 790 τροχαῖον.

216 811 225 844 ¹
239 805 415 880 χωλωῖμβικόν
433 809 465 862 Τ.

213 894 409 980 Corruptum
433 902 482 959 est
504 893 695 959 vocabulum
718 891 868 975 τραγικόν.
915 891 988 968 Quo
1016 895 1076 959 etsi
1098 895 1249 981 Byzanti·

110 1020 224 1064 norum
248 1005 354 1065 aetate
371 1000 540 1084 significari
557 998 662 1082 potuit
676 1004 812 1062 metrum
832 997 1006 1083 quodlibet,
1025 1020 1087 1085 quo
1111 1002 1252 1065 carmina

109 1102 161 1168 vel
177 1104 353 1169 cantilenae
370 1111 639 1188 componerentur
654 1100 754 1187 (coni.
772 1101 954 1187 Sophokles
975 1102 1091 1170 ‘Greek
1105 1104 1251 1169 Lexicon

110 1207 148 1271 oi
168 1207 223 1273 the
245 1207 371 1272 Romen
394 1208 458 1272 and
474 1207 652 1294 Byzantina
673 1205 811 1292 periods'
834 1205 899 1290 [ed.
914 1207 1062 1291 Boston.]
1085 1231 1110 1275 s.
1127 1232 1156 1274 v.
1176 1233 1250 1293 τρα-

109 1308 259 1399 γῴὸημα;
282 1311 336 1376 Du
353 1310 463 1395 Gange
478 1308 683 1377 ‘Glossarium
707 1309 831 1374 mediae
852 1316 886 1375 et
908 1311 1034 1375 infimae
1052 1309 1252 1378 Graecitatis’

109 1438 137 1481 a.
163 1418 246 1479 1688
269 1438 295 1481 s.
319 1436 349 1481 v.
372 1413 591 1503 τραγῴδημα),
614 1420 721 1479 tamen
745 1412 822 1477 nibil
846 1434 885 1479 ea
900 1437 935 1481 re
956 1415 1135 1499 lucramur;
1158 1437 1250 1501 spon·

111 1520 188 1584 deus
213 1522 297 1584 enim
319 1520 369 1585 rel
391 1521 559 1585 trochaeus
583 1529 619 1585 ut
649 1522 678 1584 in
711 1525 805 1584 sexta
831 1521 910 1584 sede
939 1527 1095 1605 ponatur,
1124 1527 1251 1605 praeter

112 1631 249 1689 metrum
261 1623 501 1689 choliambicum
514 1624 546 1687 in
563 1624 651 1688 nullo
664 1624 790 1688 iambici
805 1624 899 1688 metri
912 1645 1031 1709 genere
1048 1624 1117 1689 fieri
1132 1632 1249 1709 potest.

614 1778 648 1865 <5
675 1779 745 1864 35.)

217 1883 263 1947 Tri
285 1883 343 1965 μὲν
364 1880 551 1948 πολιτικὸν
571 1881 687 1968 μέτρον
709 1882 795 1967 λήγει
810 1885 853 1961 εἰς
869 1882 903 1948 ιε’
925 1881 1088 1964 συλλαβάς.
1113 1882 1147 1949 τὸ
1167 1886 1250 1967 ἰαμ-

107 1984 210 2067 {liuor
233 1990 276 2066 εἰς
296 1986 345 2069 ιβ’.
369 1987 404 2052 τό
429 1985 583 2070 ἡρωϊκόν
605 1988 647 2064 εἷς
670 1986 698 2051 ‹l'
722 1986 830 2064 τάξεις·
854 1988 896 2064 εἰς
919 1986 980 2064 rr'¹,
1004 1989 1045 2064 εἷς
1061 1985 1108 2066 ις’,
1130 1988 1193 2066 lete
1208 1987 1247 2063 ιζ’

110 2096 158 2156 καὶ
181 2092 226 2168 εἷς
247 2089 314 2173 ιη’θ·
339 2088 356 2155 ὁ
379 2090 459 2175 ἔχων
488 2090 542 2168 τοῖς
564 2090 604 2175 ιη’
628 2091 763 2168 σπανίως
792 2088 960 2172 εὑρίσκεται
990 2092 1023 2155 ἕν
1051 2099 1097 2182 τῷ
1124 2090 1251 2183 η’ρωὶὶεῷ

109 2193 227 2285 μέτρῳ.
248 2194 287 2269 ari
303 2191 468 2277 ἐλεγεῖον
481 2193 596 2277 μέτρον
611 2193 697 2279 λήγει
713 2195 757 2271 εἷς
771 2193 885 2275 rdiam*
899 2192 962 2259 δυό·
976 2196 1020 2272 εἰς
1034 2194 1072 2279 ιγ’
1085 2202 1134 2261 καὶ
1146 2197 1188 2275 εἷς
1204 2196 1250 2262 erl.

213 2300 304 2365 ¹post
322 2297 494 2351 wuston
512 2300 599 2364 solil
618 2299 714 2367 incipit
732 2316 795 2367 pag.
816 2300 846 2354 11
866 2296 988 2368 ΕΙ·ἦ’
1008 2301 1032 2353 li
1052 2300 1092 2352 its
1110 2301 1250 2353 utlitlara

110 2414 118 2439 ι
137 2387 163 2438 in
182 2401 280 2439 rasura
298 2382 350 2453 siti
368 2385 380 2422 ⁴
396 2383 475 2447 τάξεις
493 2401 527 2437 cx
545 2384 613 2448 τάξις
632 2388 734 2439 iactum
753 2387 789 2439 Μ.

213 2471 369 2538 Recentis
392 2472 521 2557 originis
553 2472 670 2537 indicis
702 2473 782 2537 baec
812 2472 956 2538 doctrina
986 2473 1027 2539 de
1055 2473 1250 2559 syllabarum

110 2577 249 2641 numeris
273 2576 304 2640 in
328 2575 436 2640 metris
452 2576 592 2660 politico,
615 2576 761 2657 iambico,
785 2575 925 2658 heroico,
948 2577 1092 2660 elegiaco
1115 2596 1193 2661 prae
1216 2598 1250 2640 se

111 2679 184 2745 fert.
230 2678 352 2744 Versus
381 2679 465 2745 enim
494 2680 615 2764 politici
647 2680 739 2758 tales,
769 2679 878 2762 quales
908 2678 1062 2743 hocloco
1091 2700 1156 2744 una
1180 2700 1249 2745 cum

113 2783 258 2848 versibus
282 2782 423 2847 iambicis
447 2782 698 2868 dodecasyllabis
722 2791 754 2849 et
776 2783 913 2847 heroicis
936 2789 968 2848 et
990 2782 1139 2866 elegiacis
1164 2803 1250 2847 com·

112 2895 329 2952 memorantur
351 2908 369 2951 e
394 2887 433 2951 15
457 2886 588 2972 syllabis
619 2894 814 2968 constantes,
845 2887 898 2950 vix
929 2892 1004 2952 ante
1033 2886 1194 2951 saeculum
1216 2907 1248 2971 p.

112 2990 188 3057 (lbr.
210 3013 242 3056 n.
266 3011 384 3055 nonum
407 2990 439 3054 in
454 2991 628 3055 multorum
648 2997 816 3076 poetarum
833 2990 951 3054 deliciis
967 2988 1117 3054 videntur
1133 2987 1250 3071 luisse3

111 3115 204 3175 sane,
234 3094 260 3158 si
288 3094 329 3159 ab
361 3093 551 3180 Apollinarii
578 3094 791 3159 Alexandrini
821 3094 946 3178 hymnis
973 3091 1101 3157 saeculo
1124 3091 1183 3170 IV,
1214 3100 1250 3156 ut

111 3200 208 3283 vulgo
242 3198 376 3263 credunt
406 3196 502 3276 (conf.
525 3197 719 3262 Guilelmum
744 3197 851 3273 Christ
880 3193 1032 3263 ‘Metrik'2
1061 3216 1134 3281 pag.
1160 3196 1250 3275 375),

111 3301 295 3386 compositis
318 3301 496 3380 recesseris,
520 3320 582 3365 non
606 3300 723 3365 multos
746 3301 888 3366 invenies
904 3298 1099 3385 antiquiores
1119 3301 1166 3365 eis
1181 3319 1250 3365 ver·

110 3407 211 3489 sibus,
235 3405 291 3491 qui
313 3403 466 3488 leguntur
495 3405 526 3468 in
550 3407 849 3470 Anacreonteorum
880 3403 1027 3467 carminis
1051 3399 1098 3466 lv
1124 3405 1250 3468 10-19

114 3509 162 3573 ed.
189 3508 337 3573 Hanssen
362 3507 504 3592 (Lipsiae
533 3508 647 3590 1884);
668 3508 791 3589 μᾶλλον
813 3507 887 3570 nolu
916 3503 988 3583 Διός
1014 3504 1105 3587 γόνον
1128 3505 1251 3590 Βάκχον

112 3609 192 3677 εὔιον
215 3606 299 3695 ἧμιν,
323 3618 384 3678 etc.

216 3714 309 3789 Quod
332 3713 519 3798 praescribit
540 3724 662 3794 auctor,
684 3721 720 3778 ut
735 3713 956 3780 duodenarum
972 3711 1170 3799 syllabarum
1189 3712 1252 3778 sint

113 3841 221 3887 versus
244 3817 381 3898 iambici,
404 3817 502 3882 idad
525 3837 579 3883 eos
602 3824 725 3883 tantum
749 3817 1000 3901 Byzantinorum
1023 3816 1152 3899 ἰάμβους
1180 3837 1252 3903 per·

111 3927 201 4002 tinet,
225 3943 305 4006 quos
327 3918 475 4005 ἀτέχνους
491 3922 626 3987 Ioannes
640 3921 776 3986 Tastaes
797 3922 948 4005 appellat,
970 3919 1053 3985 coni.
1071 3920 1250 3986 Gustavum

113 4027 197 4091 Hart
225 4029 258 4090 in
289 4025 501 4112 supplement.
532 4025 572 4089 ad
604 4024 709 4089 annal.
739 4023 849 4109 philol.
881 4024 944 4090 vol.
971 4023 1042 4089 XII
1074 4024 1119 4101 (a.
1153 4023 1251 4106 1881)

112 4153 186 4218 pag.
210 4132 251 4195 66
273 4151 360 4215 sqq.;
384 4129 468 4193 coni.
489 4135 668 4214 praeterea,
692 4149 775 4214 quae
798 4127 839 4194 de
861 4127 922 4192 hac
953 4148 987 4192 re
1015 4125 1108 4190 affert
1131 4125 1251 4190 Struva

112 4237 145 4300 in
166 4235 247 4312 libri,
272 4233 320 4298 cui
344 4232 524 4298 inscribitur
540 4231 758 4298 'Friedemann
782 4230 848 4295 und
865 4229 1023 4311 Seebode,
1046 4228 1252 4294 Miscellanea

113 4337 230 4406 critica'
250 4337 315 4404 vol.
337 4336 372 4401 II
394 4344 477 4422 part.
500 4334 549 4400 IV
572 4356 645 4420 pag.
669 4337 731 4401 637
755 4356 826 4420 sqq.
