2954 4808
674 294 765 390 [eoa]
1246 301 1285 374 1?

140 497 347 592 quodceteri
371 496 496 568 codices
526 500 687 582 exhibent,
715 499 921 586 προέρχονται
952 500 983 565 in
1017 496 1140 565 PMBV
1169 503 1287 587 legitur

144 608 351 693 περιέρχονται
375 613 408 671 et
430 605 544 670 similia
566 604 734 690 permulta.

248 710 301 775 Ad
324 709 460 776 eundem
491 716 588 794 atque
617 706 742 771 codices
767 705 829 771 PM
859 707 1068 793 archetypum
1100 708 1285 775 referendus

145 816 282 901 denique
307 823 357 879 est
383 812 487 878 codex
510 811 550 895 Ε,
572 810 791 896 paragraphus
815 813 942 875 28-45
965 817 1088 876 tantum
1112 815 1286 892 continens,

141 920 195 1004 qui
218 918 375 982 artissime
397 915 525 1002 quidem
549 936 621 979 cum
645 907 753 979 codice
778 915 814 996 P,
842 915 949 999 paullo
973 917 1078 979 minus
1108 924 1178 982 arte
1215 938 1286 982 cum

141 1022 252 1087 codice
266 1021 301 1085 M
316 1027 471 1104 cognatus
488 1025 544 1083 est.
572 1018 624 1083 Ex
640 1017 752 1082 eodem
768 1019 942 1104 archetypo
958 1018 1126 1104 deperdito
1148 1020 1212 1103 (X)
1229 1042 1287 1106 por

142 1126 223 1190 duos
245 1124 325 1189 alios
349 1121 475 1187 codices
498 1121 587 1187 nobis
611 1144 674 1188 non
703 1131 849 1187 servatos
879 1122 979 1204 (Yet
1002 1123 1042 1207 Ζ)
1076 1125 1120 1188 ita
1149 1123 1285 1189 derivati

145 1251 216 1294 esse
232 1228 383 1293 videntur
406 1226 532 1291 codices
548 1226 650 1309 PMB,
674 1235 710 1291 ut
732 1247 750 1290 o
772 1226 883 1293 codice
899 1227 930 1291 Y
953 1228 1102 1312 descripti
1124 1228 1187 1292 sint
1210 1230 1287 1294 etP

144 1344 177 1399 ct
206 1332 243 1412 E,
275 1354 293 1396 e
323 1331 433 1397 codice
461 1331 486 1394 Z
517 1353 602 1396 uuus
636 1331 737 1397 codex
770 1331 813 1412 M,
844 1333 927 1395 sicut
957 1331 1194 1397 demonstratur
1227 1333 1288 1397 hoc

147 1443 335 1503 stemmate:

251 2282 322 2348 Iota
345 2281 525 2367 subscripta
547 2283 578 2345 in
606 2282 748 2367 plurimis
779 2282 942 2348 codicibus
972 2283 1067 2366 plane
1097 2271 1223 2366 omissa,
1255 2284 1287 2347 in

147 2387 307 2452 nonnullis
332 2386 427 2451 modo
451 2385 560 2450 addita
583 2386 680 2466 modo
705 2388 821 2451 omissa
844 2387 875 2450 iu
899 2395 1056 2471 apparatu
1079 2386 1189 2452 critico
1222 2409 1285 2452 non

146 2493 284 2557 enotavi.
328 2490 366 2554 In
391 2491 610 2555 encliticorum
633 2491 816 2555 accentibus
832 2490 1007 2555 scribendis
1024 2491 1075 2557 vel
1092 2491 1287 2573 omittendis,

143 2616 184 2659 ne
206 2601 398 2680 appar-atum
420 2594 564 2658 criticum
588 2594 680 2657 nimis
713 2614 890 2674 onerarem,
922 2595 1067 2659 codicum
1097 2598 1286 2680 scripturam

144 2700 334 2785 plerumque
364 2704 494 2760 secutus
525 2719 610 2776 sum3
641 2719 745 2782 neque
778 2697 931 2762 adnotavi
963 2706 1114 2763 accentus
1139 2699 1286 2785 -quod

147 2804 273 2888 saepius
305 2801 340 2864 lit
366 2835 400 2844 —
427 2820 541 2883 graves
573 2801 694 2884 positos
728 2820 785 2886 pro
818 2803 920 2865 acutis
952 2801 1005 2866 vel
1037 2801 1095 2866 hos
1127 2823 1185 2888 pro
1218 2802 1285 2884 illis,

145 2927 250 2992 neque
272 2907 373 2989 magis
396 2905 545 2969 minuties
570 2904 602 2968 in
633 2925 840 2969 numerorum
871 2905 1026 2989 scriptum
1057 2906 1286 2992 discrepantes,

249 3008 512 3092 Interrogationis
536 3008 690 3092 signum?
712 3009 744 3070 in
760 3016 916 3093 apparatu
940 3011 1050 3074 critico
1066 3010 1225 3094 significat
1240 3008 1282 3075 ‘ut

145 3113 287 3179 videtur'.
331 3112 392 3177 His
408 3109 559 3194 uncinis<
645 3109 660 3195 >
676 3112 832 3196 insignivi,
853 3134 935 3198 quac
952 3112 1098 3177 codicum
1116 3116 1281 3179 contextui

144 3216 321 3297 inserenda,
345 3216 393 3281 his
416 3214 428 3298 [
514 3215 538 3298 ],
562 3235 644 3299 quae
666 3214 803 3280 delenda
825 3216 902 3280 mihi
924 3216 1114 3282 videbantur
1136 3240 1217 3283 esse.

247 3318 644 3405 Pseudo-Hephaestionis
661 3320 770 3402 verba,
794 3320 868 3384 dum
885 3321 1027 3386 codicem
1044 3321 1077 3385 M
1093 3323 1282 3401 transcribit,

145 3446 209 3509 quo
241 3425 363 3488 facilius
396 3444 467 3487 cum
498 3424 569 3487 aliis
601 3422 762 3487 codicibus
795 3425 941 3490 conferre
971 3433 1097 3510 posset,
1129 3428 1160 3490 in
1191 3449 1282 3513 para-

144 3528 286 3612 graphos
317 3526 422 3591 divisit
445 3526 663 3609 Studemund3
694 3548 825 3613 quarum
855 3550 1016 3611 numeros,
1049 3537 1084 3592 ut
1114 3531 1207 3594 simul
1238 3531 1281 3595 le·

144 3633 286 3715 gentium
310 3630 476 3697 commodo
500 3632 695 3710 inservirem,
717 3634 851 3696 servavi.

248 3943 383 4009 Constat
412 3945 582 4009 maximam
613 3952 737 4029 partem
768 3947 1042 4031 paragraphorum
1073 3946 1282 4011 Pseudo-He-

143 4048 339 4133 phaestionis
376 4049 495 4112 2-45
530 4055 586 4112 aut
622 4047 663 4112 cd
698 4049 829 4113 verbum
866 4051 1087 4136 transcriptam
1123 4073 1193 4115 esse
1228 4060 1283 4116 aut

145 4153 300 4235 originem
323 4150 438 4216 ducere
462 4173 502 4214 ex
526 4153 582 4232 cis,
615 4154 669 4239 qui
692 4153 767 4217 olim
791 4152 866 4216 editi
893 4162 978 4236 sunt,
1008 4156 1214 4238 scriptoribus
1243 4156 1283 4219 dc

144 4275 178 4319 re
200 4254 332 4319 metrica
346 4253 543 4338 Byzantinis.
584 4254 700 4340 Neque
717 4257 887 4322 verisimile
903 4264 951 4322 est
966 4277 1141 4343 paucarum
1158 4258 1282 4324 illarum

145 4357 430 4446 paragraphorum,
456 4363 592 4445 quarum
614 4360 686 4426 fons
709 4381 750 4426 ex
773 4362 829 4442 eis,
859 4363 913 4448 qui
936 4363 1020 4451 typis
1050 4361 1170 4445 vulgati
1199 4372 1284 4444 sunt,

1150 4466 1186 4520 bb
