2954 4822
118 1063 297 1151 Separatae
314 1067 413 1151 igitur
432 1074 507 1130 sunt
524 1075 591 1130 tres
616 1067 771 1152 strophae
788 1075 899 1153 partes
915 1069 970 1145 ita,
995 1074 1030 1132 ut
1050 1069 1134 1131 inter
1149 1067 1255 1130 ionica

118 1176 297 1253 systemata
320 1178 492 1235 occurrant
515 1171 578 1234 duo
609 1192 724 1235 versus
756 1171 966 1236 choriambici
1000 1173 1122 1236 leviore
1153 1171 1255 1234 inter-

116 1275 290 1358 punctione
318 1274 350 1338 in
381 1275 515 1360 stropha
546 1297 565 1339 a
595 1277 713 1340 ceteris
742 1275 854 1347 divisi,
891 1278 922 1341 in
951 1276 1155 1362 antistropha
1182 1275 1255 1339 forti

117 1377 376 1464 interpunctione
388 1377 428 1441 ab
445 1378 566 1442 ultimis
582 1380 731 1444 versibus
744 1382 872 1459 secreti,
888 1382 977 1445 nulla
993 1379 1255 1465 interpunctione

118 1483 233 1547 secreti
258 1505 278 1547 a
300 1505 360 1548 sex
383 1484 554 1548 versiculis
578 1485 702 1570 primis.

203 1591 358 1655 Attamen
382 1590 440 1654 bos
464 1612 592 1676 quoque
616 1611 742 1666 versus,
766 1612 846 1675 quos
870 1591 1065 1655 choriambis
1088 1590 1255 1655 dimensus

118 1715 199 1774 sunu
222 1694 333 1758 malim
358 1715 416 1780 pro
440 1695 553 1758 ionicis
578 1695 623 1758 ita
644 1695 776 1774 habere,
801 1702 836 1758 ut
858 1690 915 1760 τὸν
931 1695 1090 1759 vocabulo
1113 1696 1144 1759 in
1170 1702 1255 1758 stro-

118 1799 192 1884 pha,
216 1796 272 1863 καὶ
296 1799 330 1862 iu
354 1798 558 1885 antistropha
574 1798 614 1863 ad
633 1819 760 1862 versum
777 1798 1030 1885 praecedentem
1046 1797 1157 1862 addito
1175 1799 1255 1861 baec

119 1900 236 1965 evadat
260 1902 397 1967 metrica
420 1902 525 1966 forma
548 1923 699 1967 versuum
724 1905 752 1967 6.
779 1906 807 1966 7.
831 1905 868 1967 8:

326 2098 731 2138 υυ..,υυ-.,υυ.-,
753 2101 860 2126 uu..
891 2102 1002 2125 νυ--

530 2170 584 2194 νυ
626 2186 654 2209 -,
678 2171 786 2198 υυῑ-Ιι

119 2238 155 2303 In
179 2240 243 2303 fine
268 2240 392 2304 ionicos
415 2261 510 2325 quarn
535 2240 741 2304 choriambos
766 2246 911 2305 statuere
937 2240 1046 2316 malui„
1070 2260 1111 2303 no
1139 2240 1256 2303 iterum

118 2342 297 2408 choriambi
322 2343 541 2410 efficerentur.

204 2445 359 2510 Clausala
381 2488 555 2514 υυυυυυ
566 2497 574 2526 ,
598 2468 683 2533 quae
707 2447 792 2513 hand
816 2469 889 2512 raro
914 2449 946 2513 in
966 2448 1029 2512 fine
1047 2447 1254 2533 stropharum

118 2549 294 2614 ionicorum
318 2549 448 2633 legitur,
475 2548 602 2614 duobus
627 2550 728 2615 modis
752 2553 909 2637 explicari
936 2557 1059 2637 potest:
1090 2558 1147 2615 aut
1172 2556 1255 2614 tam-

117 2675 215 2739 quam
247 2697 356 2733 coa,
383 2698 478 2721 o„—
510 2655 530 2720 i.
569 2676 597 2719 e.
626 2655 751 2720 ionicus
782 2655 995 2720 catalecticus
1025 2676 1097 2718 cum
1126 2653 1258 2739 dipodia

117 2757 257 2822 iambica
280 2763 460 2843 syncopato
484 2758 719 2822 catalecticave
743 2759 777 2843 (υ
793 2819 809 2826 -
823 2758 873 2842 ε);
898 2764 955 2822 aut
978 2764 1142 2843 tamqnam
1163 2758 1256 2821 colon

117 2860 344 2944 logaoedicum
361 2860 553 2926 ascendens.
592 2860 712 2925 ionicis
730 2863 833 2946 magis
850 2868 926 2947 apta
943 2869 993 2925 est
1009 2862 1065 2925 illa
1082 2862 1255 2926 sententia.

203 2963 242 3028 In
266 2966 329 3027 r.3
353 2965 508 3051 strophae
531 2958 650 3048 χρύσεα
674 2965 828 3052 σκῆπτρα
852 2986 923 3028 cum
948 2965 1106 3029 Elmslcio
1131 2964 1256 3049 scripsi,

118 3074 153 3132 ut
177 3068 321 3132 molosso
345 3066 489 3131 admisso
517 3090 631 3133 versus
660 3070 844 3133 accuratius
874 3067 1072 3153 respondeat
1101 3070 1256 3133 antistro-

117 3172 203 3258 phae
227 3173 334 3235 versui
357 3213 552 3251 ooooooo
565 3221 613 3253 a,
647 3193 744 3257 quam
777 3174 837 3236 boc
870 3172 1005 3237 metrico
1030 3171 1198 3236 schemate
1223 3171 1255 3234 in

118 3284 244 3342 textum
261 3285 393 3365 recepto
410 3337 426 3346 .
439 3338 455 3346 -
468 3296 520 3355 ω,
538 3323 558 3344 o
571 3322 591 3344 o
604 3322 654 3359 a,
671 3277 757 3363 quod
772 3277 934 3342 Dindorfii
952 3277 1089 3340 lectione
1107 3275 1257 3341 efficitur.

204 3449 493 3537 Aristophanes
527 3451 558 3514 in
583 3451 620 3515 ir.
648 3455 707 3514 116
730 3458 787 3514 aut
816 3451 893 3514 colis
922 3449 1149 3514 choriambicis
1178 3447 1254 3511 sub-

118 3554 224 3618 iunxit
246 3555 400 3634 ionicum,
424 3564 480 3618 aut
503 3554 659 3640 tripodias
680 3555 889 3640 logaoodicas
905 3555 1104 3618 acatalectas
1120 3551 1255 3615 descon-

117 3656 234 3722 dentes
258 3665 292 3722 et
314 3657 445 3744 dactylo
472 3659 505 3722 in
528 3659 633 3743 prima
664 3659 743 3724 sedo
772 3659 916 3742 insignes
945 3658 1083 3721 variavit
1112 3656 1256 3719 admixto

117 3782 183 3825 uno
207 3760 422 3848 pherecrateo
446 3783 545 3848 puro:

360 3883 397 3946 fr.
426 3885 484 3946 116
508 3881 605 3948 Dind.
624 3915 662 3936 =
682 3887 721 3946 111
746 3877 778 3948 et
801 3885 863 3947 695
888 3881 1020 3962 Kook¹)

426 3987 494 4062 Oia
516 3991 597 4075 ἐτὸς,
621 3985 648 4061 oi
671 4000 827 4082 γυναῖκες,

430 4100 513 4164 πᾶσι
539 4104 690 4165 κακοῖσιν
712 4094 800 4188 ἡμᾶς

116 4189 323 4197 ..w-...—

189 4240 210 4304 ι)
230 4236 333 4299 crass,
352 4237 476 4290 naam
496 4256 523 4307 p.
542 4238 582 4291 ss.
603 4238 661 4290 aar.
