2956 4822
665 311 753 397 [aar]
1256 313 1275 375 ο

141 504 277 568 victores
301 505 545 588 coronabantur,
568 513 678 586 preripere
702 513 764 568 τοῖν
783 505 948 590 οο’λν·μοι’ᾳ
971 504 1131 567 κάλλιστον
1152 503 1275 566 ἀέθλων

141 609 382 682 (monimentum
397 609 636 694 Olympicorum
649 612 896 695 pulcherrimum
909 611 1131 673 certaminuml
1146 609 1276 672 diceret.

141 710 265 775 Deinde
290 714 320 775 in
343 714 443 777 altero
474 723 662 799 systemate,
694 715 747 777 ubi
780 713 950 777 Herculem
983 714 1022 775 ab
1059 712 1276 797 Hyperboreis

49 877 56 892 ,
142 814 322 900 Olympiam
337 818 438 881 olivae
451 820 595 881 arborem
609 819 754 882 attulisse
766 819 925 881 Pindarus
938 825 1054 895 narrat,
1067 818 1097 880 in
1110 838 1137 881 r.
1155 818 1276 879 ir--ls

140 917 289 982 adniterer
311 919 404 996 ἄλοος
428 920 512 983 dedit
537 943 594 1006 pro
620 922 784 1006 Olympia,
811 923 928 1005 qnippe
951 942 1051 1005 prope
1075 942 1168 1004 quarn
1193 930 1277 984 osset

140 1023 230 1085 lucus
265 1023 346 1087 lovis
378 1027 492 1108 patris3
524 1048 581 1088 nec
613 1027 715 1089 minus
746 1046 827 1109 qaae
859 1026 1007 1107 leguntur
1041 1027 1070 1085 in
1103 1045 1131 1088 v.
1155 1027 1195 1087 22
1228 1027 1277 1086 ἐπὶ

139 1135 280 1209 κρημνοῖς
305 1132 436 1212 ’.λλφνονῖ
459 1129 498 1192 ad
524 1130 706 1216 Olympiam
731 1129 970 1212 significandam
1003 1130 1193 1208 inserviunt,
1223 1128 1278 1190 ubi

141 1229 297 1295 Hercules
329 1233 367 1294 ad
400 1233 509 1297 lovem
540 1243 664 1318 patrem
696 1232 915 1296 honorandum
946 1233 1194 1317 quinquennalia
1224 1232 1277 1294 illa

141 1336 312 1398 certamina
335 1337 478 1399 instituit.
517 1338 625 1421 Atque
642 1338 672 1399 in
689 1340 833 1421 proximo
851 1357 979 1420 quoqne
998 1358 1090 1398 versa
1109 1336 1278 1419 Olympiae

141 1459 256 1502 nomeu
281 1462 337 1524 per
365 1441 516 1524 arnbages
546 1442 703 1504 redditum
736 1452 800 1521 est,
831 1462 901 1503 cum
933 1444 966 1503 ἐν
994 1442 1120 1520 pannea
1148 1440 1278 1518 Κρονίου

143 1541 282 1619 Ηὲλοοος
305 1544 386 1607 idem
416 1547 456 1608 sit
485 1558 582 1631 atque
613 1546 776 1633 'Olearia
823 1545 952 1628 Pelopis
984 1546 1066 1607 enirn
1093 1542 1275 1629 Olympiam

143 1647 208 1709 sire
253 1648 360 1711 l'isam
411 1649 450 1711 ad
497 1649 744 1734 Hippodamiam
795 1650 947 1713 Oenomai
1001 1650 1096 1711 liliam
1144 1669 1277 1711 uxorem

142 1751 202 1814 sibi
233 1753 479 1836 comparandam
514 1753 649 1838 profecti
681 1753 832 1816 memoria
863 1754 1074 1816 recreabatur
1104 1752 1279 1815 simulacris

140 1855 200 1917 illis
225 1856 380 1919 Oenomai
405 1866 436 1918 et
461 1857 587 1937 Pelopis
619 1856 657 1918 ad
690 1878 843 1941 equorum
876 1878 1001 1920 cursum
1033 1865 1217 1940 paratorum
1246 1857 1277 1918 in

141 1959 267 2042 fastigio
292 1961 398 2044 templi
416 1960 502 2023 Iovis
519 1960 676 2045 Olympici
699 1962 739 2024 ad
755 1962 909 2024 orientem
924 1966 1089 2044 spectante
1107 1959 1279 2035 collocatis,

102 2143 106 2155 l
144 2085 266 2147 quaec
290 2063 433 2127 Paeonio
459 2064 635 2144 blandensi,
660 2066 684 2126 si
710 2063 838 2147 quidem
862 2064 1040 2126 Pausaniae
1063 2063 1156 2125 tidem
1179 2062 1279 2126 triba·

142 2167 235 2248 imus,
260 2189 277 2230 e
298 2189 454 2231 marmore
470 2167 554 2230 facta
571 2177 671 2231 erant.
708 2165 821 2252 Itaque
838 2166 869 2230 in
887 2168 979 2230 tertio
998 2187 1125 2251 quoqne
1142 2166 1279 2231 carmine

142 2291 211 2334 ar.
237 2274 255 2333 9
280 2292 379 2355 usque
404 2270 443 2334 nd
469 2292 496 2334 v.
521 2274 562 2334 23
586 2272 743 2334 Pindarus
767 2271 950 2356 Olympiam
981 2274 1120 2356 quinque
1149 2291 1278 2353 prorsus

142 2375 224 2438 inter
248 2397 281 2437 se
307 2374 439 2438 diversis
468 2374 736 2459 appellationibus
759 2374 936 2457 insignivit,
960 2373 1045 2458 quod
1070 2394 1126 2437 cnr
1153 2376 1280 2456 laceret,

143 2478 195 2539 vix
212 2477 361 2556 habebat,
379 2479 436 2539 nisi
457 2478 584 2542 easdem
603 2498 695 2541 voces
711 2478 742 2541 in
760 2498 823 2540 uno
840 2486 1015 2562 systemate
1029 2477 1079 2542 rel
1090 2477 1122 2541 in
1136 2478 1280 2542 versibus

140 2581 250 2645 vicinis
274 2589 418 2665 repetere
441 2582 554 2645 noluit.

243 2685 294 2749 Ad
320 2685 400 2749 haec
425 2686 568 2769 pluribus
600 2685 787 2749 illustranda
818 2686 894 2748 satis
926 2686 1002 2766 erit,
1036 2687 1060 2750 si
1094 2706 1136 2748 ex
1169 2686 1280 2750 ceteris

141 2790 333 2854 carminibus
357 2790 531 2874 Olympicis
562 2791 647 2874 ipsos
678 2789 938 2874 descripserimus
972 2791 1074 2869 locos,
1106 2791 1135 2853 in
1167 2789 1281 2874 quibus

142 2893 363 2979 Olympiorum
396 2893 536 2977 regionis
571 2896 688 2957 mentio
723 2894 767 2958 fit.
823 2893 977 2976 Legimus
1013 2894 1095 2956 enim
1135 2893 1281 2957 carminis

140 2999 240 3083 quinti
265 2999 294 3061 in
315 3020 343 3060 v.
364 3001 444 3059 l-‘2
469 2995 630 3080 στεφάνων
648 2995 751 3059 ἄουτον
772 2995 883 3078 γλυκόν
905 3002 966 3059 τοῖν
989 2997 1156 3084 Οὐλυμπίᾳ
1179 2997 1283 3078 (coro-

143 3125 253 3168 narum
278 3101 401 3165 dulcem
425 3103 537 3165 florem
563 3101 825 3187 Olympicarum),
849 3103 879 3163 in
906 3125 935 3164 v.
953 3102 972 3161 a
993 3101 1067 3163 ἵκων
1083 3099 1283 3181 λὈὶνομοίοο

140 3212 188 3271 καὶ
216 3207 354 3281 Πέλοπος
379 3204 450 3282 παρ’
474 3203 633 3286 rrippa'rnn·
655 3207 810 3283 eradenda
834 3203 976 3286 (rediens
999 3214 1108 3268 autem
1125 3205 1283 3270 Oenomai

141 3317 172 3376 et
201 3310 331 3394 Pelopis
363 3309 405 3371 ab
435 3308 624 3372 amabilibus
654 3306 819 3390 sedibus),
851 3309 881 3371 in
914 3327 940 3371 v.
967 3310 1005 3371 17
1033 3308 1166 3389 Κρόνιον
1194 3310 1284 3371 ναίων

142 3414 255 3498 λόφον,
288 3435 350 3497 qua
382 3421 544 3498 postrema
575 3413 737 3476 locutione
760 3412 928 3496 Olympiae
952 3433 1067 3476 nomen
1093 3412 1207 3475 variari
1235 3412 1285 3475 vel

142 3541 182 3582 ex
199 3541 237 3583 eo
255 3525 399 3603 apparet,
416 3517 502 3602 quod
519 3519 616 3582 etiam
633 3517 679 3597 iis,
697 3538 777 3602 quae
798 3523 984 3600 sequuntur,
997 3522 1093 3595 τιμῶν
1106 3513 1131 3579 τ’
1149 3514 1285 3599 Ἀλφεόν

142 3620 214 3702 aripti
239 3620 348 3703 ῥέοντα
381 3619 488 3682 'ld'nldr
511 3646 542 3682 τε
567 3619 679 3699 σεμνόν
709 3619 818 3700 ἄντρον
850 3620 927 3682 liaeo
957 3620 1164 3682 certaminum
1194 3621 1284 3700 regio

142 3727 347 3810 significatur.
401 3724 501 3787 Simili
537 3723 632 3787 modo
665 3725 695 3787 in
730 3725 868 3786 carmine
901 3734 1014 3787 octavo
1045 3746 1102 3809 per
1132 3723 1282 3806 ambages

144 3830 301 3894 redditum
326 3835 374 3890 est
398 3827 567 3912 Olympiae
591 3848 724 3903 nomen,
756 3828 809 3890 ubi
834 3835 937 3889 exstat
961 3828 991 3890 in
1017 3849 1047 3891 v.
1073 3832 1086 3890 l
1116 3828 1282 3907 Ὀλυμπία,

143 3937 216 3999 ν.9
251 3933 347 4007 Πίσας
376 3928 533 4011 νῦδννδοον
563 3931 609 3993 s'n'
641 3931 772 4017 Ἀλφεῷ
800 3929 908 4006 ἄλσος,
939 3951 967 3994 v,
1001 3934 1037 3994 17
1069 3929 1131 4010 adp
1163 3929 1286 4014 Κρόνου

142 4033 241 4123 λόφον,
267 4057 370 4120 neque
394 4035 497 4097 minus
524 4036 628 4097 variae
652 4035 950 4098 circumlocutiones
973 4034 1079 4098 insunt
1095 4036 1125 4098 in
1145 4038 1283 4099 carmine

143 4161 239 4204 nono.
287 4138 384 4201 Cuius
409 4139 491 4201 odae
513 4140 543 4201 in
568 4158 597 4202 r.
622 4140 641 4200 2
666 4139 781 4221 legitur
805 4138 972 4225 Ὀλυμπίᾳ,
995 4139 1024 4201 in
1052 4161 1080 4201 v.
1105 4140 1124 4200 3
1151 4138 1285 4218 Κρόνιον

144 4244 215 4323 παρ’
238 4240 352 4324 ὄχθον,
375 4242 406 4303 in
426 4245 491 4306 ml
517 4240 701 4323 ἀκρωτήριον
720 4240 858 4317 ’'Alrdog,
881 4242 913 4305 in
930 4262 959 4305 ν.
980 4246 1016 4306 18
1041 4239 1122 4322 παρὰ
1149 4235 1288 4328 'Almana

145 4345 285 4428 ῥέεθρον.
324 4346 407 4410 Nam
431 4355 516 4410 certe
540 4354 646 4430 poeta,
669 4366 741 4409 cum
756 4346 787 4408 in
806 4364 833 4408 r.
850 4349 868 4409 6
887 4347 1025 4410 animum
1043 4367 1136 4411 suum
1154 4346 1286 4413 affatur:
