3030 4816
673 303 764 387 [aas]
1242 301 1282 366 ar

154 500 242 564 leves
275 506 364 564 erant
395 503 427 562 et
457 498 553 579 tales,
590 499 698 583 quales
732 498 913 561 etiamnunc
946 498 1028 561 inter
1062 495 1288 560 versificatores

155 608 332 689 poetasque
355 603 515 669 scaenicos
543 603 676 668 excitari
705 603 827 683 solent,
857 602 889 665 in
916 601 1030 686 quibus
1059 622 1124 664 non
1152 606 1218 664 tam
1248 597 1288 664 de

153 709 235 772 serio
260 707 433 772 certamine
456 729 551 794 quam
575 706 614 770 de
638 706 843 772 detrectando
866 704 1048 771 adversario
1072 706 1189 789 agitur.

256 828 339 893 Nam
362 828 388 893 si
410 829 600 914 quaerimus,
623 849 700 893 num
720 826 795 913 quid
813 827 846 891 in
866 827 943 890 artis
958 825 1134 891 rationibus
1151 826 1201 905 sit,
1223 845 1285 909 quo

154 932 301 998 differant
333 954 352 997 a
381 932 530 998 Terentio
564 932 737 996 adversarii
772 952 948 1017 eorumque
982 930 1113 1014 signifer
1142 930 1287 1011 Luscius,

153 1058 251 1101 unum
276 1037 408 1101 offertur
430 1037 514 1122 quod
542 1037 712 1102 noluerunt
743 1035 956 1100 ‘contaminari
985 1031 1118 1100 sabulas'
1147 1032 1288 1097 laudem·

153 1161 213 1225 que
236 1161 313 1206 sane
335 1140 463 1206 inanem
488 1141 715 1226 quaesiverunt
738 1160 779 1204 ex
795 1138 902 1203 fabula
924 1138 1013 1203 ‘bene
1027 1136 1199 1219 vertenda',
1223 1157 1287 1221 qua

153 1243 284 1309 verbum
308 1243 347 1307 de
371 1245 468 1308 verbo
494 1243 749 1327 exprimeretur.¹

257 1364 364 1449 Atque
399 1365 430 1428 in
467 1384 504 1428 ea
533 1384 567 1429 re
605 1363 691 1449 quod
723 1365 927 1448 antiquorum
962 1365 1145 1448 exemplum
1175 1361 1288 1427 Naevii

65 1520 67 1522 -
153 1469 260 1533 Plauti
290 1467 384 1532 Ennii
416 1468 643 1545 deseruerunt,
675 1468 802 1533 eosdem
835 1469 975 1554 pressius
1004 1469 1106 1532 secuti
1138 1467 1287 1532 videntur

154 1593 248 1656 quam
278 1571 444 1637 Terentius
476 1581 509 1637 et
538 1571 711 1653 Caecilius,
743 1594 816 1637 cum
846 1573 1162 1638 motoriasmatlent
1193 1593 1287 1656 quam

151 1677 297 1741 statariae
320 1678 502 1741 comoedias
524 1677 644 1755 facere,
668 1676 754 1762 quod
777 1679 822 1742 eis
845 1677 923 1742 vitio
947 1679 1043 1742 vertit
1065 1678 1233 1741 Terentius
1256 1677 1286 1740 in

152 1781 259 1846 Heau.
282 1781 360 1866 prol.
385 1802 414 1845 v.
438 1784 477 1846 35
501 1802 565 1867 sq.:

278 1963 393 2028 Adeste
414 1984 511 2048 aequo
535 1965 650 2043 auimo,
673 1963 745 2027 date
765 1969 953 2046 potestatem·
970 1964 1048 2028 mitt

282 2067 462 2132 Statariam
486 2088 579 2152 affere
601 2074 636 2131 at
658 2069 750 2131 liceat
768 2088 829 2151 per
850 2069 1018 2149 silenti-um,

192 2203 193 2206 ¹
279 2169 328 2235 Ne
349 2192 470 2255 seraper
493 2191 601 2235 seruos
625 2192 763 2251 currens,
788 2173 894 2236 iratas
916 2193 1018 2253 senaa,

282 2273 379 2338 Edax
397 2277 575 2358 parasitus,
598 2275 794 2360 sycophanta
817 2283 919 2340 actem
942 2278 1109 2361 inputans,

279 2380 412 2442 Assorus
434 2381 502 2443 leno
526 2379 658 2444 adsidue
681 2381 798 2464 offendi
818 2383 883 2444 sint
905 2381 982 2444 eatae·

281 2481 423 2546 Olamme
445 2502 574 2563 samaro,
599 2503 667 2545 cam
689 2481 796 2548 labore
818 2504 977 2549 mamasac.

254 2665 410 2730 Incertior
432 2685 482 2728 res
506 2671 554 2729 est
576 2665 615 2729 de
639 2667 790 2730 orationis
814 2666 1002 2732 discrimine.
1040 2667 1183 2731 Invicem
1202 2669 1285 2732 enim

151 2770 293 2836 obiciunt
316 2769 505 2834 adversariis
528 2768 698 2834 Terentius
722 2792 778 2834 eoa
808 2768 897 2836 ‘bene
922 2769 1077 2836 uortendo
1101 2778 1133 2835 et
1156 2772 1285 2836 easdem

149 2874 317 2939 scribendo
345 2875 428 2937 mate
459 2894 499 2936 ex
524 2873 653 2938 Graecis
681 2874 772 2938 bonis
797 2873 927 2938 Latinas
958 2875 1062 2940 facere
1091 2896 1155 2939 non
1177 2875 1285 2940 bonas'

149 2979 244 3058 (Eun.
269 2978 348 3062 prot.
373 2998 402 3041 v.
427 2976 549 3061 isa),
573 2976 616 3040 illi
639 2976 790 3042 Terentio
815 2978 947 3044 Phorm.
971 2979 1050 3063 prol.
1075 3001 1106 3044 v.
1128 2986 1164 3045 4:
1199 2980 1284 3065 ‘quas

147 3080 522 3164 antehacfecitfabulas,
547 3082 663 3145 tenui
686 3102 776 3146 esse
799 3081 993 3148 oratioue
1014 3089 1053 3148 et
1073 3083 1285 3167 scriptura

148 3182 252 3251 leui’.
308 3185 358 3248 Ex
393 3186 506 3271 quibus
541 3187 690 3250 conviciis
726 3187 869 3271 quamvis
904 3188 935 3250 in
972 3189 1156 3252 universum
1193 3187 1284 3252 dictis

151 3288 182 3353 id
206 3311 282 3354 sane
306 3289 391 3355 effici
413 3297 531 3375 potest,
556 3296 696 3356 veterem
719 3297 846 3376 poetam
870 3299 1013 3356 veterum
1036 3292 1159 3357 dicendi
1182 3314 1284 3378 genus

148 3399 292 3457 secutum
315 3392 346 3456 id
374 3394 477 3479 ipsum
506 3416 589 3459 novo
619 3402 735 3478 poetae
765 3396 841 3459 vitio
874 3397 966 3477 dare,
999 3397 1083 3482 quod
1113 3399 1138 3461 is
1169 3399 1283 3462 meritc

149 3497 208 3561 sibi
254 3498 341 3561 laudi
386 3498 496 3581 duxit,
541 3521 652 3585 puram
699 3498 768 3564 dico
815 3501 993 3565 orationem
1036 3500 1158 3585 (Hecu.
1204 3502 1283 3588 prol.

147 3623 178 3665 v.
198 3600 253 3682 46)
277 3602 297 3664 i.
321 3624 348 3667 e.
372 3602 525 3666 urbanam
548 3614 740 3689 tersumque,
764 3625 826 3689 qua
848 3604 1018 3669 Terentius
1042 3606 1083 3669 ad
1106 3627 1285 3670 sermonem

147 3704 300 3769 Latinum
321 3706 564 3790 perpoliendum
587 3707 759 3791 plurimum
781 3708 924 3794 profecto
949 3707 1093 3771 contulit.
1138 3704 1190 3769 De
1221 3727 1284 3790 qua

147 3828 181 3872 re
211 3808 301 3873 iuvat
332 3810 513 3875 notissimos
548 3812 638 3876 testis
674 3812 842 3896 locupletis
876 3833 986 3876 versus
1022 3810 1057 3891 C.
1090 3809 1234 3875 Caesaris
1265 3833 1284 3875 a

148 3912 302 3978 Suetonio
338 3914 451 3978 citatos
485 3915 685 3980 adscribere:
722 3917 776 3980 ubi
809 3926 841 3981 et
879 3917 955 3999 ‘puri
979 3912 1141 3980 sermonis'
1172 3914 1282 3979 laudes

146 4014 372 4081 Terentianum
410 4018 486 4082 illud
525 4016 565 4082 de
602 4041 637 4084 se
674 4019 743 4103 ipso
780 4021 986 4105 praeconium
1025 4019 1213 4085 confirmant
1252 4025 1284 4083 et

153 4119 238 4184 levia
271 4119 395 4205 scripta'
435 4123 468 4186 vi
501 4123 620 4187 comica
658 4125 798 4188 carentia
836 4145 907 4188 cum
944 4125 1038 4190 ‘tenui
1074 4124 1218 4191 oratione
1252 4131 1284 4198 et

255 4367 262 4402 ¹
283 4363 317 4420 61,
337 4382 417 4434 supra
439 4384 463 4434 p.
487 4366 522 4421 16.
