2956 4822
668 305 757 392 [147]
1059 399 1066 416 .
1241 308 1279 370 51

144 509 175 565 et
211 502 407 568 Ptolomaeis
437 523 493 586 per
523 501 622 580 longa
652 499 877 565 dominationis
906 498 1035 563 saecula
1075 500 1283 584 conditarum,

144 614 253 681 tamen
277 607 337 670 hac
353 627 480 693 queque
493 608 525 670 in
543 628 577 670 re
591 606 773 689 Antigonus
789 604 935 668 consulto
945 603 1124 668 Alexandri
1149 608 1284 691 uestigia

144 710 268 794 pressit.

248 814 434 879 Alexander
464 814 547 879 enirn
578 820 614 877 ut
637 811 746 876 Asiam
779 811 978 894 superiorem
1007 809 1131 895 oppidis
1154 814 1285 878 munitis

145 919 315 982 obseuerat
339 925 371 982 et
394 923 590 996 coercuerat,
616 916 660 978 ita
684 913 780 979 etiarn
808 914 953 978 ciuitates
976 912 1116 979 Graecas
1147 916 1178 978 in
1208 915 1287 980 Asia

144 1023 267 1085 minore
283 1022 421 1086 condere
438 1026 589 1105 coeperat
605 1039 686 1104 quac
700 1018 760 1102 ipsi
776 1018 880 1083 omnia
897 1016 1062 1100 deberent,
1079 1019 1177 1103 ipsius
1194 1020 1286 1084 nutui

145 1134 305 1209 parerent,
330 1127 429 1210 ipsius
454 1147 503 1189 res
527 1125 683 1188 fulcirent.
731 1122 804 1186 Hoc
831 1130 918 1187 certe
948 1122 1115 1187 consilium
1146 1130 1286 1189 sectatus

145 1229 311 1294 iliensium
342 1250 395 1296 res
418 1250 515 1316 quarn
538 1229 676 1293 maxime
701 1248 821 1310 augere
844 1225 991 1307 instituit,
1015 1227 1087 1291 uico
1111 1228 1166 1313 qui
1189 1234 1286 1295 antea

145 1334 258 1410 iuerat,
282 1334 421 1399 ciuitatis
438 1334 559 1398 liberae
583 1353 621 1396 ac
642 1330 826 1395 foederatae
850 1331 917 1393 iura
932 1329 1052 1395 donato
1076 1336 1109 1395 et
1125 1335 1286 1398 communi

146 1439 279 1503 concilio
297 1438 473 1503 ciuitatium
489 1436 625 1501 Troadis
642 1457 714 1500 curn
733 1434 890 1519 panegyri
906 1433 1072 1500 Mineruae
1087 1435 1196 1501 Iliadis
1213 1458 1286 1502 con-

146 1543 289 1607 stituto¹.
336 1543 443 1628 Atque
467 1542 559 1605 huius
583 1540 704 1604 concilii
733 1538 976 1623 ciuitatiumque
1005 1539 1172 1624 priuilegia
1195 1538 1286 1606 Anti·

147 1666 249 1729 genus
272 1652 385 1731 postea
409 1645 614 1709 confirmasse
629 1643 756 1707 uidetur
765 1641 787 1707 ².
821 1640 981 1706 Absoluta
996 1648 1103 1708 autem
1123 1663 1174 1710 ras
1189 1665 1285 1730 quarn

149 1748 332 1814 Alexander
354 1749 573 1826 incohauerat,
596 1768 614 1810 a
633 1746 827 1831 Lysimacho
852 1753 909 1827 est,
934 1747 986 1830 qui
1002 1747 1148 1813 ciuitates
1164 1749 1286 1813 uicinas

146 1855 344 1939 synoecisuro
368 1873 439 1916 cum
463 1852 633 1916 Iliensibus
657 1851 832 1915 coniunxit.
878 1848 1087 1934 Lysimachus
1110 1853 1193 1916 enim
1216 1852 1285 1938 ipso

148 1956 243 2021 ualde
258 1955 334 2020 huic
350 1976 454 2018 rerum
471 1955 687 2038 gerendarum
703 1953 786 2039 parti
801 1950 951 2016 studebat
960 1952 982 2033 ³,
1006 1951 1060 2037 qui
1076 1973 1139 2037 qua
1163 1959 1286 2019 ratione

147 2063 177 2124 in
202 2063 260 2124 bac
291 2082 326 2123 ro
350 2079 426 2122 usus
458 2068 515 2138 est,
541 2080 579 2124 aa
602 2058 697 2122 etiam
721 2066 866 2120 nostrum
896 2055 1025 2120 titulum
1057 2055 1175 2142 aliqriid
1206 2057 1287 2123 lucis

148 2167 294 2249 accipere
308 2164 431 2247 opinor,
445 2184 515 2226 cum
529 2185 570 2227 ex
581 2163 641 2226 hac
653 2164 722 2246 ipsa
734 2161 853 2225 diserte
864 2166 1029 2245 appareat,
1040 2181 1104 2246 quo
1115 2164 1287 2248 praecipue

149 2270 280 2334 consilio
305 2269 410 2332 onmia
436 2268 515 2331 haec
537 2288 649 2350 regum
672 2265 778 2330 studia
800 2273 949 2349 suscepta
971 2263 1049 2329 sint:
1080 2266 1227 2331 nimirum
1252 2274 1288 2330 ut

149 2374 240 2437 terris
263 2373 330 2437 suis
347 2372 493 2435 ciuitates
515 2372 585 2434 illas
602 2378 764 2455 tamquam
781 2369 941 2454 praesidia
964 2371 1054 2433 firma
1078 2370 1286 2455 imponerent.

251 2476 378 2540 Etenim
394 2476 603 2560 Lysimachus
619 2496 691 2538 cum
708 2495 765 2539 cra
777 2473 874 2537 Asiae
887 2472 1051 2557 potiretur,
1066 2475 1286 2560 synoaeismos

148 2578 189 2643 ab
214 2579 377 2662 Antigono
409 2577 570 2642 institutos
593 2578 707 2662 partim
731 2576 880 2656 sustulit,·
900 2575 968 2639 aliis
991 2575 1023 2638 in
1048 2596 1158 2641 eorum
1181 2578 1285 2644 locum

149 2682 350 2764 substitutis,
388 2683 502 2767 partim
541 2681 585 2744 ita
621 2681 802 2766 ampliauit,
840 2690 876 2744 ut
913 2679 1055 2744 funditus
1087 2688 1285 2765 permutatas

150 2786 295 2849 ciuitates
325 2784 539 2850 aconditcris
574 2785 715 2868 partibus
745 2784 785 2847 ad
815 2803 888 2847 suas
912 2781 1145 2850 transduceret.
1192 2786 1286 2860 Quod

150 2911 211 2953 nou
246 2889 391 2965 fecisset,
420 2890 480 2954 nisi
504 2890 655 2972 Antigoni
687 2888 911 2954 auctoritatem
942 2888 1003 2952 hoc
1032 2887 1127 2954 mode
1158 2889 1287 2976 infringi

150 3016 245 3078 posse
278 3001 451 3078 sperasset.
497 2993 534 3057 in
565 2994 691 3058 illarum
723 3014 855 3059 numero
887 2999 956 3058 crat
977 2991 1083 3075 Teos,
1117 2993 1149 3057 in
1172 2992 1287 3058 harum

152 3101 296 3180 Smyrna,
319 3097 665 3178 Alexandria-Troas,
688 3098 1024 3181 Antigonia-Nicaea.
1070 3097 1168 3163 Nulla
1190 3099 1288 3183 igitur

151 3199 228 3262 urbe
258 3199 298 3263 ab
322 3201 486 3285 Antigono
521 3202 650 3267 condita
679 3224 788 3267 earum
818 3223 900 3287 quas
923 3202 954 3264 in
978 3208 1173 3286 potestatem
1197 3222 1288 3266 suam

149 3310 383 3387 peruenerunt,
407 3306 617 3390 Lysimachus
651 3306 817 3371 abstinuit.
862 3305 995 3371 Praeter
1019 3306 1076 3369 has
1099 3326 1179 3391 quas
1202 3296 1287 3371 born·

255 3497 262 3531 ¹
284 3496 395 3548 Boeckh
429 3498 456 3548 in
486 3498 611 3548 lemmata
630 3496 690 3548 clu
716 3494 785 3548 3595
810 3493 849 3557 (ll
875 3511 900 3561 p.
924 3494 995 3557 878).
1032 3494 1073 3549 cf.
1094 3495 1196 3565 'Strabo
1219 3497 1289 3552 xm

150 3582 201 3635 598
219 3591 245 3634 et
271 3584 366 3635 titulus
393 3583 496 3634 Iliacus
517 3583 637 3634 Dittcnb.
657 3583 725 3648 Syll.
746 3579 796 3634 1⁸25
821 3598 881 3632 curn
904 3582 1038 3646 Droyaani
1064 3581 1289 3639 adnotationibus

150 3668 193 3721 111
212 3668 238 3727 2.
256 3668 309 3722 386
320 3685 362 3737 aq.
393 3669 454 3722 ela
472 3668 549 3723 3597.
559 3667 737 3722 3601-31304.
753 3683 776 3718 v.
790 3667 872 3718 etiarn
889 3667 997 3718 Arrian.
1015 3668 1105 3720 Anah.
1123 3669 1137 3722 I
1159 3671 1198 3735 ll,
1213 3669 1238 3723 l.
1258 3699 1288 3708 -

152 3753 252 3806 Errare
278 3759 369 3807 autem
398 3756 460 3807 milri
487 3754 596 3808 uidetur
622 3755 866 3819 Dittonbergerus,
893 3754 938 3819 qui
966 3753 1038 3804 bano
1057 3770 1112 3805 rem
1134 3756 1162 3807 in
1182 3756 1290 3809 dubita·

151 3841 251 3892 tionem
266 3856 367 3893 uocare
387 3848 503 3893 conatus
523 3850 563 3892 est
577 3848 674 3892 contra
687 3838 932 3892 luculentissimum
947 3839 1090 3892 Strabonis
1106 3843 1289 3896 testimonium

153 3927 191 3982 tin
212 3927 394 3980 adnotatione
413 3927 447 3978 ad
468 3928 534 3994 Syll.
555 3929 640 3980 Inscr.
661 3927 707 3980 Gr.
726 3925 779 3989 81).
815 3926 883 3978 Nam
912 3941 981 3992 quos
1005 3927 1053 3978 illa
1077 3928 1170 3980 attulit
1195 3932 1290 3983 Xeno·

152 4015 262 4080 phontis
293 4015 383 4068 locum
416 4014 500 4078 (Heli.
519 4016 561 4068 III
582 4017 604 4079 1,
620 4014 662 4073 16)
688 4022 714 4066 et
742 4015 849 4066 titulum
875 4015 989 4066 Iliacum
1017 4014 1097 4081 (Syll.
1115 4012 1178 4082 81),
1197 4032 1232 4068 ex
1250 4019 1290 4070 ais

151 4106 308 4166 comparato
328 4100 471 4153 Strabonis
499 4102 559 4152 loeo
579 4101 673 4161 citato,
699 4099 857 4151 uindicasse
882 4099 934 4151 sibi
953 4099 1067 4153 Ilienses
1090 4100 1211 4153 ciuitatis
1228 4104 1290 4156 iura

152 4187 234 4238 etiarn
255 4188 343 4239 madio
362 4188 402 4240 IV
422 4188 479 4241 lare
499 4189 728 4254 saecularisque
748 4190 837 4238 tamen
857 4186 1010 4238 obtinuisse
1029 4187 1169 4253 colligam.

253 4273 324 4327 ’CA
343 4275 463 4327 sinadam
484 4275 555 4326 tituli
576 4274 709 4338 (Dittenb.
730 4273 804 4339 Syll..
822 4273 878 4338 mo)
899 4289 922 4324 v.
941 4273 966 4325 9.
985 4273 1027 4327 211.

255 4359 265 4394 ⁸
284 4358 324 4411 Cf.
339 4359 427 4426 liuha,
448 4358 612 4426 Enstahung
632 4358 657 4411 d.
677 4358 717 4412 St.
735 4377 761 4429 p.
780 4358 928 4415 8311-889.
