2954 4822
549 321 590 332 -
635 282 722 372 [rra]
775 321 814 331 -
1209 289 1249 351 rr

111 495 285 562 perperam
316 474 460 561 explicat
495 495 558 561 quo
586 475 803 540 Anacreontis
836 475 876 540 fr.
907 477 964 552 30,
1001 474 1042 539 do
1071 497 1135 562 quo
1165 500 1249 563 quae

113 580 247 666 supra¹)
271 579 349 660 dixi,
373 579 489 644 eadem
513 578 554 644 ad
577 579 660 646 haec
682 581 869 665 fragmenta
890 579 1063 666 quadrant.

446 751 598 838 Denique
622 752 791 819 Euronrnrs
813 753 852 817 fr.
876 756 917 818 37

216 857 329 950 ἄνδρες
350 859 485 949 ἑταῖροι,
510 864 604 949 δεῦρο
627 859 668 954 δὴ
692 859 751 954 τὴν
773 859 901 952 γνώμην
924 862 1129 951 προσίσχετε,

195 964 245 1042 ,εἰ
267 962 405 1034 δυνατὸν
426 966 483 1033 καὶ
506 963 554 1058 μή
575 993 608 1033 τι
630 968 743 1054 μεῖζον
765 964 958 1054 πράττουσα
979 964 1137 1055 τυγχάνει.

214 1097 541 1132 ............
554 1104 600 1133 -..,
619 1098 639 1120 υ
652 1113 669 1120 -
681 1099 701 1120 υ
715 1098 747 1130 υ,

111 1267 170 1332 pes
201 1245 317 1310 tertius
341 1245 509 1331 utriusque
539 1266 654 1310 versus
685 1244 789 1308 forma
818 1265 978 1330 nusquam
1007 1247 1094 1334 apud
1123 1254 1250 1313 ceteros

110 1355 225 1436 poetas
252 1349 373 1413 usitata
399 1392 494 1413 ---
522 1348 659 1433 insignis
688 1354 749 1414 ast.
794 1346 890 1422 Quod
920 1371 999 1416 vero
1022 1350 1250 1438 Hephaestion

111 1459 156 1522 ait
182 1480 213 1544 p.
235 1459 287 1538 59,
312 1455 372 1520 hoc
394 1461 533 1520 metrum
556 1455 771 1541 compositum
795 1476 870 1520 esse
896 1451 933 1519 ἐκ
953 1457 1171 1541 χοριαμβικοῡ
1193 1455 1248 1522 καὶ

110 1563 287 1647 τροχαὶνοῦ
301 1557 619 1650 πολυσχημᾶτιστον,
645 1583 709 1626 non
724 1563 830 1646 magis
847 1562 1050 1649 probandum
1068 1571 1129 1645 est,
1153 1587 1249 1650 quarn

110 1667 190 1732 illud
219 1667 305 1753 qnod
329 1667 370 1732 de
392 1668 610 1733 Anacreontis
632 1667 671 1732 fr.
696 1670 736 1731 30
759 1667 910 1754 protulit:
943 1688 1007 1731 non
1031 1668 1118 1732 enim
1148 1661 1250 1734 ἄτακ-

110 1766 272 1853 τοτότως,
295 1780 331 1838 ut
353 1775 416 1855 ait,
440 1774 501 1838 hoc
524 1779 664 1838 metrum
692 1773 733 1837 ab
757 1772 919 1860 Eupolide
944 1775 1160 1859 compositum
1189 1781 1249 1852 est,

112 1876 170 1940 sed
193 1877 268 1961 lege
292 1883 382 1941 certa
397 1883 496 1962 atque
516 1876 613 1940 simili
631 1874 727 1940 modo
744 1897 809 1940 non
826 1897 899 1940 raro
919 1877 1060 1962 apostis
1081 1885 1250 1964 usurpata.

111 1980 438 2046 Commemorandum
461 1981 602 2066 denique
625 1987 687 2060 est,
711 1987 812 2044 totarn
835 1979 1010 2066 parabasin
1029 1982 1101 2045 eius
1118 1981 1249 2046 fabulae

111 2083 331 2171 Eupolidem,
362 2106 380 2148 e
408 2104 472 2170 qna
494 2083 576 2149 hace
596 2082 782 2168 fragmenta
804 2084 909 2169 petita
932 2089 1021 2163 sunt,
1050 2084 1111 2148 hoe
1136 2094 1250 2165 metro,

110 2188 197 2274 quod
224 2183 262 2254 τὸ
286 2184 480 2273 Κρατίνειον
501 2182 539 2252 τὸ
563 2179 783 2273 ἇσυνάρτητον
805 2187 1033 2273 Hephaestion
1059 2189 1133 2253 loco
1158 2188 1250 2275 illol)

110 2298 216 2373 vocat,
239 2293 437 2358 constitisse.

198 2481 270 2546 Hoc
294 2483 366 2546 loco
388 2483 512 2547 mentio
535 2481 685 2547 iacienda
708 2487 760 2546 est
783 2481 881 2549 etiarn
904 2482 1001 2547 trium
1019 2483 1145 2547 illorum
1163 2483 1251 2569 lrag-

112 2592 310 2667 mentorum,
335 2606 418 2672 quae
442 2584 674 2673 Hephaestion
697 2607 729 2671 p.
746 2588 787 2650 30
811 2593 976 2671 tamquam
1001 2587 1152 2674 exempla
1172 2588 1251 2652 cho-

111 2691 341 2755 riambicorum
365 2713 518 2756 versuum
542 2693 574 2756 in
598 2693 736 2757 creticos
760 2692 950 2756 exeuntium
975 2693 1113 2778 profert:

480 2812 519 2879 ir.
543 2811 657 2898 adesp.
680 2815 722 2876 69
746 2819 778 2875 et
802 2814 842 2875 70
854 2812 880 2895 ³)

359 2918 545 2991 Ἱστοντόνοι
568 2921 730 3011 μείρακες.

369 3020 454 3095 Οὐδὲ
475 3023 613 3095 λεόντων
635 3025 764 3110 σθένος,
788 3020 865 3094 οὐδὲ
885 3025 1018 3116 τροφαί.

364 3175 380 3182 ..
426 3159 487 3194 υ...
508 3161 615 3189 ι-υ...

363 3229 488 3263 -υυ..,
507 3227 632 3267 vvvvv
651 3221 760 3263 aur-3

112 3285 318 3392 Quamquam
341 3306 447 3392 prima
469 3306 580 3392 specie
605 3306 824 3392 fragmentum
845 3309 885 3370 69
903 3329 960 3393 pro
984 3307 1132 3391 dimetro,
1156 3310 1193 3374 fr.
1213 3313 1252 3373 70

112 3432 170 3496 pro
195 3410 344 3475 trimetro
369 3410 588 3475 choriambico
603 3410 716 3476 haberi
732 3416 842 3497 potest
857 3411 978 3477 omissa
998 3412 1113 3477 ultima
1128 3413 1254 3498 syllaba

112 3520 284 3604 utriusque
307 3539 421 3583 versus
446 3525 479 3583 ct
502 3525 653 3604 correpta
682 3517 772 3601 (ante
796 3517 958 3603 vocalem)
982 3518 1110 3604 syllaba
1132 3514 1197 3606 φαί
1220 3519 1253 3582 in

112 3617 246 3710 τροφαί,
260 3679 276 3689 .
289 3667 342 3690 oo
355 3680 383 3701 -,
401 3618 525 3709 -..ahl
545 3628 606 3688 et„
619 3664 716 3704 oo„
734 3680 751 3687 -
765 3663 861 3701 oo„
879 3619 1012 3707 ΜΗ,
1035 3628 1146 3687 tamen
1163 3622 1252 3687 nullo

113 3727 210 3792 modo
235 3726 324 3793 credi
348 3733 458 3813 potest
478 3726 762 3812 Hephaestionem
783 3726 866 3792 adeo
889 3728 1077 3812 neglexisse
1102 3749 1254 3793 versuum
1336 3739 1339 3751 ⁴

113 3831 205 3896 lines.
250 3830 296 3894 At
319 3831 472 3916 quoniam
496 3829 718 3895 choriambum
742 3852 814 3895 cum
845 3831 973 3916 syllaba
996 3837 1071 3895 tone
1094 3830 1254 3917 producta

113 3935 146 3998 in
173 3954 238 3999 uno
267 3933 448 4019 eodemque
472 3934 543 3998 colo
568 3936 757 4000 consociare
788 3935 951 4000 noluerint
978 3941 1097 4022 poetae
1124 3933 1253 4016 Graeci,

147 4050 366 4159 ''o‘arsslpa
384 4103 410 4158 p.
430 4087 472 4142 ss.

185 4178 207 4244 ²)
226 4175 379 4245 Hephaest.
398 4193 425 4245 p.
444 4175 492 4239 593
511 4174 597 4230 schol.
616 4176 640 4229 A
658 4174 809 4244 Hephaest.
829 4192 853 4244 p.
872 4175 932 4239 215,
945 4177 984 4229 ll.

185 4265 206 4329 ⁸)
227 4262 328 4332 Bergk.
346 4267 421 4333 poet.
440 4262 491 4331 lyr.
511 4262 551 4315 Ill
569 4280 595 4331 p.
616 4262 673 4317 708.
