2956 4822
683 310 773 397 [135]
1254 317 1297 382 39

158 506 324 588 cogitasse.
352 505 467 589 Neque
490 506 523 569 in
547 504 640 569 titulo
664 506 735 590 ipso
760 503 799 569 da
822 507 879 569 tali
902 528 937 571 re
960 508 1127 593 quicquam
1152 507 1297 593 legimus.

157 610 258 673 Immo
289 609 363 693 quin
395 608 434 671 de
467 608 578 673 eadem
610 631 644 673 re
677 630 770 691 quam
795 609 812 689 ξ
836 613 855 674 2
879 632 935 674 rex
965 611 1218 694 significauerat,
1246 613 1298 678 hic

157 712 256 776 uerba
278 712 365 793 fiant,
389 712 522 777 dubium
546 732 617 775 esse
640 733 702 776 non
726 720 845 796 potest.
877 713 948 787 Qua
973 712 1296 798 roWaddingtonum

158 836 270 880 uerum
294 816 413 880 uidisse
444 817 606 900 suspicor,
636 816 688 900 qui
713 814 752 878 ad
777 815 794 897 ξ
817 817 836 879 2
861 816 914 879 ubi
938 816 978 879 do
1002 815 1194 882 destruenda
1217 818 1297 883 urbc

158 920 309 984 Teiorum
332 942 389 984 rex
414 919 505 996 dicit,
538 918 617 982 haec
646 917 827 982 adnotauit:
860 915 994 999 ,O'etait
1025 920 1189 1004 peut-erre
1215 942 1298 1006 pour

157 1025 189 1087 la
204 1025 324 1089 rebatir
339 1025 411 1110 plus
427 1024 500 1108 pras
517 1023 557 1088 de
574 1024 605 1086 la
627 1042 703 1097 mer,
727 1021 908 1086 al'endroit
924 1023 1039 1109 appele
1057 1022 1297 1090 Chersonnesos

158 1126 243 1213 (roy.
266 1129 286 1194 l.
313 1128 402 1209 llll.
448 1127 521 1200 Qua
544 1148 578 1191 re
602 1147 673 1191 cunr
706 1126 791 1190 haud
816 1126 860 1189 ita
882 1127 979 1206 longe
1002 1150 1020 1191 a
1043 1127 1194 1193 Teiorum
1219 1130 1297 1194 urbe

157 1235 290 1319 pristina
324 1234 411 1297 illam
439 1230 647 1317 χερσόνησον
677 1231 890 1316 quaerendam
921 1252 993 1296 esse
1020 1238 1190 1318 appareat,
1225 1253 1297 1298 eam

158 1337 377 1423 paeninsulam
394 1336 641 1420 intellegendam
659 1357 727 1400 esse
755 1335 859 1400 iudico
883 1358 964 1421 quaa
981 1345 1055 1402 ante
1070 1339 1169 1422 ipsam
1187 1337 1296 1402 urbem

158 1442 407 1527 antiquissimam
433 1440 629 1504 occidentem
651 1461 763 1504 uersus
788 1441 850 1505 sita
874 1446 931 1521 est,
954 1443 985 1505 in
1008 1462 1071 1526 qua
1093 1442 1189 1506 etiam
1213 1459 1298 1504 nunc

156 1547 267 1610 ruinae
299 1546 453 1630 plurimae
478 1545 724 1625 inueniuntur1,
748 1565 846 1629 quaro
869 1546 900 1608 in
925 1546 979 1609 illa
1012 1544 1123 1611 urbem
1148 1544 1297 1611 Teiorum

157 1650 247 1714 sitam
271 1650 370 1714 fuisse
393 1650 421 1715 si
445 1650 513 1712 lero
536 1650 740 1712 consentiunt
776 1649 829 1732 qui
863 1651 981 1714 nostris
1004 1648 1202 1734 temporibus
1224 1647 1296 1712 illos

156 1754 243 1819 locos
276 1753 451 1819 uiserunt2.
497 1754 556 1827 At,
588 1752 706 1817 dixerit
735 1754 910 1839 quispiam,
941 1755 966 1818 si
990 1755 1021 1818 in
1046 1774 1084 1818 aa
1108 1752 1296 1838 paeninsula

158 1867 225 1923 erat
240 1859 327 1942 urbs,
352 1858 513 1943 quomodo
534 1842 583 1922 de¹
597 1857 824 1922 transferendis
847 1859 878 1921 in
903 1879 972 1922 eam
996 1857 1125 1923 sedibus
1146 1856 1297 1922 Teiorum

157 1986 215 2028 rex
230 1962 338 2027 dicere
354 1963 481 2047 potuit?
514 1961 578 2026 Sed
594 1963 729 2026 multum
745 1962 869 2043 abesse,
885 1968 920 2025 ut
935 1960 996 2026 hoc
1011 1969 1140 2027 nostrae
1156 1959 1296 2045 opinioni

156 2074 324 2151 repugnet,
348 2068 517 2150 concedas,
542 2067 567 2129 si
585 2086 667 2151 quae
685 2066 748 2130 sint
762 2064 816 2129 illa
833 2064 975 2131 aedificia
999 2087 1083 2151 quae
1106 2068 1138 2129 in
1164 2064 1295 2151 paenin-

155 2172 226 2236 sula
247 2173 380 2235 inuenta
402 2178 478 2235 sunt
501 2171 715 2255 requisiueris.
761 2171 799 2234 Iu
836 2169 950 2253 quibus
974 2172 1089 2234 certius
1113 2167 1232 2254 aliquid
1255 2167 1296 2232 de

158 2272 276 2358 templo
300 2274 420 2338 Bacchi
452 2274 548 2338 etde
578 2275 704 2338 theatro
728 2273 805 2338 solis
835 2279 971 2338 constat.
1018 2271 1154 2338 Ceterae
1184 2272 1297 2336 ruinae

156 2379 266 2462 quales
297 2378 359 2442 sint
390 2386 423 2444 et
454 2379 545 2442 cuius
568 2379 684 2443 aetatis
708 2377 784 2441 mihi
814 2398 878 2440 non
902 2377 1050 2442 innotuit.
1095 2375 1147 2440 De
1169 2376 1296 2441 theatro

157 2502 254 2547 unum
279 2482 527 2547 Hamiltonum8
549 2482 701 2562 adferam,
725 2482 779 2566 qui
803 2481 962 2566 expressis
985 2480 1090 2546 uerbis
1114 2480 1203 2545 dicit:
1230 2479 1296 2559 ,To

152 2587 255 2670 judge
270 2586 350 2650 from
375 2588 430 2650 the
445 2587 637 2671 parallelism
662 2585 697 2649 ol
717 2586 771 2650 tha
788 2585 877 2649 walls
902 2584 1006 2649 which
1028 2583 1108 2649 lorm
1126 2585 1181 2650 tho
1196 2584 1296 2667 wings

157 2691 192 2755 oi
204 2690 258 2754 the
275 2711 381 2772 cavea,
399 2692 454 2756 the
469 2692 595 2756 theatra
607 2711 672 2754 was
685 2689 843 2775 probably
861 2688 896 2754 ol
905 2688 1030 2754 Roman
1046 2687 1295 2753 construction‘.

157 2794 208 2860 De
240 2794 359 2879 templo
388 2794 508 2859 Bacchi
541 2783 735 2879 scripserunt
757 2792 920 2857 Leakius⁴
952 2797 985 2857 at
1014 2793 1160 2875 pluribus
1190 2791 1296 2856 uerbis

159 2897 380 2963 Hirschfeldus
398 2896 444 2982 [p.
456 2901 498 2964 28
510 2899 585 2983 sq.l,
601 2898 655 2983 qui
677 2918 736 2961 suo
759 2898 828 2961 iure
852 2918 925 2959 cum
941 2894 1115 2960 artificibus
1131 2894 1297 2960 Bacchicis

158 3008 190 3066 et
206 3003 295 3089 asylo
312 3002 391 3068 Teio
408 3004 490 3067 hanc
512 3003 626 3068 aedem
650 3003 824 3082 coniunxit,
849 3000 934 3086 quod
958 3020 1041 3065 anno
1059 3021 1090 3065 a.
1107 2999 1182 3065 Chr.
1201 2999 1262 3063 193
1278 3019 1297 3061 a

158 3106 311 3170 Romanis
335 3108 557 3172 confirmatum
582 3115 640 3172 eat.
688 3106 738 3170 De
763 3105 973 3191 Hermogene
996 3105 1049 3190 qui
1073 3103 1186 3168 aedem
1209 3101 1296 3166 illam

158 3212 337 3289 exstruxit,
372 3211 594 3276 Hirschfeldus
628 3210 817 3296 quaestione
846 3211 991 3274 instituta
1021 3229 1059 3274 eo
1083 3206 1240 3294 peruenit,
1262 3213 1298 3271 ut

154 3321 319 3395 statueret
343 3337 414 3380 eum
446 3325 533 3381 certe
561 3323 638 3381 ante
660 3316 777 3380 saeculi
809 3316 941 3379 alterius
970 3322 1094 3399 partem
1126 3311 1299 3391 dimidiam,

157 3419 213 3482 sed
248 3428 320 3503 post
355 3420 494 3485 medium
526 3421 654 3486 tertium
686 3420 795 3484 luisse.
849 3420 899 3486 De
930 3426 1074 3503 tempora
1107 3417 1170 3482 hoo
1204 3414 1297 3479 titulo

160 3586 329 3596 --,.-1-.-,.,

263 3682 272 3716 ¹
291 3679 332 3733 Ol.
345 3697 471 3748 mappam
486 3681 673 3733 Britannicam
689 3681 849 3732 maritimam
864 3677 966 3744 (aditad
981 3678 1017 3746 by
1031 3678 1079 3730 tha
1092 3674 1299 3746 hydrograplric

158 3767 240 3821 ostica
264 3767 296 3821 ol
312 3768 358 3819 the
378 3767 556 3834 Admiraliry)
581 3784 606 3820 a.
640 3766 707 3820 1893
734 3765 879 3834 ,Sigbnjik
904 3762 987 3830 Bay,“
1017 3773 1046 3816 at
1072 3764 1105 3818 G.
1128 3761 1298 3815 Hirschfeldi

159 3855 414 3906 commentariolum
443 3854 476 3907 ds
496 3855 552 3906 Teo
572 3855 641 3907 urbe
660 3855 688 3905 in
707 3855 802 3905 Diario
822 3852 1034 3919 areharologico
1057 3848 1122 3903 1876
1141 3867 1166 3917 p.
1186 3846 1298 3913 93-30,

159 3943 262 3994 tabella
281 3941 453 3992 instructum.

264 4021 450 4081 *Humilrom
477 4026 646 4079 Resaarches
675 4028 702 4077 ia
735 4026 800 4078 Asia
825 4025 916 4078 Minor
945 4026 974 4077 11
1005 4043 1030 4092 p.
1058 4023 1097 4076 ll.
1135 4022 1170 4075 ci.
1202 4039 1229 4087 p.
1258 4023 1297 4076 ll.

159 4112 317 4166 Hirschfeld
338 4131 362 4178 p.
382 4113 423 4166 ⁸27.
460 4113 549 4164 Etiam
576 4115 600 4165 in
623 4130 721 4181 mappa
749 4114 906 4165 britannica
932 4114 958 4165 in
987 4112 1039 4162 hac
1068 4110 1231 4175 paeninsula
1249 4107 1296 4160 ad·

159 4200 288 4266 scriptum
307 4205 349 4251 est
370 4198 474 4265 ,Ruina
493 4199 524 4251 ol
539 4197 637 4253 Teos¹‘.

265 4285 312 4338 ⁸1.
331 4302 355 4342 c.
375 4303 400 4352 p.
422 4284 461 4339 13.

264 4373 275 4408 ⁴
293 4373 413 4427 Journal
431 4373 461 4426 ol
479 4391 495 4428 a
515 4377 577 4426 tour
596 4372 622 4426 ia
644 4371 710 4428 Asia
730 4371 819 4425 Minor
839 4388 864 4438 p.
882 4370 941 4424 aab.
