3030 4816
248 299 288 364 aa
538 278 545 285 ’
771 293 862 382 [aaa]

248 497 347 572 retur,
382 490 441 554 nisi
476 490 618 574 repetitis
656 490 771 554 fabulis
804 492 972 555 Ambivius
1008 498 1224 575 spectatorum
1262 494 1395 560 animos

246 595 474 681 pedetemptim
506 595 649 660 flexisset
679 595 947 680 perfecissetque,
983 603 1019 660 nt
1048 606 1146 681 poeta
1175 600 1319 683 placeret
1353 622 1395 664 ao

248 699 377 784 dignum
404 701 520 763 virtute
545 721 603 764 aua
627 700 732 763 locum
756 700 951 785 impetraret.
995 701 1101 765 Causa
1118 723 1243 787 quoquc
1260 703 1394 768 insidia-

245 825 315 866 rum
345 803 456 866 cadem
488 803 614 867 videtur
644 803 676 867 in
708 810 845 887 utroque
875 812 973 888 poeta
1002 803 1110 872 luisse.
1156 807 1269 890 Neque
1301 810 1391 872 enim

245 931 284 973 ex
310 908 376 973 sola
399 917 551 993 quaestus
573 908 691 972 invidia
715 909 922 991 repetendam
947 930 1016 972 eam
1052 911 1232 993 putabimus
1260 911 1318 975 sed
1345 933 1391 975 ex

244 1014 385 1099 ipsarum
409 1012 589 1076 fabularum
614 1033 686 1075 cnm
708 1014 915 1096 argumentis,
938 1013 1044 1097 qualia
1064 1034 1083 1074 a
1100 1013 1229 1078 Graecis
1245 1017 1389 1079 mutuati

244 1126 331 1199 sunt,
367 1127 435 1181 tum
469 1116 572 1180 farma
608 1127 640 1180 et
674 1118 834 1181 oratione:
868 1117 900 1180 in
935 1138 998 1202 qua
1031 1118 1107 1182 artis
1144 1126 1175 1181 et
1205 1118 1389 1182 studiorum

246 1221 406 1307 quandam
429 1221 654 1303 cognationem
677 1220 758 1284 inter
781 1221 862 1283 duos
884 1220 956 1284 illoe
981 1221 1117 1285 comicos
1137 1222 1230 1285 facile
1245 1230 1386 1288 statuas.

243 1325 401 1410 Intellego
419 1326 585 1389 statoriam
600 1325 798 1388 comoediam
816 1324 939 1404 (Heau.
957 1326 1037 1410 prol.
1054 1346 1081 1386 v.
1095 1330 1136 1390 36
1152 1325 1216 1411 sq.)
1235 1333 1266 1389 et
1281 1329 1387 1412 ipsam

243 1430 349 1512 illam,
380 1450 475 1513 quam
498 1427 670 1492 adversarii
695 1428 845 1492 Terentio
873 1429 1033 1510 obiciunt,
1065 1436 1184 1494 tenuem
1207 1433 1386 1495 orationem

243 1540 271 1598 et
294 1535 487 1616 scriptarum
514 1534 610 1596 leuem
636 1532 782 1614 (Phorm.
807 1533 884 1618 prol.
911 1537 939 1596 4.
963 1533 1006 1614 5),
1038 1555 1131 1617 quam
1161 1532 1278 1621 ‘puram
1310 1557 1385 1600 ora-

245 1637 371 1703 tionem'
393 1636 564 1700 Terentius
588 1637 656 1721 ipse
681 1637 843 1720 praedicat
874 1636 979 1701 Hecu.
1003 1640 1080 1722 prol.
1113 1659 1142 1704 v.
1167 1642 1224 1703 46:
1257 1641 1292 1702 ia
1324 1639 1387 1704 hac

244 1750 288 1806 est
316 1762 405 1825 para
436 1742 547 1804 cratia.
595 1739 658 1804 Sed
691 1741 722 1803 id
754 1742 857 1826 ipsum
889 1742 1004 1805 clarius
1035 1742 1220 1826 apparebit,
1254 1745 1278 1806 si
1311 1743 1385 1827 ipsa

134 1860 139 1874 ·
244 1844 497 1910 adversariorum
531 1846 662 1909 crimina
694 1865 712 1907 a
743 1844 892 1909 Terentio
923 1846 1048 1930 prolata
1078 1852 1109 1909 et
1139 1847 1277 1911 refutata
1309 1869 1385 1912 con·

242 1949 463 2014 siderabimus.

345 2053 396 2117 De
426 2053 684 2116 adversariis
716 2054 781 2116 auis
811 2050 980 2116 Terentius
1014 2052 1043 2116 in
1077 2054 1218 2139 prologis
1250 2056 1384 2140 saepius

241 2159 383 2242 loquitur
405 2156 586 2221 nominibus
610 2177 766 2242 nusquam
790 2155 922 2221 additis:

240 2259 340 2323 Andr.
361 2262 439 2344 prol.
461 2282 489 2325 r.
511 2264 563 2324 15:
587 2261 630 2324 Id
652 2262 723 2324 isti
743 2263 928 2344 uituperaat
952 2263 1098 2347 atquem
1121 2282 1154 2325 eo
1178 2262 1344 2345 disputant

457 2416 462 2431 .
584 2364 806 2428 Contaminari
827 2384 890 2427 noa
914 2366 1019 2429 decere
1038 2364 1179 2447 fabretus.

387 2490 415 2534 v.
433 2472 489 2534 21:
509 2519 537 2534 ..
553 2520 560 2534 .
585 2468 696 2532 Potius
708 2489 801 2553 qaum
817 2471 977 2532 istorum
994 2470 1156 2534 elrsraram
1170 2471 1380 2556 diligentiam.

581 2573 704 2636 Deletae
722 2580 757 2636 at
775 2575 935 2658 quieseant
953 2594 1052 2657 porro
1068 2594 1173 2638 erroneo
1188 2581 1216 2637 et
1232 2575 1382 2640 desinant

582 2678 669 2742 Male
692 2678 804 2757 dicere,
829 2677 998 2761 malefacta
1023 2700 1060 2742 ae
1081 2686 1213 2743 noscant
1236 2699 1306 2743 aaa.

241 2780 347 2846 Heau.
364 2783 444 2866 prol.
459 2805 489 2848 r.
505 2786 559 2847 111:
583 2782 668 2846 Nam
692 2783 774 2866 qaod
796 2803 939 2845 meretorec
962 2783 1153 2848 diattderaat
1175 2784 1353 2847 malimali

453 2907 482 2952 v.
499 2889 558 2950 21:
582 2886 631 2950 Ne
643 2889 718 2970 plus
735 2890 746 2948 t
752 2889 897 2971 atquem
909 2889 1011 2970 possit
1026 2908 1121 2971 qaam
1133 2908 1260 2972 aeqama
1273 2891 1380 2952 oratio

240 2991 377 3076 Adelph.
390 2991 469 3075 prol.
482 3011 509 3054 ν.
526 2994 558 3053 1:
582 2990 754 3075 Postquam
776 2997 867 3074 poeta
890 2993 986 3053 aeaslt
1007 2993 1200 3074 scripturam
1223 3013 1314 3055 ererum

581 3094 631 3158 Ab
653 3097 801 3178 ieeiqais
824 3094 988 3158 obseruari
1010 3102 1038 3158 et
1062 3098 1316 3159 aduersarios

581 3199 706 3284 Rapere
728 3201 761 3262 ia
781 3189 917 3283 peiorem
940 3207 1065 3283 partem
1086 3220 1129 3285 aq.

450 3304 662 3371 v.15:Nam
687 3305 771 3389 quad
796 3306 864 3368 teti
887 3305 995 3368 dicuat
1017 3306 1193 3369 malimali

450 3432 480 3475 v.
504 3414 557 3474 11:
580 3409 671 3488 Qeeod
692 3410 756 3472 aa
777 3408 977 3472 maledictam
1000 3409 1160 3472 aeleemeae
1183 3429 1246 3472 esse
1260 3410 1379 3473 exista·

1230 3521 1329 3589 errant,
1404 3548 1417 3559 ·

580 3618 663 3682 Eam
686 3620 811 3682 laudem
833 3619 894 3682 tte
917 3618 1003 3682 deecit
1026 3639 1209 3682 montemalo
1232 3640 1275 3703 eq.

238 3724 291 3805 (cf.
315 3744 398 3807 quae
421 3723 513 3789 modo
537 3724 717 3787 notavimus
742 3722 781 3786 de
807 3721 933 3787 Caecilii
957 3721 1148 3785 adversariis
1193 3796 1196 3805 Ι

237 3826 502 3911 Hecyr.prol.ll.
516 3850 544 3892 v.
558 3830 614 3890 13:
857 3829 903 3888 ita
925 3833 1045 3909 poetam
1070 3826 1196 3889 restitui
1216 3826 1250 3888 ia
1272 3825 1376 3891 locam

430 3909 435 3919 ’
489 3966 490 3969 ¹
580 3929 685 4011 Prope
705 3932 772 3994 iam
788 3935 939 3992 recreatam
960 3929 1081 3991 iniuria
1098 3929 1373 3994 aduersariam

447 4054 477 4099 v.
495 4037 553 4098 54:
575 4031 624 4097 Ne
646 4055 715 4098 eum
740 4037 987 4098 circumuentam
1010 4034 1114 4116 inique
1144 4033 1268 4117 iniqui
1293 4035 1374 4098 inri-

1207 4135 1327 4220 deaat).

338 4244 446 4326 Atque
471 4242 636 4306 malivolos
667 4242 744 4306 istos
775 4240 918 4326 plerique
949 4241 1076 4326 quidem
1109 4241 1254 4304 homines
1286 4240 1373 4306 docti

237 4351 431 4412 censuerunt
447 4346 546 4412 tuisse
564 4347 701 4411 comicos
717 4346 858 4413 Terentii
874 4344 1019 4411 aemulos
1037 4344 1088 4409 rel
1106 4343 1186 4407 adeo
1202 4351 1371 4429 poetarum
