2954 4822
549 300 590 312 -
637 260 725 351 μανι
772 302 811 311 -
1213 266 1250 328 13

113 450 339 539 γεγραμμένων
360 448 446 538 πρὸς
468 445 683 539 ἀλωπεκίας),
707 475 746 518 ea
762 473 901 539 quoque,
925 474 1009 539 quae
1032 458 1166 519 exstant
1187 454 1252 520 vol.

113 558 181 623 XII
209 581 239 644 p.
264 561 327 623 432
351 580 419 645 sqq.
454 556 547 644 (περὶ
578 561 643 624 τῶν
675 555 709 626 ἐν
737 560 785 648 τῷ
810 554 1030 645 Κλεοπάτρας
1064 560 1253 648 andropompi
1340 571 1344 580 '

114 659 374 749 γεγραμμένων),
405 662 446 729 ad
478 663 618 729 eundem
642 663 800 729 Soranum
832 672 998 730 auctorem
1031 664 1138 729 redire
1162 671 1252 728 ratus

114 768 253 833 fortasse
292 790 332 833 ea
367 768 575 854 conscripsit,
615 790 699 854 quae
737 769 829 834 initio
864 769 1104 854 Allegoriarum
1138 767 1252 834 Iliadis

115 875 158 953 (v.
176 870 211 955 8)
234 870 442 950 exhibentur,
466 871 523 936 ubi
546 872 634 937 solus
660 873 804 939 Soranus
829 880 1109 938 commemoratur.

200 974 293 1040 Idem
327 975 492 1040 nonnullis
522 977 615 1040 annis
643 984 717 1062 post
749 998 823 1041 cum
851 998 966 1042 versus
996 974 1181 1041 Chiliadum
1205 976 1252 1039 VI

115 1081 177 1142 279
189 1098 268 1163 sqq,
285 1099 348 1163 quo
365 1079 437 1143 loco
455 1085 489 1143 et
502 1078 646 1144 Soranus
659 1086 692 1144 et
704 1078 809 1143 Rufus
825 1079 1011 1158 laudantur,
1024 1078 1253 1157 conscriberet,

115 1205 155 1248 ea
170 1203 254 1269 quae
271 1182 348 1247 olim
365 1205 383 1248 e
401 1183 527 1249 Galeno
544 1192 766 1271 excerpserat,
789 1184 897 1250 denuo
914 1186 1060 1271 inspexit
1083 1190 1174 1250 etex
1191 1184 1253 1248 hoc

115 1294 273 1373 excerpto
302 1286 428 1352 addidit
450 1287 524 1353 Ruti
550 1310 685 1369 nomen,
713 1290 798 1376 quod
824 1289 940 1355 eodem
964 1290 1034 1355 lere
1058 1292 1131 1355 loco
1154 1297 1253 1376 atque

116 1391 311 1478 Cleopatrae
349 1399 382 1457 et
421 1391 537 1458 Sorani
579 1394 712 1458 nomina
753 1394 841 1481 apud
885 1393 1048 1461 Galerium
1091 1395 1255 1459 excitatur

115 1495 198 1582 (XII
221 1494 310 1581 425).
361 1495 539 1563 Praeterea
569 1519 641 1562 cum
672 1499 734 1564 boo
767 1506 924 1586 excerpto
954 1499 1041 1563 aliud
1070 1498 1250 1577 coniunxit,

117 1599 201 1686 quod
225 1621 243 1664 e
268 1599 393 1664 Galcno
423 1600 504 1665 XIV
528 1604 590 1665 235
620 1601 661 1667 de
691 1601 886 1688 Cleopatrae
916 1603 1045 1668 ancillis
1078 1604 1139 1668 sibi
1167 1625 1253 1669 corn-

116 1711 297 1789 paraverat.

602 2015 708 2082 Oarur
732 2017 776 2085 II.

192 2171 345 2245 Quibus
369 2194 387 2236 e
410 2170 591 2236 fontibus
616 2171 766 2238 Sorani
788 2174 891 2238 liber
913 2171 1007 2257 περὶ
1030 2168 1185 2261 φύσεως

402 2266 618 2362 ἀνθρώπου
642 2277 810 2342 restitui
835 2271 983 2364 possit]

204 2405 266 2469 Illa
297 2396 380 2469 data
416 2399 578 2491 διάφορα,
618 2427 701 2492 quae
734 2413 890 2472 notantur
926 2407 1012 2494 apud
1044 2407 1256 2494 Hesychium,

119 2511 232 2580 Sorani
256 2511 379 2598 scripta
401 2510 570 2598 indagavit
593 2521 626 2578 et
648 2515 852 2579 enumeravit
867 2513 1089 2579 Ermerinsius
1114 2537 1144 2601 p.
1161 2514 1255 2581 XXI.

118 2614 208 2680 Inter
242 2636 324 2700 quae
359 2615 443 2680 liber
477 2617 640 2680 excitatur
674 2613 884 2703 ἐτυμολογίαι
917 2620 976 2683 τοῦ
1010 2611 1163 2700 σώματος
1198 2617 1257 2683 τοῦ

118 2711 308 2804 depedace,
332 2741 428 2805 quem
452 2717 530 2806 περὶ
554 2716 683 2808 φύσεως
705 2713 886 2808 ἀνθρώπου
910 2721 1156 2786 inscribendum
1180 2743 1254 2787 esse

115 2824 209 2888 tertio
234 2822 403 2888 ostendam
427 2824 544 2910 capite.
589 2823 697 2888 Huius
719 2825 793 2889 libri
819 2847 891 2889 cum
915 2832 1087 2890 auctores
1111 2831 1257 2912 praestet

117 2927 148 2991 in
171 2934 241 2993 erte
264 2928 476 3013 grammatica
504 2949 568 2991 non
599 2927 804 2992 mediocriter
834 2935 1021 3005 versatum,
1054 2927 1142 2992 haud
1171 2927 1255 2992 diffi-

116 3033 220 3096 culter
257 3032 417 3119 quispiam
456 3033 560 3117 prima
599 3030 729 3116 quidem
772 3032 882 3118 specie
921 3039 1179 3109 commoveatur,
1220 3039 1255 3096 ut

116 3135 239 3200 Sorano
269 3134 395 3200 medico
426 3136 580 3221 scriptum
613 3134 864 3200 abiudicandum
898 3155 971 3199 csse
1005 3142 1107 3220 putet.
1155 3136 1198 3199 nt
1227 3136 1255 3199 si

118 3239 374 3304 consideraveris
398 3240 479 3303 alios
502 3259 630 3324 quoque
659 3239 807 3303 homines
839 3238 966 3316 doctos,
997 3238 1097 3302 veluti
1124 3239 1168 3304 M.
1192 3238 1256 3304 Te-

115 3342 253 3407 rentium
282 3342 482 3418 Varronem,
516 3341 703 3407 Cornelium
732 3341 880 3420 Celsum,
919 3340 1134 3422 Galenum1l,
1168 3364 1256 3406 corn-

115 3446 221 3533 pluria
260 3448 429 3532 amplexos
463 3468 537 3512 esse
575 3448 755 3512 litterarum
790 3468 928 3533 genera,
964 3468 1029 3512 non
1064 3447 1127 3510 iam
1161 3446 1257 3511 nimis

187 3621 208 3687 ¹)
228 3621 260 3675 cf.
276 3619 391 3674 0.1ahn
409 3619 438 3672 in
452 3618 598 3682 „Berichtc
617 3618 685 3672 tiber
703 3619 749 3673 die
762 3618 1001 3688 Verbandlnngen
1020 3618 1069 3672 der
1086 3617 1149 3687 Kgl.
1164 3617 1258 3671 Sachs.

116 3704 299 3760 Geaellschaft
326 3703 375 3758 der
401 3702 566 3757 Wissensch.
595 3704 678 3757 1850‘·
706 3721 733 3772 p.
758 3704 809 3757 263
834 3721 893 3771 sqq.
940 3704 1036 3756 Artem
1064 3701 1199 3756 medicam
1228 3704 1257 3756 et

114 3790 327 3861 grammaticam
346 3789 515 3860 cognatione
534 3789 656 3858 quadam
674 3790 763 3843 artius
787 3789 861 3844 inter
878 3806 907 3844 se
926 3788 1072 3844 cohaerere
1092 3787 1179 3842 visam
1197 3804 1256 3842 esse

115 3877 231 3932 medicis
250 3877 295 3931 vel
313 3877 426 3931 labente
445 3875 601 3945 Byzantina
619 3878 714 3930 aetate
735 3875 900 3939 viventibus,
919 3893 982 3929 cum
1001 3874 1059 3928 alia
1076 3874 1178 3929 docent
1196 3891 1258 3944 per·

115 3965 206 4020 multa
224 3967 283 4018 tum
303 3964 422 4034 epistola
439 3964 549 4034 sacculo
567 3966 625 4018 l'cre
644 3963 697 4017 XII
716 3964 752 4018 ab
770 3980 910 4031 anonymo
925 3961 1047 4031 quodam
1065 3961 1101 4015 ad
1120 3961 1256 4016 medicum

116 4052 183 4107 data
203 4051 335 4117 (Crameri
355 4051 458 4106 Anecd.
479 4051 566 4105 Oxou.
584 4050 625 4104 III
644 4069 671 4120 p.
692 4051 742 4104 188
760 4068 802 4120 ep.
822 4050 911 4111 XXIl:
945 4051 986 4121 Τρῖ
1004 4049 1088 4119 ἰατρῷ
1109 4048 1259 4118 Λετψιώτῃ.

117 4139 331 4211 ψιλοσαφώτατέ
351 4157 400 4210 μοι
423 4138 469 4191 καὶ
491 4135 743 4209 γραμματικώτατε
766 4140 882 4208 ἰατρῶν·
904 4136 949 4190 καὶ
968 4136 1020 4205 τήν
1039 4139 1141 4206 ἰατρῶν
1159 4139 1259 4207 τέχνην

116 4226 297 4298 ἐκμελετήσας
320 4228 356 4286 ὠς
380 4223 478 4295 ἄριστα
572 4211 648 4285 οἶδας
665 4223 722 4296 γτέρ
744 4223 789 4279 καὶ
809 4224 843 4277 ui
864 4226 913 4278 τοῦ
936 4223 1066 4294 Σωρανοῦ
1087 4223 1132 4277 καὶ
1156 4221 1189 4278 tri
1211 4226 1260 4279 τοῦ
