2956 4822
634 327 724 413 [aar]
1204 332 1245 396 aa

220 517 394 584 ΗΙΜΕΒΑ
419 519 468 584 01.
491 519 559 584 XII
585 539 611 584 v.
634 522 654 584 2
676 517 792 600 Ἰμὲραν
814 518 1013 601 εὖροσθενέα,
1036 541 1066 587 v.
1086 522 1125 586 19
1143 519 1249 602 depasci

115 622 255 706 Νυμφᾶν
277 618 404 704 λοοτρᾶς

218 723 474 790 CORINTHUS
498 725 548 791 Ol.
571 725 658 790 XIII
688 748 718 792 v.
749 730 832 791 4-5
863 725 918 791 τοὶν
949 725 1055 810 ὀλβίαν
1081 727 1248 811 Κόρινθον,

114 824 251 906 Ἰσθμίου
280 826 440 908 πρόθυρον
473 832 657 906 [Ιοσαδᾶνος
691 827 911 912 ἀγλαόκουρον,
950 853 979 895 v.
1010 833 1051 896 50
1085 833 1247 921 Κορίνθῳ,

115 952 144 994 v.
168 933 209 996 59
232 933 266 994 ἐν
288 928 373 995 ἄστει
399 929 561 1012 Πειράνας.

220 1033 525 1100 ORCHOMENOS
539 1035 590 1101 Ol.
603 1035 685 1100 le⁷
698 1060 729 1103 v.
744 1042 763 1101 4
775 1035 821 1118 Ἑρ
822 1045 967 1121 χομενοῦ,
978 1058 1007 1100 v,
1021 1039 1060 1103 19
1073 1036 1092 1100 ἁ
1106 1040 1248 1104 Μινυεία.

220 1137 284 1202 Ubi
311 1145 347 1202 ut
376 1138 532 1204 Pindarus
565 1160 717 1224 nusquam
751 1143 833 1205 intra
863 1163 960 1206 unum
991 1150 1131 1229 systema
1163 1142 1247 1207 idem

116 1262 231 1306 nomen
246 1243 405 1326 repetivit,
421 1245 466 1307 ita
481 1265 522 1309 ne
539 1265 581 1308 ex
596 1244 724 1328 reliquis
740 1243 868 1329 quidem
884 1246 1076 1310 carminibus
1093 1245 1248 1311 eiusmodi

114 1345 312 1431 repetitionis
334 1348 482 1432 exempla
504 1346 612 1413 afferri
635 1355 778 1434 possunt.

644 1609 718 1693 §a

219 1766 378 1841 Quoniam
403 1786 498 1851 quam
522 1765 617 1830 variis
640 1767 907 1852 appellationibus
928 1768 1086 1833 Pindarus
1109 1771 1247 1833 omnium

114 1870 180 1935 fere
202 1871 360 1935 victorum
376 1870 493 1955 patrias
508 1869 602 1933 urbes
619 1873 789 1950 ornaverit,
813 1872 1019 1950 ostendimus,
1043 1894 1126 1938 nnnc
1142 1873 1249 1937 viden·

114 1974 189 2039 dum
214 1985 278 2057 est,
309 1997 383 2039 num
407 1977 437 2039 in
461 1975 563 2060 ipsis
587 1996 715 2062 quoque
739 1977 1185 2060 victoribus-laudandis,
1208 1999 1248 2043 ne

116 2079 230 2143 eodem
260 2081 387 2145 nomine
417 2080 464 2143 bis
493 2085 654 2159 uteretur,
685 2077 855 2163 diligenter
884 2081 1014 2146 caverit.
1059 2080 1130 2154 Qua
1159 2081 1248 2145 inre

116 2202 179 2247 non
202 2182 404 2262 mirabimur,
427 2184 453 2247 si
477 2205 538 2247 non
563 2182 697 2247 eandem
720 2183 846 2248 dicendi
869 2184 1048 2249 ubertatem
1079 2184 1249 2250 adsecutus

115 2294 180 2371 est,
210 2307 281 2350 cum
312 2293 409 2372 poeta
440 2287 569 2350 minime
601 2289 737 2371 potnerit
766 2308 849 2351 nova
873 2290 1028 2353 victorum
1058 2288 1248 2373 cognomina

114 2411 237 2475 parere.
291 2391 334 2454 At
366 2399 473 2454 tamen
505 2389 556 2453 bic
589 2411 715 2476 quoque
748 2393 853 2475 legem
885 2392 971 2456 illam
1003 2392 1062 2457 sibi
1095 2399 1248 2457 statutam
1354 2460 1359 2471 ,

114 2494 265 2577 servavit,
298 2515 369 2558 cum
401 2495 527 2559 nomina
558 2497 687 2582 propria
716 2497 940 2583 patronymicis
972 2506 1004 2562 et
1034 2498 1249 2563 locutionibus

115 2597 296 2662 evincendi
312 2598 407 2662 modo
424 2600 530 2682 petitis
547 2600 694 2679 variaret,
711 2599 793 2665 adeo
809 2608 845 2664 ut
862 2599 994 2664 exordio
1011 2601 1076 2665 lere
1092 2602 1249 2666 anomine

116 2703 245 2766 victoris
268 2702 394 2787 proprio
426 2702 512 2767 facto
544 2724 614 2767 eum
644 2703 752 2789 aliqua
781 2704 966 2768 circuitione
995 2704 1187 2787 significaret
1217 2713 1250 2770 et

115 2806 260 2888 longiore
283 2805 465 2869 narratione
484 2800 672 2889 interposita
686 2805 813 2871 easdem
829 2814 992 2890 repeteret
1006 2809 1248 2892 appellationes.

116 2910 221 2984 Quam
251 2909 383 2973 adrem
412 2911 538 2994 penitus
568 2909 819 2997 perspiciendam
850 2932 915 2975 non
950 2912 1089 2976 alienum
1122 2911 1249 2975 videtur

115 3014 224 3097 paucis
255 3013 296 3079 de
327 2999 556 3098 compositione
588 3012 718 3077 Pindari
749 3015 923 3078 carminum
955 3035 1059 3099 agere.
1104 3014 1154 3079 Ex
1185 3035 1248 3099 quo

117 3117 200 3179 enirn
228 3122 373 3201 tempore
403 3116 564 3180 Rudolfus
589 3115 761 3203 Westphal
791 3125 931 3181 veterem
961 3119 1049 3181 illurn
1072 3117 1250 3203 Terpandri

116 3219 208 3302 νόμον
244 3221 419 3284 carminum
461 3221 655 3305 septifariam
700 3221 873 3285 divisorum
911 3242 951 3285 ex
988 3221 1126 3307 quodam
1164 3219 1249 3304 apud

115 3323 280 3388 Pollucem
313 3324 385 3387 loco
417 3325 564 3408 repetivit
599 3331 630 3387 et
665 3324 763 3405 banc,
798 3345 880 3409 quae
914 3325 988 3388 olim
1023 3325 1249 3410 antiquissimis

116 3427 219 3512 lyricis
245 3434 328 3491 certa
351 3428 403 3492 lex
425 3427 541 3508 luerat,
564 3433 727 3511 tamquam
751 3449 895 3492 normam
916 3430 1011 3493 etiam
1029 3428 1069 3491 ab
1089 3427 1248 3513 Aeschylo

118 3532 148 3595 in
173 3531 301 3594 canticis
325 3539 422 3614 atque
445 3550 465 3593 a
487 3531 625 3594 Pindaro
649 3532 679 3594 in
704 3531 772 3595 odis
795 3532 1020 3617 componendis
1048 3532 1249 3597 observatam

114 3655 184 3697 esse
216 3632 394 3698 admirabili
422 3636 566 3697 acumine
594 3634 841 3714 demonstravit,
871 3634 1010 3700 dubitari
1040 3657 1103 3699 non
1132 3642 1250 3719 potcst,

115 3739 189 3821 quin
213 3736 297 3802 iuter
320 3738 459 3821 singulas
484 3737 725 3803 Pindaricorum
750 3740 923 3803 carminum
953 3745 1059 3824 partes
1084 3739 1250 3825 diligenter

116 3841 395 3905 internoscendum
418 3842 468 3905 sit.
513 3842 621 3926 Atque
645 3862 836 3926 quamquam
859 3864 922 3906 non
947 3842 1091 3907 omnibus
1122 3844 1152 3906 in
1182 3842 1250 3906 odis

115 3951 237 4029 septem
274 3945 348 4008 illac
387 3954 533 4009 accurate
572 3945 740 4009 distinctae
776 3952 849 4010 sunt
883 3955 1007 4030 partes,
1048 3954 1155 4010 tamen
1192 3946 1250 4011 boc

115 4049 300 4133 plerumque
329 4049 432 4111 tenuit
462 4055 559 4132 poeta
589 4048 876 4130 praeclarissimus,
915 4057 950 4114 ut
981 4049 1071 4113 initio
1103 4049 1250 4112 carminis

118 4152 246 4217 victoris
270 4152 381 4216 laudes
404 4151 604 4237 praedicaret
626 4151 674 4216 dis
696 4153 928 4217 immortalibus
952 4175 1013 4217 non
1039 4173 1110 4216 raro
1133 4154 1250 4237 gratias

115 4278 211 4340 agens
236 4257 287 4321 vel
311 4277 426 4321 novam
449 4257 614 4320 victoriam
637 4258 677 4322 ab
700 4257 738 4321 iis
768 4278 918 4341 precans,
949 4255 1063 4321 deinde
1091 4258 1123 4319 in
1146 4256 1252 4321 media

112 4368 221 4445 parte,
255 4379 337 4446 quae
371 4361 446 4425 olim
476 4361 703 4426 nominabatur
733 4359 750 4425 ὁ
780 4360 936 4447 ὀμφαλός,
969 4361 1113 4451 pluribus
1146 4362 1251 4428 verbis
