2962 4800
675 311 744 396 [aa]
1235 317 1275 378 aa

140 508 191 587 sit,
216 505 255 568 do
281 503 497 589 Corybantum
526 505 612 567 cultu
637 505 731 588 paulo
765 504 864 566 fusius
888 503 1042 567 disserere
1064 505 1141 567 satis
1164 505 1277 568 habeo.

139 610 227 683 Quos
247 606 447 691 Κορύβαντας
470 608 628 682 Θαλείαυς,
649 605 874 688 Εὐφρονανάυς,
897 604 1067 688 Ἀνδραάνς
1089 607 1129 670 ab
1153 608 1200 688 iis,
1224 608 1276 691 qui

139 714 219 775 haee
242 712 419 775 sacerdotia
448 709 674 790 condidissent,
705 712 894 794 cognomine
921 712 1056 774 traxisse
1084 709 1276 793 Foucartus,

141 837 210 878 eum
237 815 275 876 ad
300 814 412 876 similia
437 835 517 896 quac
540 814 569 874 in
588 813 787 875 Rhodiorum
811 815 909 876 saeris
935 824 1105 877 occurrunt
1129 815 1278 898 exempla

141 924 303 1002 provocat,
337 915 420 999 apud
454 915 611 998 Rayctum
647 915 692 998 (p.
727 914 802 998 128)
835 924 951 979 mouet
999 915 1048 980 lta
1084 925 1212 980 exstant
1246 917 1277 978 in

139 1041 296 1084 marrrrore
311 1019 446 1104 quodam
465 1019 613 1082 llhodiol
641 1018 963 1098 [lyaaooamoaaomt
986 1017 1150 1094 Φιλώνεια,
1172 1020 1278 1082 Διονυ-

141 1127 260 1186 orarum*
286 1121 518 1205 Χαιρημόναοι,
552 1144 633 1205 quae
667 1121 801 1203 collegia
824 1122 891 1186 sine
915 1122 1011 1185 dubio
1037 1145 1056 1185 a
1086 1123 1222 1186 Philone
1247 1131 1279 1185 et

142 1226 360 1289 Chaercmoue
377 1225 521 1287 instituta
538 1238 568 1287 ct
584 1223 789 1287 denominata
807 1226 905 1289 sune.
930 1225 979 1288 Ac
996 1226 1133 1287 Θαλείαν
1149 1225 1277 1310 quidem

141 1328 356 1413 Καρνβανταν
381 1328 482 1391 cultus
513 1327 587 1411 quin
610 1348 629 1389 a
652 1326 786 1390 Thalete
818 1328 879 1404 illo,
912 1328 999 1391 cuius
1030 1350 1060 1393 v.
1086 1332 1125 1392 95
1159 1330 1276 1392 mentio

141 1435 184 1512 fit,
208 1426 362 1514 originem
379 1431 521 1508 traxerit,
538 1452 631 1492 nemo
650 1429 820 1494 dubitabit.
860 1430 921 1502 Qui
938 1430 1055 1494 Thales
1072 1434 1140 1513 ipse
1157 1434 1276 1514 primus

145 1535 357 1618 Κορυβάντων
381 1537 519 1597 Onlrium
541 1533 691 1596 sacerdos
719 1533 817 1597 hrisse
841 1533 975 1596 videtur.
1022 1535 1084 1597 Sed
1117 1535 1278 1617 publicum

142 1648 217 1723 puto
242 1640 361 1701 facturn
385 1659 453 1701 esse
478 1637 537 1700 hoc
570 1637 796 1719 sacerdotium,
829 1659 899 1700 cum
930 1637 1129 1722 lirar'nurpog
1160 1639 1276 1719 Ἀγασι-

141 1745 255 1818 alsr'ore
278 1742 410 1804 Thalete
442 1751 571 1804 auctore
606 1742 743 1824 pretium
767 1741 844 1803 DLl
874 1741 1096 1804 drachmarum
1129 1743 1276 1806 solveret.

141 1846 221 1908 Nam
247 1846 322 1908 illud
347 1843 404 1907 ’ἐπὶ
422 1845 538 1907 Θάλεια
561 1845 689 1907 omnino
714 1865 775 1907 non
799 1844 912 1906 eadem
930 1845 959 1906 ri
977 1855 1074 1929 atque
1097 1843 1154 1906 ’ἑνὶ
1174 1849 1278 1929 Κιμμ-

141 1946 234 2012 or‘rma'
258 1971 284 2011 v.
303 1955 336 2011 dl
359 1947 608 2030 intellegendum
630 1948 703 2026 esti,
727 1948 783 2010 sed
799 1947 990 2010 Thaletis
1014 1950 1276 2012 auctoritate

141 2054 385 2135 interpretemur
410 2060 545 2134 oportet.
583 2050 700 2113 Thales
724 2052 820 2133 igitur
838 2051 996 2135 privatum
1013 2053 1151 2114 &aialim
1168 2055 1275 2132 Kopo-

139 2156 259 2237 βνὶνανν
275 2155 485 2218 sacerdotium
508 2155 622 2216 civitati
640 2156 806 2218 concessit.
844 2154 941 2217 Cuius
957 2156 1082 2236 generis
1099 2155 1277 2218 sacerdotia

142 2242 268 2343 publica
289 2259 330 2320 ab
354 2258 529 2320 hominihus
548 2259 677 2341 privatis
697 2259 739 2319 ita
757 2259 910 2335 instituta,
933 2269 966 2320 ut
984 2259 1042 2342 ipsi
1057 2260 1148 2342 primi
1166 2259 1278 2321 fierent

142 2361 333 2439 sacerdotes,
358 2361 397 2422 ah
421 2361 661 2422 Atheniensium
686 2362 782 2423 sacris
806 2359 890 2422 haud
914 2361 1020 2423 aliena
1043 2361 1142 2424 fuisse
1167 2360 1277 2422 titulus

141 2467 267 2529 Atticus
304 2464 437 2526 docetl:
481 2462 518 2524 'O
553 2461 626 2539 θεός
661 2462 790 2546 ἔχρησεν
823 2465 869 2548 τῷ
902 2463 990 2550 δήμῳ
1025 2471 1070 2550 τῷ
1104 2463 1278 2544 Ἀθηναίων

140 2573 245 2632 dorium
285 2563 340 2648 τήν
378 2567 472 2628 οἰκίαν
515 2563 570 2652 τὴν
611 2566 761 2647 Δήμωνος
800 2570 847 2627 καὶ
887 2564 940 2628 τόν
976 2573 1076 2653 κῆπον
1113 2564 1194 2648 ἱερὸν
1233 2570 1278 2648 τῷ

143 2670 323 2754 ’μίακληααίιῇ
355 2671 402 2730 καὶ.
433 2665 526 2729 αὐτόν
552 2666 693 2748 Δήμωνα
721 2666 804 2752 ἱερέα
827 2663 901 2729 εἶναι
924 2673 986 2729 κτλ.
1033 2667 1157 2731 Demon
1181 2669 1277 2751 igitur

142 2772 322 2855 Aesculapii
356 2771 523 2833 delubrum
556 2771 675 2833 civitati
708 2772 750 2832 ita
787 2770 925 2850 tradidit,
961 2779 997 2832 ut
1029 2771 1096 2853 ipse
1128 2771 1276 2834 sacerdos

141 2879 369 2941 institueretur.

244 2977 421 3041 Sodalieius
434 2998 510 3040 vero
528 2977 587 3040 fuir
600 2976 843 3040 Samothracum
861 2977 993 3040 deorum
1010 2977 1123 3057 cultus,
1141 2999 1276 3060 quorum

143 3085 238 3147 sacris
264 3080 418 3144 obeundis
451 3089 626 3160 mystarum
651 3081 802 3144 sodalitas
827 3102 954 3164 operam
979 3081 1117 3145 navavit.
1165 3080 1275 3142 Samo-

142 3188 268 3250 thraces
300 3185 395 3268 igitur
427 3183 478 3248 dei
510 3187 702 3268 aprivatis,
737 3207 798 3248 nou
830 3207 848 3246 a
876 3185 1002 3248 civitate
1033 3185 1175 3247 arcessiti
1207 3205 1276 3246 csse

142 3292 290 3354 videntur
315 3309 332 3349 e
355 3288 571 3351 Samothrace.

245 3390 420 3454 Duodecim
450 3390 586 3474 denique
612 3391 744 3454 deorum
771 3391 984 3454 sacerdotium
1013 3401 1117 3454 utrum
1145 3390 1185 3452 ad
1214 3391 1275 3474 pri-

144 3506 250 3560 vatum
270 3493 429 3578 quoddam
454 3495 621 3577 collegium
645 3495 833 3578 pertinuerit
856 3517 895 3557 an
914 3495 1075 3578 publicum
1092 3494 1196 3569 luerit,
1212 3514 1276 3556 non

141 3602 216 3663 satis
234 3599 369 3683 perspici
387 3606 508 3679 potest:
527 3620 719 3682 quamquam
735 3597 774 3659 ad
791 3600 948 3680 privatam
965 3599 1072 3681 potius
1089 3597 1275 3678 religionem

143 3703 299 3785 pertinere
324 3700 452 3763 videtur
475 3700 721 3764 Nicomacheum
753 3701 1003 3783 aNieomacho,
1037 3701 1125 3764 cuius
1160 3721 1275 3762 nornen

140 3803 233 3866 titulo
256 3802 448 3887 inscribitur,
472 3804 663 3870 dedicatum.

244 4000 252 4033 ¹
273 3996 307 4048 et.
326 3997 404 4047 Roas.
425 3997 505 4047 inser.
525 3997 596 4048 inod.
618 4013 643 4048 a.
662 3995 721 4048 989.

246 4083 317 4133 ²De
346 4084 439 4134 tatium
468 4082 648 4145 collegiorum
678 4083 768 4133 indole
797 4081 852 4147 egit
882 4080 1049 4144 oeconoma,
1077 4079 1105 4130 C.
1135 4080 1156 4130 Ι.
1186 4079 1219 4132 G.
1247 4081 1276 4132 II

141 4187 166 4222 n,
184 4169 253 4224 2525
273 4171 298 4221 b.

243 4255 306 4308 ἀἱ
326 4255 492 4307 Ditiones.
514 4255 535 4306 I.
556 4255 586 4305 G.
606 4271 632 4305 n.
651 4254 734 4307 370²&

242 4343 306 4392 tol.
326 4343 449 4393 Ditteab.
469 4342 495 4393 S.
515 4341 535 4392 l.
557 4343 589 4393 G.
609 4357 635 4392 a.
654 4342 713 4397 368.
