2962 4800
679 273 726 358 [9]
1247 275 1265 336 9

241 465 309 529 Nea
332 467 434 530 minus
450 466 662 549 Chalcedone,
687 488 757 530 cum
780 467 978 553 plebiscitum
1003 464 1144 550 (ritib)
1166 465 1265 544 ficret,

138 590 199 654 quo
227 570 437 634 sacerdotium
460 571 645 655 Aesculapii
673 571 842 634 locandum
873 570 1067 656 proponitur,
1098 568 1266 634 sacerdotii

138 677 330 758 emptionem
353 675 565 739 venditionem
589 676 765 739 institutam
795 696 862 739 esse
894 674 1108 759 epraeccptis
1138 692 1266 737 accura-

138 779 256 842 tissime
280 777 428 860 definitis,
452 779 511 843 nisi
534 779 636 843 lallor.
661 780 795 864 perspici
819 784 933 863 potest.
980 778 1029 842 Of.
1048 800 1072 842 e.
1089 799 1118 861 g.
1138 797 1165 841 v.
1184 780 1199 840 l
1220 796 1265 859 sq.

240 890 416 955 Duodecim
440 898 546 956 autem
570 892 620 955 dei
644 893 817 976 antiquitus
841 892 912 955 loco
929 891 992 973 illo,
1016 886 1175 974 qui'Iepdv
1193 884 1267 963 Διὸς

139 993 254 1074 Οὐρίου
282 995 404 1077 dieitur,
437 997 513 1060 culti
545 997 649 1061 sunt.¹
696 994 759 1059 Sed
789 994 913 1060 locandi
946 995 1051 1079 legem
1083 1015 1145 1057 non
1179 993 1266 1078 prius

137 1101 284 1184 scriptam
308 1121 376 1165 esse
400 1107 541 1185 apparel,
565 1123 657 1185 quam
680 1105 885 1182 Νικομαχεΐυν
908 1099 995 1181 illud,
1019 1098 1100 1182 quod
1125 1099 1169 1161 Ia
1193 1120 1222 1162 r.
1248 1099 1265 1161 7

136 1210 419 1283 commemoratur,
454 1202 655 1268 aedificatum
690 1211 782 1268 esset.
828 1204 935 1288 Atque
969 1202 1029 1266 hoc
1065 1207 1267 1284 Νικομαχυῖον

136 1307 299 1371 conditum
315 1328 382 1371 essa
399 1328 511 1372 censeo
529 1306 832 1394 denominatumque
848 1307 1073 1372 aNicomaalro
1090 1306 1144 1370 illo
1161 1307 1207 1386 (v.
1222 1304 1266 1387 1),

135 1410 223 1473 ouius
253 1431 345 1489 anno,
377 1432 446 1474 cum
477 1413 705 1496 praepositioni
737 1408 788 1474 ἐπί
818 1410 1015 1496 supplendae
1045 1410 1121 1473 nihil
1153 1410 1266 1490 obstet,

135 1515 297 1599 inscriptio
320 1514 405 1578 facta
429 1535 497 1579 esse
514 1514 647 1581 videtur.
681 1515 733 1578 An
756 1516 921 1600 quisquam
937 1524 1029 1600 putat
1042 1535 1116 1577 casu
1129 1512 1265 1598 quodam

136 1618 214 1681 haec
237 1619 366 1681 nomina
388 1619 517 1702 propria
539 1620 571 1682 in
595 1641 657 1684 uno
682 1619 857 1704 codemque
881 1621 972 1683 titulo
990 1640 1059 1683 esse
1075 1618 1266 1682 coniuncta?

241 1724 312 1784 Τῶν
333 1727 460 1800 μυστῶν
476 1727 560 1785 θεῶν
575 1728 638 1785 τοῖν
653 1725 686 1786 ἐν
702 1723 895 1810 Σαμοθράκῃ
911 1723 973 1803 (tit.
991 1723 1039 1803 Π)
1056 1722 1266 1786 sacerdotium

134 1825 197 1889 iam
219 1832 314 1890 antea
336 1825 444 1907 luisse,
468 1825 525 1890 sed
549 1832 616 1890 tum
641 1828 752 1911 ipsum,
780 1848 850 1891 oum
875 1827 984 1891 titulus
1007 1827 1107 1908 fieret,
1130 1826 1265 1909 primum

134 1930 269 1995 veniisse
292 1951 309 1993 e
333 1929 452 1993 verbis:
487 1928 654 1993 avvstoa‘2
683 1931 714 1994 δὲ
742 1935 790 1994 καὶ
819 1927 890 2008 τούς
922 1929 1058 2012 ladriacus
1087 1932 1125 2009 ἐμ
1157 1926 1266 2002 πάσαις

135 2041 198 2109 ταῖς
220 2032 356 2110 συνόδοις
376 2031 456 2113 μετά
479 2040 535 2096 τοῦ
557 2033 890 2118 προϋπάρχοντος
920 2033 1021 2116 ἱερέως
1050 2039 1110 2096 τῶν
1139 2037 1267 2111 μυστῶν

135 2138 335 2220 perspicuum
359 2145 416 2202 est.
464 2136 546 2201 Nam
570 2160 671 2224 usque
693 2138 733 2203 ad
763 2141 847 2203 vitae
877 2141 970 2203 finem
1001 2139 1135 2224 emptori
1165 2158 1267 2202 sacer-

135 2240 255 2303 dotium
279 2262 348 2305 esse
371 2240 652 2306 administrandum
676 2264 703 2307 v.
727 2246 746 2307 3
772 2243 880 2308 docet:
913 2242 1065 2326 ἱερήσετοι
1089 2239 1147 2306 deo?
1169 2243 1266 2323 βίου.

240 2351 364 2417 Horum
393 2354 489 2438 igitur
518 2353 558 2420 de
589 2356 702 2440 quibus
732 2356 835 2420 adhuc
868 2357 990 2441 egimus
1020 2356 1268 2420 sacerdotiorum

135 2455 361 2537 venditionem,
386 2480 448 2542 quo
470 2465 613 2542 tempore
636 2460 694 2544 ipsi
719 2461 801 2525 tituli
825 2462 1062 2534 conficerentur,
1090 2460 1266 2523 institutam

135 2581 205 2623 csse
229 2567 317 2624 certo
340 2568 473 2626 constat.
512 2564 619 2648 Atque
643 2565 862 2649 inscriptiones
885 2565 983 2649 ipsae,
1007 2585 1088 2649 quae
1112 2564 1173 2626 huc
1195 2582 1267 2644 per-

135 2664 254 2742 tinent,
284 2665 484 2729 sacerdotnm
518 2673 550 2731 et
580 2666 713 2731 iura'ot
745 2668 850 2732 officia
882 2671 951 2753 plus
983 2670 1087 2732 minus
1119 2672 1265 2731 accurate

135 2766 327 2833 mmmm

238 2880 374 2943 Prorsus
398 2881 558 2946 diversum
581 2891 629 2946 est
653 2892 873 2965 argumentum
891 2884 976 2948 tituli
992 2882 1162 2970 Erythraei
1178 2881 1266 2963 (IV),

136 2985 188 3068 qui
218 3004 281 3048 non
313 2984 405 3048 unius
436 2991 559 3048 tantum
587 2986 752 3050 sacerdotii
782 2987 996 3052 venditionem
1032 3009 1133 3072 neque
1169 2987 1267 3051 ullam

135 3088 292 3152 vendendi
315 3089 539 3172 condicionem,
572 3092 626 3155 sed
659 3093 830 3155 multarum
862 3093 1078 3157 venditionum
1102 3112 1268 3155 recensum

136 3192 284 3255 continet.
322 3191 394 3255 Hae
409 3192 611 3257 venditiones
636 3195 679 3256 ita
695 3193 866 3279 dispositae
886 3203 968 3275 sunt,
995 3201 1037 3277 ut,
1060 3216 1268 3281 quaecunque

136 3295 316 3360 sacerdotia
341 3297 433 3358 unius
456 3298 528 3359 anni
556 3300 660 3381 spatio
692 3299 850 3375 venibant,
881 3300 918 3361 iis
949 3321 1063 3362 nomen
1095 3299 1267 3384 hieropoei,

137 3398 190 3482 qui
211 3405 258 3462 est
274 3398 358 3484 apud
375 3399 569 3485 Erythraeos
586 3403 789 3486 magistratus
807 3405 1014 3489 eponymus,³
1037 3403 1266 3488 praemittatur.

137 3499 184 3566 Cf.
210 3524 237 3566 e.
260 3524 291 3583 g.
313 3523 342 3566 V.
366 3506 406 3567 94
431 3504 520 3588 (99);
551 3505 614 3569 a‘r'dr
639 3506 780 3587 iepptaion
804 3507 986 3590 ἐπράθησαν
1013 3504 1267 3589 (ἐπεπράθησαν)

137 3604 187 3689 ἐφ’
220 3603 373 3686 ἱεροποιοῦ
406 3607 607 3692 Ἀπατουρίου
639 3608 734 3692 μηνὸς
767 3616 953 3694 Ληναιῶνος.
1008 3611 1131 3685 Quibus
1165 3611 1269 3676 verbis

138 3708 314 3771 continuari
338 3711 442 3775 solent
467 3712 501 3794 1)
526 3734 641 3777 nomen
665 3715 732 3778 eius
756 3714 815 3790 dei,
839 3715 927 3778 cuins
945 3714 1153 3778 sacerdotium
1175 3717 1269 3794 venit,

137 3811 173 3892 2)
197 3815 367 3878 sacerdotii
382 3818 528 3902 pretium,
552 3819 586 3900 3)
610 3820 769 3904 sponium,
792 3818 828 3901 4)
846 3840 960 3884 nomen
977 3819 1140 3903 emptoris,
1163 3817 1199 3900 5)
1215 3840 1268 3883 no-

240 4077 249 4110 ¹
267 4075 302 4127 ci.
322 4074 428 4140 Mullor,
448 4076 480 4129 G.
500 4077 532 4129 G.
552 4078 615 4130 min.
634 4079 671 4130 11.
690 4096 714 4145 p.
734 4078 777 4131 57.
796 4079 838 4132 75.

239 4163 250 4195 ⁹
268 4163 315 4214 sol.
335 4159 349 4214 ὁ
368 4164 505 4232 πριάμενος.

239 4245 249 4280 ³
268 4248 304 4301 ol.
322 4249 453 4301 Doermer
472 4250 529 4315 ,De
549 4251 713 4304 Graecorum
732 4250 904 4313 sacrificulis,
924 4253 970 4321 qui
990 4255 1112 4322 ἴερονιοιοί
1126 4251 1267 4304 dicuntur“

136 4332 164 4382 in
182 4331 324 4385 Dissertat.
344 4335 438 4401 philol.
459 4340 634 4403 Argentorat.
654 4340 705 4390 vol.
727 4339 795 4390 VIII
815 4356 839 4405 p.
862 4339 899 4391 19.
