2956 4822
241 279 282 341 ro
768 278 859 364 [aa]

237 451 436 511 mercaturae
465 443 616 510 Teiorum
649 443 680 509 in
713 444 857 511 futurum
892 447 1076 518 consulitur.
1123 449 1264 518 Publicis
1296 457 1381 523 enim

238 551 391 636 impensis
415 549 578 635 importari
602 549 760 614 frumenta
783 545 958 636 peregrina
975 553 1041 637 regi
1065 555 1186 620 uolenti
1215 579 1277 622 non
1303 569 1382 640 erat,

241 655 391 741 quoniam
413 655 480 718 suis
504 653 595 717 terris
618 654 819 719 incommoda
842 655 977 720 indens
1001 657 1113 722 fierent
1137 660 1283 726 timebat:
1308 665 1380 738 Qua

240 781 275 823 re
305 757 383 822 illud
414 780 476 823 non
510 760 540 822 in
570 759 769 834 uniuersum,
807 760 861 823 sod
897 780 936 823 eo
974 768 1097 824 tantum
1132 772 1278 850 ternpore
1317 791 1381 854 quo

239 864 458 949 synoeoisrnus
474 871 724 950 compararetur,
750 869 784 925 ut
801 863 891 927 tieret
907 868 1074 932 concessit.
1112 868 1249 934 Multum
1273 881 1380 938 temen

239 967 342 1048 abest,
365 975 400 1030 ut
423 968 612 1030 commercia
635 967 754 1031 ciuium
769 967 956 1032 imminuere
978 970 1067 1035 uelit.
1099 970 1212 1058 Neque
1234 977 1381 1058 priuatos

239 1073 400 1138 frumenta
422 1091 557 1156 peregre
581 1071 754 1154 importare
778 1079 878 1135 uetat.
922 1073 1064 1140 Maxime
1087 1084 1195 1142 autem
1219 1084 1381 1165 exportari

143 1194 145 1198 ’
238 1177 386 1241 frumenti
410 1197 504 1261 quarn
529 1174 697 1259 plurimum
714 1183 832 1260 posset,
856 1177 1015 1261 cupiebat.
1048 1179 1120 1254 Quo
1145 1189 1177 1246 et
1193 1187 1379 1251 commercia

238 1281 388 1347 Teiorum
404 1279 614 1364 augebantur,
632 1286 662 1341 et
678 1278 821 1344 barbaris
837 1280 986 1360 (initiaris,
1003 1284 1055 1367 qui
1074 1286 1102 1347 in
1120 1289 1202 1369 regis
1217 1297 1378 1372 potestate

239 1394 330 1450 erant
346 1390 378 1449 et
389 1384 509 1449 tributa
527 1384 555 1450 ei
568 1383 747 1464 soluebant,
764 1391 896 1448 exactus
911 1383 1142 1451 frumentorum
1155 1391 1378 1474 praebebatur.

238 1490 310 1566 Qua
339 1511 373 1554 re
413 1489 551 1553 remissis
587 1487 733 1552 omnibus
770 1489 920 1553 oneribus
964 1510 1046 1574 quae
1084 1495 1201 1558 remitti
1232 1510 1375 1582 possunt,

237 1594 389 1659 adiuuare
422 1613 478 1656 eos
511 1591 620 1657 studet
650 1592 703 1676 qui
731 1592 892 1657 frumenta
923 1597 1121 1679 exportaturi
1145 1606 1230 1663 sunt.
1278 1599 1376 1665 Simul

237 1700 372 1763 fortasse
396 1696 568 1781 uectigalia
591 1696 731 1761 curabat
755 1718 838 1782 quae
859 1706 896 1761 ut
918 1697 982 1762 lasi
1004 1701 1087 1783 regis
1111 1702 1238 1766 nornine
1262 1714 1376 1769 exacta

238 1825 307 1869 esse
338 1801 520 1866 Boeokbius
550 1802 674 1865 censuit
702 1800 794 1883 (clu
818 1803 933 1883 2673),
967 1803 1011 1866 ita
1040 1805 1108 1869 fieri
1137 1810 1253 1891 potuit,
1278 1817 1314 1873 ut
1345 1811 1374 1872 in

236 1915 331 1993 portu
354 1905 506 1969 Teiorum
529 1904 572 1968 ab
595 1905 758 1986 Antigono
783 1906 998 1988 exigerentur.

761 2164 778 2245 ι
803 2167 852 2230 12.

341 2358 474 2422 Praeter
498 2377 537 2422 ea
559 2376 642 2440 quac
659 2356 874 2439 superioribus
890 2360 1098 2443 paragraphis
1122 2361 1188 2424 fieri
1212 2362 1372 2441 iubentur,

235 2465 259 2530 si
284 2463 398 2549 quibus
414 2482 495 2546 opus
518 2463 558 2524 sit
574 2460 804 2524 constituendis
827 2460 867 2525 ad
885 2462 1117 2546 synoooismum
1136 2467 1373 2548 perficiendum,

234 2566 303 2632 Teii
334 2574 366 2631 et
390 2564 522 2630 Lebedii
545 2564 723 2648 postulunt,
755 2574 790 2628 ut
821 2585 860 2628 ea
890 2567 1125 2630 constituantur
1156 2589 1176 2632 a
1205 2591 1265 2635 sex
1290 2572 1372 2653 uiris,

235 2691 370 2755 quorum
388 2669 469 2733 terni
482 2669 523 2732 ab
546 2675 681 2752 utraque
704 2669 836 2733 ciuitate
860 2669 1018 2753 eligantur
1041 2672 1089 2752 (ut
1113 2694 1210 2759 supra
1233 2675 1263 2739 in
1289 2675 1306 2757 ξ
1329 2674 1371 2756 8).

235 2774 329 2848 Quod
346 2795 418 2838 cum
442 2773 511 2857 regi
530 2772 769 2837 eoncedendum
787 2773 943 2854 uideatur,
966 2797 1024 2838 sex
1043 2775 1128 2841 uiros
1144 2778 1225 2840 intra
1243 2779 1371 2863 triginta

235 2878 356 2943 dierum
396 2880 534 2963 spatium
572 2878 671 2942 creari
708 2877 813 2940 iubet:
857 2877 886 2941 lri
926 2900 1010 2964 quae
1048 2882 1205 2945 communi
1244 2885 1372 2948 oonsilio

233 2985 423 3062 statuerint,
453 2982 478 3046 si
502 2982 544 3046 ab
576 2991 709 3066 utroquo
740 2981 868 3046 ciuitate
891 2984 1125 3067 approbentur,
1150 2993 1219 3050 rata
1245 3011 1325 3070 csse,
1347 2989 1371 3051 si

235 3087 310 3173 quid
335 3108 445 3151 eorum
469 3088 551 3151 inter
568 3085 663 3151 'Peios
689 3096 720 3150 et
745 3086 905 3152 Lebedios
929 3088 1031 3151 rrriuus
1055 3091 1251 3173 conueniret,
1275 3093 1314 3156 ad
1338 3114 1371 3157 se

231 3191 352 3257 referri.

568 3467 628 3532 DE
652 3468 816 3533 EDICTO
840 3467 1031 3536 toruae.

334 3695 482 3762 Alterum
513 3696 650 3760 edictum
680 3716 743 3780 qua
774 3696 940 3759 occasione
973 3716 1036 3759 non
1061 3697 1161 3761 multo
1185 3708 1258 3782 post
1282 3700 1367 3785 prius

231 3802 351 3869 editum
382 3803 441 3880 sit,
474 3821 572 3884 supra
608 3800 784 3884 signifioaui
817 3801 861 3885 (p.
895 3800 958 3878 17).
1006 3799 1085 3864 Cum
1119 3802 1201 3864 enim
1241 3825 1300 3868 rex
1338 3803 1368 3865 iu

230 3907 394 3993 superiore
416 3905 520 3969 edicto
544 3902 649 3986 (ξ12)
672 3904 774 3968 tribus
799 3904 962 3968 mensibus
986 3906 1100 3968 iterum
1123 3905 1247 3989 legatos
1270 3908 1310 3971 ad
1334 3928 1367 3971 se

230 4009 312 4075 mitti
329 4011 445 4090 iubeat,
469 4009 501 4072 in
516 4009 619 4072 altero
635 4007 670 4093 (ξ
687 4007 742 4091 13)
765 4009 865 4091 legati
888 4008 927 4073 ad
946 4030 1054 4093 regern
1073 4010 1197 4073 uenisse
1214 4010 1366 4088 dicantur,

230 4114 288 4179 hos
312 4116 454 4200 suspicor
476 4112 516 4177 de
539 4113 584 4176 eis
607 4114 702 4176 rebus
726 4113 810 4198 apud
836 4114 1032 4196 Antigonum
1057 4113 1157 4177 uerba
1179 4114 1293 4180 iecisse
1327 4114 1366 4179 de

229 4219 345 4304 quibus
375 4227 412 4281 ut
444 4216 484 4281 ad
515 4239 550 4281 se
573 4216 746 4281 referretur
768 4239 827 4282 rex
849 4225 1023 4299 statuerat,
1047 4218 1167 4283 scilicet
1191 4218 1230 4284 de
1254 4218 1365 4305 quibus

229 4325 312 4388 inter
334 4318 430 4387 Teios
453 4329 486 4386 et
508 4320 670 4385 Lebedios
693 4321 866 4385 conuenire
888 4342 952 4386 non
975 4330 1112 4406 poterat.
