2956 4822
229 285 270 347 rs
752 227 843 363 [144]

226 479 336 540 nostro
359 474 430 537 loco
454 473 495 537 de
510 472 636 537 tributis
654 469 809 558 (εἰσφορᾷ)
825 471 960 535 uerbum
978 468 1060 548 τέλος
1077 479 1265 557 usurpatum
1284 494 1366 553 osse,

228 578 409 661 Antigonus
433 584 540 642 autem
567 576 598 641 in
634 576 679 640 eis
709 596 790 661 quae
821 580 1018 660 sequuntur,
1051 597 1114 639 non
1138 597 1256 640 nouam
1280 579 1367 643 uiam

227 687 431 764 monstrasse,
454 680 511 746 scd
535 681 717 766 legatorum
742 678 874 744 consilio
897 678 1109 763 adstipulatus
1133 702 1205 745 esse
1227 683 1369 747 uidetur.

227 785 279 852 De
300 807 363 871 quo
387 791 557 872 postquam
586 785 765 849 accuratius
794 804 952 848 unacum
982 785 1043 848 illis
1066 783 1273 873 deliberarit,
1308 786 1369 851 hoc

226 890 256 954 ni
286 889 380 954 fallor
417 889 587 975 praecipit:
627 909 700 953 cum
736 896 831 952 antea
868 909 932 952 non
969 889 1030 952 nisi
1068 888 1212 953 ditissimi
1248 891 1368 955 ciuium

227 994 379 1058 Teiorum
411 993 531 1058 tributa
559 998 634 1058 ante
665 999 813 1077 tempora
851 993 993 1077 legitima
1022 994 1196 1078 soluerint,
1230 995 1257 1059 si
1290 996 1366 1081 quid

227 1097 348 1163 ciuitati
377 1096 554 1184 sumptibus
584 1097 845 1161 extraordinariis
878 1118 958 1180 opus
990 1107 1091 1162 esset:
1123 1108 1158 1162 ut
1192 1120 1278 1196 nuqc
1302 1123 1367 1165 non

227 1201 329 1266 solum
360 1201 405 1264 illi
436 1199 493 1267 sed
517 1222 627 1265 omnes
660 1202 747 1265 ciues
778 1201 965 1286 locupletes,
991 1202 1042 1285 qui
1067 1204 1129 1266 sint
1161 1207 1322 1286 sexcenti,
1350 1229 1367 1270 e

228 1327 325 1370 censu
341 1307 448 1371 statim
471 1305 583 1369 tributi
606 1305 678 1370 loco
704 1310 826 1369 tautam
842 1307 1010 1392 pecuniam
1033 1306 1170 1389 soluant,
1194 1316 1230 1371 ut
1254 1318 1367 1395 quarta

227 1431 300 1495 pars
324 1410 498 1494 pretiorum
521 1410 593 1474 ilico
617 1408 769 1475 Lebediis
793 1408 924 1473 dissolui
948 1411 1059 1495 possit.

330 1512 375 1579 Ut
391 1522 498 1579 autem
514 1513 664 1580 Lebediis
688 1514 780 1578 simul
797 1513 960 1579 stimulum
977 1515 1159 1595 admoueat,
1182 1538 1246 1600 quo
1264 1519 1365 1602 magis

227 1616 339 1682 domos
363 1624 529 1682 exstruere
554 1624 723 1701 maturent,
750 1623 785 1682 ut
810 1619 863 1701 qui
887 1618 979 1702 primi
996 1621 1161 1684 materiam
1179 1622 1365 1705 coemerint,

228 1723 271 1786 ita
293 1722 401 1807 primis
424 1721 528 1807 pretia
551 1721 631 1786 solui
652 1743 711 1787 rex
735 1721 834 1788 iubet.

751 1945 767 2031 ς
793 1951 843 2012 14.

1017 2078 1030 2104 7

330 2139 375 2203 Ut
390 2145 503 2223 quarta
519 2158 591 2224 pars
607 2139 784 2223 pretiorum
800 2137 949 2204 Lebediis
964 2141 1071 2203 statim
1087 2141 1241 2222 soluatur,
1258 2144 1365 2228 priore

228 2243 429 2331 paragrapho
443 2244 606 2307 statuitur.
635 2240 751 2321 Cetera
764 2241 850 2307 unde
866 2241 1067 2328 procuranda
1084 2252 1199 2327 essent,
1223 2247 1366 2310 indidem

227 2349 373 2414 nimirum
398 2347 483 2412 unde
507 2345 580 2430 illa,
611 2347 670 2410 dici
695 2369 775 2435 opus
799 2368 862 2411 non
887 2355 973 2430 orat3
1005 2349 1067 2412 hoc
1096 2357 1202 2413 autem
1227 2362 1367 2435 praeter·

226 2454 308 2517 mitti
341 2452 394 2516 uix
423 2458 569 2536 poterat,
603 2451 687 2514 intra
720 2451 805 2537 quod
839 2458 966 2536 tempus
1001 2461 1129 2517 ceterae
1160 2460 1225 2518 tres
1257 2466 1364 2538 partes

227 2557 439 2622 soluerentur.
486 2556 614 2630 Quare
639 2577 709 2619 oum
733 2553 976 2640 Waddingtono
1011 2556 1078 2621 fere
1102 2557 1132 2621 in
1156 2557 1245 2621 initio
1271 2559 1364 2624 huius

192 2706 194 2709 -
225 2660 419 2747 paragraphi
452 2659 615 2745 suppleui:
650 2665 714 2724 τῶν
746 2659 777 2723 δὲ
813 2666 908 2739 τιμῶν
939 2657 1028 2737 ἴτους
1061 2664 1223 2739 διεστῶτος
1257 2667 1366 2726 πασῶν

226 2763 488 2846 συντασσομένων.
535 2761 622 2841 ἔτους
637 2765 758 2849 scripsi,
783 2785 823 2830 ne
846 2763 991 2828 lacunam
1008 2764 1229 2854 relinquerem,
1254 2789 1364 2852 quam·

228 2890 322 2956 quarn
353 2865 429 2952 quid
462 2869 493 2931 in
523 2867 630 2952 lapide
653 2868 768 2950 fucrit,
798 2866 965 2933 diiudicari
989 2889 1052 2931 non
1075 2875 1189 2955 potest.
1236 2868 1273 2934 Iu
1299 2894 1362 2938 uuo

227 2972 375 3036 nimirum
399 2970 598 3048 offendimur,
623 2972 703 3036 hanc
727 2994 794 3038 rem
816 2974 967 3057 genetiuo
986 2973 1133 3038 absoluto
1157 2972 1196 3037 ad
1222 2997 1364 3061 eaquae

227 3082 402 3161 sequuntur
432 3076 592 3141 adnexam
623 3096 712 3156 esse,
749 3077 938 3160 quibuscum
968 3077 1073 3141 minus
1105 3086 1172 3144 arte
1203 3078 1364 3147 cohaeret.

228 3177 287 3244 Cui
310 3188 417 3244 tamen
441 3177 621 3244 difficultati
644 3179 766 3244 mederi
789 3181 905 3244 nescio,

331 3281 479 3348 Secundo
509 3282 580 3347 loco
612 3281 788 3369 delegatis
812 3283 984 3364 mittendis,
1009 3285 1103 3350 etde
1127 3287 1171 3351 eis
1194 3290 1248 3373 qui
1271 3290 1366 3354 aesti-

226 3394 367 3452 matores
391 3385 556 3453 domorum
572 3387 796 3452 chediarum»
812 3396 843 3452 et
868 3388 907 3454 de
933 3390 977 3454 eis
1000 3391 1054 3475 qui
1078 3391 1166 3474 leges
1189 3391 1363 3458 eCoorum

227 3493 356 3558 ciuitate
377 3492 559 3556 arcessituri
584 3498 699 3572 essent,
722 3490 792 3556 Teii
817 3499 848 3557 et
869 3492 1003 3558 Lebodii
1026 3492 1112 3578 apud
1135 3517 1244 3580 regem
1268 3500 1367 3564 uerba

161 3650 165 3658 r
227 3650 432 3660 —m—

226 3737 361 3808 γεγένηται,
380 3739 440 3791 οὔτε
464 3734 604 3805 ἡὺμετὲρα
628 3739 688 3791 οὔτε
713 3734 939 3805 ἧΜιτνληνιιίων,
964 3737 1024 3791 duri
1048 3745 1088 3792 καὶ
1110 3747 1229 3811 χορηγίας
1253 3739 1366 3814 ἓχορήγει

226 3832 266 3879 καὶ
285 3825 341 3890 τέλη
359 3833 496 3890 κατετίθει,
515 3825 562 3878 ubi
581 3824 614 3876 de
634 3826 745 3878 tributis
765 3827 855 3891 potius
881 3841 961 3893 quam
981 3828 1013 3878 de
1033 3826 1218 3891 uectigalibus
1237 3829 1365 3894 portitori

226 3912 323 3964 solutis
343 3926 438 3963 uocem
458 3911 588 3978 accipias,
606 3910 741 3980 siquidem
766 3913 849 3963 otiam
868 3912 894 3962 in
915 3912 1046 3964 Dinarchi
1066 3929 1104 3964 or.
1122 3910 1140 3964 2
1158 3914 1198 3981 (p.
1220 3911 1279 3977 107)
1298 3913 1313 3979 ἕ
1335 3915 1364 3968 17

227 3998 311 4050 uerba
329 4000 351 4049 ri
369 3997 400 4050 ul
419 4001 476 4064 τέλη
495 4002 560 4050 τελεῖ
585 3996 687 4049 diserte
706 4001 872 4065 respondent
892 3998 933 4049 his
953 4014 1023 4065 quac
1042 3999 1135 4066 paullo
1155 4005 1215 4066 post
1234 4001 1364 4064 leguntur

227 4082 254 4135 ln
274 4082 289 4149 ᾖ
310 4082 355 4135 18:
375 4084 426 4137 τῶν
450 4083 479 4136 δ’
501 4089 579 4137 ἄλλων
599 4083 737 4150 Ἀθηναίων
756 4088 976 4152 sioprpo'rrrur
1001 4084 1028 4137 ἔκ
1047 4087 1098 4138 uir
1116 4086 1193 4149 idrus,
1211 4085 1286 4146 celto<
1305 4086 1364 4140 oriris

227 4171 279 4223 τῶν
295 4172 423 4236 δημοσίων
440 4176 481 4224 nai
500 4169 535 4224 alr
553 4169 617 4237 ulpio
637 4171 666 4223 τό
685 4171 801 4241 ἆρ’γὺριον
827 4176 895 4223 r'irrnr
919 4170 1051 4224 ἐκτέτικεν.
1089 4170 1131 4223 Cf·
1150 4173 1262 4224 Aristot.
1285 4174 1365 4226 Polli.

226 4255 316 4324 o,11:
336 4256 350 4324 ἡ
368 4256 471 4329 εἶσφορᾰ
490 4257 542 4311 τῶν
559 4259 641 4311 τελῶν.
669 4257 757 4309 lltiam
778 4257 878 4309 Pollux
897 4257 935 4323 (9,
949 4256 996 4323 31)
1016 4257 1050 4310 ad
1070 4258 1184 4311 uerbum
1204 4263 1274 4318 etto<
1293 4261 1366 4313 iuter

227 4343 285 4399 {lla
303 4342 448 4412 adscripsit
466 4346 616 4415 εἰσενεγκεῖν.
