2970 4814
239 292 280 354 aa
677 326 715 334 -
765 285 850 374 [rou
897 322 938 333 -

240 501 298 544 suo
330 480 473 544 Soranus
497 477 641 557 dederit,
675 484 763 544 certe
793 477 875 542 scire
899 477 972 563 quis
995 481 1125 563 potest?
1163 475 1251 539 Fieri
1278 495 1378 560 posse

240 591 276 647 ut
303 604 414 648 veram
446 583 552 668 operis
585 582 828 668 inscriptionem
860 582 891 646 in
922 582 961 646 iis
988 581 1183 660 habeamus,
1222 600 1286 643 non
1316 599 1378 664 ego

240 686 379 772 negabo.
424 685 476 751 De
501 686 637 751 materie
662 686 823 772 exemplis
845 686 967 751 relictis
991 683 1120 750 abunde
1143 673 1292 748 constat.³

242 873 249 880 ι
328 788 422 854 Ηοεε
456 788 648 854 Ermerinsii
680 787 780 853 verba
814 788 913 852 miror
945 786 1030 873 quod
1057 787 1210 872 Voigtins
1244 786 1376 851 silentio

239 895 416 979 praeteriit.
453 893 483 958 N
486 915 528 958 on
543 893 703 958 contineri
717 900 828 959 autem
843 893 909 957 illis
925 892 1051 957 verbis:
1075 888 1152 977 περὶ
1175 891 1380 978 κατασκευῆςΙ

238 998 297 1082 τοῦ
325 990 506 1085 ἀνθρώπου
537 995 594 1063 καὶ
622 989 804 1081 ὀνομασίας
835 991 968 1062 πάντων
993 997 1058 1062 τῶν
1089 995 1196 1080 μελῶν
1229 992 1286 1060 καὶ
1314 995 1379 1059 τῶν

238 1096 411 1184 στοιχείων
441 1102 570 1167 titulum
600 1121 705 1187 neque
729 1102 844 1188 capitis
874 1098 1036 1186 deperditi
1067 1102 1126 1163 167
1156 1119 1263 1184 neque
1294 1098 1378 1162 alius

238 1205 409 1271 cuiusdam
427 1207 540 1292 capitis
557 1205 631 1270 libri
648 1203 785 1271 Soranei
800 1202 878 1291 περὶ
893 1198 1083 1290 γυναικείων
1105 1203 1239 1281 παθῶν,
1263 1224 1377 1268 verum

238 1310 358 1396 integri
385 1309 460 1374 libri
488 1316 717 1396 argumentum
746 1308 921 1395 significari
950 1307 1168 1374 certissimum
1196 1313 1256 1373 est.
1302 1305 1378 1370 Non

237 1414 327 1499 'enim
350 1414 542 1500 protulisset
565 1414 712 1480 Soranus
735 1413 767 1478 in
790 1413 953 1500 prioribus
978 1412 1139 1498 capitibus
1163 1411 1377 1498 etymologias

237 1516 471 1600 uocabulorum
485 1512 603 1606 μήτρα,
621 1510 748 1604 ὑστέρα,
769 1512 897 1605 δελφίς,
913 1511 1032 1602 χόριον,
1057 1509 1193 1603 ἀγγεῖον,
1218 1509 1376 1601 δεύτερον,

239 1614 385 1707 ὕστερον,
420 1616 627 1709 πρόρρηγμα,
660 1617 777 1705 μύλος,
813 1622 840 1685 si
872 1621 906 1685 in
933 1621 1112 1707 posteriore
1136 1621 1244 1706 aliquo
1268 1620 1376 1706 capite

231 1724 341 1790 >verba
363 1726 498 1792 lecisset
528 1723 604 1812 περὶ
633 1720 815 1811 ὀνομασίας
843 1720 977 1791 πάντων
1004 1727 1069 1791 τῶν
1095 1724 1202 1808 μελῶν
1229 1721 1286 1788 καί
1313 1722 1378 1789 τῶν

239 1826 418 1912 στοιχείων.
458 1830 668 1916 Significatur
690 1837 800 1897 autem
821 1831 878 1895 illo
895 1831 989 1895 titulo
1006 1830 1074 1895 sine
1090 1829 1159 1894 ulla
1174 1827 1377 1893 dubitatione

241 1932 327 1999 idem
352 1932 466 1999 Sorani
496 1935 599 2017 liber,
628 1936 721 2001 cuius
744 1935 898 2001 Melctius
925 1935 1125 2001 mentionem
1148 1933 1236 1998 facit.
1282 1932 1377 2008 Quod

241 2061 319 2105 vero
352 2041 414 2106 hoc
443 2042 514 2106 loco
548 2042 634 2108 liber
667 2043 723 2108 ille
758 2043 945 2108 inscribitur
979 2038 1056 2127 περὶ
1090 2041 1293 2128 κατασκευῆς
1318 2040 1378 2106 τοῦ

240 2136 438 2230 ἀνθρώπου,
471 2166 536 2210 non
565 2144 642 2233 περὶ
665 2141 794 2234 φύσεως
815 2139 1012 2233 ἀνθρώπου,
1041 2144 1073 2209 id
1097 2145 1152 2209 vix
1182 2165 1376 2230 quemquam

243 2247 395 2328 offendet,
419 2249 473 2333 qui
495 2251 681 2335 respexerit
702 2251 954 2337 ipsum-titulum
971 2249 1078 2336 operis
1095 2248 1264 2314 Meletiani
1280 2247 1376 2313 modo

242 2350 332 2437 (pag.
358 2357 384 2432 1,
399 2355 428 2417 3.
442 2350 476 2438 4)
500 2351 576 2439 περὶ
600 2355 660 2442 τῆς
681 2356 741 2421 τοῦ
755 2347 938 2441 ἀνθρώπου
953 2354 1156 2441 κατασιενῆς
1177 2352 1270 2417 modo
1287 2352 1376 2439 (pag.

243 2459 303 2537 1,5
321 2462 354 2520 et
370 2460 428 2535 5,1
448 2456 536 2543 apud
559 2456 765 2545 Cremeram)
788 2457 865 2545 περὶ
889 2454 1018 2547 (μύσεως
1040 2449 1220 2543 ἀνθρώπου
1237 2456 1327 2520 citari
1339 2455 1376 2542 ¹).

313 2560 401 2639 ⁴Hac
437 2582 478 2625 ex
513 2562 725 2649 inscriptione
756 2571 928 2652 praetcrea
957 2565 1081 2642 elucet,
1118 2560 1278 2646 quomodo
1307 2560 1376 2625 fieri

234 2664 398 2751 potuerit,
421 2671 458 2729 ut
473 2664 548 2729 Rufi
565 2666 751 2748 scholiasta,
774 2668 895 2755 qnippe
912 2667 966 2753 qni
983 2665 1152 2731 materiam
1176 2663 1280 2749 magis
1303 2663 1376 2728 libri

242 2766 382 2843 Soranei,
408 2769 587 2855 respiceret
610 2791 707 2855 qnam
737 2772 882 2852 titulum,
910 2771 992 2836 haec
1021 2768 1195 2834 scriberet:
1225 2761 1377 2852 Σωρανὸς

240 2869 274 2937 ἐν
296 2872 342 2959 τῷ
365 2871 442 2959 περὶ
466 2865 651 2958 ὀνομασιῶν
671 2871 869 2964 μονοβίβλῳ.

717 3221 823 3287 clear
845 3220 905 3286 IV.

241 3356 445 3423 Meletium
476 3362 639 3426 maioris
677 3359 724 3426 ad
754 3360 896 3426 Sorani
927 3360 1072 3424 librum
1108 3355 1195 3442 arpi
1228 3352 1375 3443 ιμίσεως

241 3454 462 3549 ᾁνθροίντοο
497 3464 806 3530 restituendum
841 3464 1104 3529 auctoritatis
1136 3484 1229 3527 esse
1261 3481 1375 3546 quam

646 3575 801 3635 ceteros
824 3569 970 3634 fontes.

328 3704 462 3786 Restat,
496 3712 533 3768 ut
566 3706 733 3771 nonnullis
766 3706 986 3772 demonstrem
1025 3705 1185 3790 exemplis
1220 3704 1374 3788 scriptum

243 3808 455 3872 Melctianum
479 3809 580 3872 multo
602 3809 773 3875 meliorem
789 3810 947 3876 exhibere
970 3815 1097 3875 textum
1120 3809 1374 3894 fragmentorum

245 3911 464 3978 Sorancornm
489 3935 585 3999 qnam
602 3914 862 4001 Etymologicum
879 3915 1009 3981 Orionis
1033 3921 1090 3978 aut
1113 3920 1223 3978 cctcra
1237 3910 1374 3997 Etymo-

291 4135 292 4138 Ἴ
314 4072 333 4135 ¹)
354 4067 438 4121 aliud
451 4067 548 4122 Sorani
567 4067 701 4137 scriptum
720 4068 750 4122 in
768 4067 911 4122 codicibus
920 4069 1008 4122 fertur
1027 4067 1077 4122 suh
1096 4066 1180 4121 titulo
1199 4064 1261 4135 περὶ
1278 4084 1375 4134 μονοι-

241 4154 322 4208 κείων
346 4156 458 4219 ποθῶν,
487 4173 549 4210 cunr
568 4154 735 4224 Hesychius,
762 4154 883 4211 Oribasii
903 4155 1064 4218 scholiasta,
1091 4152 1140 4208 alii
1164 4151 1375 4222 inscriptionem

240 4242 383 4309 percernere
402 4242 561 4312 praebcant.
