2954 4808
742 309 831 392 [ms]

476 499 522 564 Ni
544 502 728 584 iustiqemus
743 503 847 582 etium,
871 509 905 565 ut
919 502 1027 565 uultus
1050 503 1138 566 iocus
1153 505 1375 586 relinquatur

1138 607 1265 688 preci?

324 703 551 770 Coniunctivus
567 707 741 790 imperfecti
760 708 818 770 hnc
834 729 929 771 sensu
945 709 1067 790 positus
1085 709 1229 772 occurrit
1247 710 1373 776 Bacch.

220 813 298 876 563:

478 913 562 994 Qui?
585 912 640 977 tibi
662 934 724 977 mou
746 916 944 978 meretricum
968 915 1107 978 alierum
1132 923 1206 978 erut
1225 918 1369 981 Athenis

1151 1022 1258 1101 coria,

477 1120 667 1201 Quibuscum
697 1122 824 1186 tenderes
846 1143 929 1200 rem,
958 1124 1022 1186 uisi
1053 1142 1123 1185 cum
1153 1124 1235 1204 itta,
1268 1147 1371 1209 quum

886 1246 940 1309 eqo
963 1226 1161 1289 mandassem
1185 1225 1256 1304 tibi,

480 1327 643 1412 Occiperes
666 1335 728 1392 tute
750 1331 816 1411 ipse
841 1349 951 1393 amare
972 1335 1000 1392 et
1022 1330 1065 1392 mi
1086 1330 1150 1391 ires
1176 1332 1363 1394 consultum

1147 1432 1259 1497 eunte?

324 1552 494 1616 Praeterea
523 1556 695 1637 comparari
727 1559 861 1636 possunt
892 1552 1009 1616 Pseud.
1033 1555 1093 1617 285
1121 1553 1190 1633 fuit
1225 1558 1367 1633 eccesie,

218 1658 355 1721 similet
385 1668 416 1719 et
439 1655 526 1721 Trin.
551 1659 612 1720 565
643 1658 802 1739 licitumst,
830 1658 860 1719 si
881 1658 972 1721 seties
1001 1657 1020 1721 i.
1044 1658 1074 1720 d.
1106 1657 1150 1720 du
1174 1656 1364 1723 draucdtest

219 1781 283 1823 uur
298 1780 340 1823 eu
355 1762 474 1842 wellen,
489 1760 548 1824 nisi
567 1781 608 1824 ex
620 1760 800 1845 spodosees
812 1760 910 1823 verbo
927 1760 968 1825 sd
984 1761 1070 1824 verbi
1083 1780 1175 1844 posse
1189 1764 1365 1826 notionem

222 1883 320 1949 prope
344 1864 515 1928 accedente
538 1873 698 1929 structura
717 1865 954 1950 interpretanda
978 1872 1036 1929 est.
1081 1863 1198 1927 Similis
1215 1874 1268 1929 est
1285 1888 1365 1930 eon-

221 1966 303 2030 dicio
328 1990 358 2030 v.
381 1967 478 2032 Mers.
504 1970 582 2032 430:

477 2089 521 2152 At
544 2110 599 2171 eqo
621 2092 650 2152 si
672 2091 771 2169 eelim,
804 2092 868 2153 iam
902 2090 1021 2153 deutur
1043 2095 1155 2172 septem
1186 2096 1216 2152 et
1245 2094 1366 2174 eiqiuti

1135 2213 1253 2259 ruinae.

324 2312 408 2376 Nam
430 2323 486 2376 aut
501 2313 771 2397 interpretandum
796 2323 843 2376 est
866 2313 915 2376 ici
939 2312 1073 2377 draucire
1087 2335 1151 2376 mu
1171 2335 1213 2376 eu
1238 2317 1363 2398 wellen,

220 2423 276 2479 ant
300 2416 386 2479 nullo
409 2416 477 2480 fere
500 2417 677 2481 discrimine
700 2418 800 2480 aeolo
823 2416 940 2480 distare
957 2417 1191 2480 coniunctivum
1215 2426 1363 2484 statuen-

221 2519 296 2582 dum
327 2529 385 2584 est.
438 2521 511 2585 Hoc
541 2521 636 2585 modo
669 2522 759 2584 eelim
788 2521 903 2604 legitur
933 2522 989 2584 As.
1022 2523 1083 2583 766
1116 2519 1304 2606 cornburas,
1334 2528 1365 2589 si

219 2625 313 2705 veiis3
343 2623 426 2687 Rnd.
452 2627 514 2687 834
546 2625 659 2705 edent,
690 2627 718 2687 si
743 2625 831 2703 uelit,
862 2624 1006 2707 quamvis
1038 2624 1104 2708 ipse
1133 2623 1265 2688 Labrax
1295 2629 1362 2692 iem

221 2727 336 2789 dixerit
367 2748 402 2789 se
425 2727 504 2792 velle
528 2727 634 2807 adire3
665 2726 749 2790 Trin.
772 2729 834 2790 210
860 2728 992 2810 culpent,
1015 2747 1103 2810 quem
1129 2727 1242 2807 eeliut3
1277 2729 1358 2795 Cist.

221 2828 237 2892 I
263 2833 290 2909 1,
313 2833 354 2893 60
377 2837 404 2894 ct
426 2831 502 2914 quid
524 2830 608 2894 tibist
630 2837 658 2894 et
680 2831 757 2915 quid
778 2831 862 2894 vetis.

739 3071 757 3153 ξ
782 3076 830 3136 ιο.

322 3229 444 3310 Restat,
468 3237 504 3292 ut
526 3229 566 3294 de
589 3251 625 3294 eo
648 3251 767 3313 genere
791 3228 901 3304 dicam,
925 3227 1012 3313 quod
1033 3229 1192 3292 variarum
1216 3239 1362 3300 structu·

220 3354 325 3396 mrum
348 3333 503 3397 mixtione
528 3339 660 3398 constat.
707 3332 781 3397 Huc
803 3337 949 3416 spectant

220 3453 319 3517 Pocn.
344 3455 405 3517 322
676 3476 752 3518 riam
774 3456 924 3538 ciqiiente
951 3454 1067 3519 Veuerc
1089 3456 1118 3518 si
1139 3457 1271 3521 ueniant
1294 3480 1361 3540 ece,

478 3555 531 3621 Itu
554 3566 627 3622 suut
650 3565 766 3642 turpes,
791 3557 881 3621 credo
911 3565 1044 3639 ecastor,
1071 3556 1190 3622 Venere
1212 3562 1321 3644 ipsam
1348 3587 1363 3628 e

1027 3661 1112 3744 fario
1131 3663 1253 3747 fuqent

221 3778 317 3858 (inter
348 3782 488 3864 protasin
522 3790 554 3845 et
580 3803 689 3847 reram
721 3782 915 3866 epodosine
934 3782 1015 3862 fauo
1038 3780 1158 3866 fuceret
1189 3786 1364 3853 interiecta

218 3890 292 3946 sunt
314 3884 411 3947 verba
434 3886 479 3948 ita
502 3893 575 3949 suut
598 3886 720 3970 turpes)

219 4012 251 4065 et
267 4000 359 4086 Epid.
378 4006 440 4067 730
725 4003 850 4069 lucitus
873 4006 1016 4073 dohaec
1038 4008 1161 4071 ueniam
1186 4009 1254 4091 tibi,

475 4107 549 4172 Nisi
569 4111 748 4173 necessitate
771 4129 870 4193 eoqar

219 4227 409 4301 (miscentur
440 4229 524 4291 duae
547 4230 736 4310 sententiae,
768 4250 901 4314 querum
925 4233 1027 4297 altere
1058 4242 1122 4296 est:
1155 4233 1285 4301 'invitus
1309 4235 1363 4316 do,

218 4330 274 4394 sed
297 4331 412 4415 cogor'‚
433 4332 553 4396 altere:
577 4329 645 4396 ‘nisi
669 4355 775 4418 cogar,
798 4356 861 4398 non
885 4335 988 4417 dem').
