2970 4814
209 245 248 312 ιε
643 176 820 338 girol}
866 286 908 298 -

205 435 446 525 προειρημένων
462 431 586 526 ἀνδρῶν
603 433 625 529 ἢ
641 440 706 505 τῶν
724 433 826 527 ἀγίων
842 435 966 506 τούτων
985 436 1173 527 συναγαγὼν
1191 437 1345 529 φαίνεται

209 538 269 631 τὴν
302 536 377 631 ὅλην
409 535 576 609 ἀπόθεσιν
607 544 666 611 τοῦ
700 539 746 634 μὴ
779 541 839 633 τὴν
871 542 1100 632 πραγματείαν
1136 539 1347 612 ἀποτελέσαι.

207 647 273 724 ξ’ί.
309 641 358 713 Τά
387 635 443 713 οὖν
470 645 751 735 διεσπαρμένωςῑ)
780 646 813 715 ἐν
839 652 915 728 ταῖς
940 644 1064 717 τούτων
1087 646 1217 735 βίβλοις
1244 646 1348 736 ἐγκεί-

209 775 290 835 μενα
313 744 413 832 αὐτὸς
434 747 580 838 ἐκλαβών
600 747 639 819 τὸ
669 749 777 840 παρὸν
805 746 850 832 ὡς
876 748 910 820 ἓν
933 747 1005 839 ἀνί)
1034 749 1278 842 συνεστησάμην
1306 750 1347 843 δὴ

207 851 411 943 σύγγραμμα,
429 860 501 935 τοῖς
516 855 575 941 μὲν
593 849 638 936 ὡς
652 851 741 937 εἰκός
755 852 838 940 ἔχειν
849 849 930 925 adad
943 855 1154 943 βουλομένοις
1168 850 1348 947 ὑπόμνημα

206 959 266 1047 τῆς
288 955 418 1046 φύσεως
439 958 497 1025 καί
519 962 579 1049 τῆς
598 956 785 1040 συστάσεως
799 962 860 1027 τοῦ
875 956 1029 1046 σώματος
1043 955 1169 1041 παντὸς
1183 957 1346 1045 ἐσόμενον,

208 1060 283 1146 ἐμοὶ
306 1061 343 1130 δὲ
365 1057 543 1150 γυμνάσιον
564 1061 622 1130 καί
644 1066 704 1154 τῆς
725 1056 879 1148 ἀμαθίας
906 1061 1090 1154 προφόγιον
1114 1115 1255 1132 .......
1278 1065 1348 1131 Sub

209 1166 306 1231 linem
333 1188 409 1253 pag.
434 1170 454 1231 2
477 1168 630 1234 Meletius
659 1168 710 1233 his
734 1169 843 1234 verbis
868 1170 992 1256 pergit:
1023 1164 1159 1235 ἐπειδὰν
1186 1166 1223 1235 δὲ
1245 1164 1349 1249 οὕτως

207 1261 228 1357 ἡ
253 1261 419 1349 ἀπόθεσις
441 1262 667 1359 ἀναπληρωθῇ
688 1269 745 1337 καί
769 1261 840 1339 οἷον
862 1274 1063 1362 συνυφανθῇ,
1087 1268 1199 1360 ὥσπερ
1221 1268 1348 1339 ἐπανό-

208 1372 311 1459 ληψιν
341 1368 540 1457 ποιούμενος
565 1374 584 1439 δ
609 1369 705 1460 λόγος
729 1370 772 1440 τά
803 1370 864 1442 ὅλα
893 1372 994 1443 πόλιν
1022 1372 1123 1464 μόρια
1150 1374 1349 1465 διηρημένως

206 1468 428 1564 ὑπεξέρχεται,
448 1476 652 1565 ἐτυμολογῶν
669 1476 807 1545 ἕκαστον
827 1478 884 1546 καί
904 1476 964 1571 τὴν
984 1476 1126 1571 φυσικὴν
1148 1476 1348 1568 (δόναμινΡ)

211 1580 268 1648 καί
283 1580 442 1671 ἐνέργειαν
463 1583 521 1651 καί
544 1579 604 1665 τάς
626 1578 807 1670 ὀνομασίας
829 1586 885 1654 καί
908 1583 985 1667 τοὺς
1007 1583 1103 1675 ὅρους
1124 1581 1347 1655 ὑποδεικνύων

209 1678 280 1751 ἀπὸ
303 1688 448 1777 κεφαλῆς
469 1687 530 1769 ἕως
552 1688 675 1772 ποδῶν,
705 1683 742 1757 ori
765 1692 978 1778 ταυτολογιῦν,
1003 1684 1048 1771 ὡς
1069 1684 1108 1757 ἀν
1130 1686 1263 1780 οἰηθείη
1285 1714 1348 1773 τις,

208 1782 291 1856 ἀλλά
306 1786 349 1857 τὰ
362 1787 395 1858 ἐν
410 1790 554 1882 ἐπιτομῇ
571 1789 722 1882 εἰρημένα
742 1792 799 1861 καὶ
819 1793 1082 1880 συνεσταλμένως
1098 1790 1349 1882 πλατοκιότερον

207 1891 408 1961 ἐκδιδάσκων
423 1894 481 1962 καί
504 1891 590 1984 πρὸς
607 1893 646 1964 τδ
662 1895 863 1986 σαφέστερον
881 1898 1067 1985 διευκρινιῦν
1083 1901 1154 1977 τοῖς
1171 1890 1346 1965 ἀκούουσι·

208 1994 265 2063 διὰ
287 2004 392 2066 ταῦτα
418 1999 475 2066 καί
501 1997 605 2082 πίναξ
623 1994 824 2069 ἀποτίθεται
844 1998 892 2082 είς
913 1997 1087 2089 διάγνωσιν
1106 1994 1219 2091 εὐχερῆ
1230 2051 1347 2068 ......

209 2128 284 2193 pag.
309 2110 339 2189 6,
356 2111 392 2172 2:
416 2102 497 2175 ὅθεν
519 2109 554 2194 (i.
579 2130 607 2174 ε.
632 2115 767 2195 propter
788 2131 906 2175 causas
934 2110 966 2173 in
990 2107 1205 2174 antecedente
1227 2107 1348 2192 pagina

210 2210 387 2276 aMeletio
410 2211 594 2299 expositos)
620 2211 677 2278 καί
704 2205 801 2302 ἡμεῖς
828 2208 887 2279 τὸν
915 2210 992 2299 περὶ
1021 2203 1129 2300 φυγῆς
1158 2206 1230 2299 ἰδίᾳ
1251 2205 1348 2295 λόγον

210 2306 433 2393 ἀπολιπόντες
455 2309 497 2379 τά
525 2312 603 2401 περὶ
628 2316 689 2404 τῆς
710 2311 860 2383 καθόλου
882 2310 1011 2405 φύσεως
1034 2308 1216 2402 ἀνθρώπου
1238 2338 1343 2401 πονη-

209 2415 312 2484 θέντα
329 2412 422 2505 παρὰ
436 2419 502 2484 τῶν
517 2410 661 2502 ἀρχαίων
676 2417 733 2485 καί
749 2415 920 2509 σποράδην
934 2416 1067 2505 κείμενα
1083 2418 1117 2485 ἒν
1131 2413 1350 2503 ἀνατομικαῖς

209 2520 266 2587 καί
290 2519 538 2609 ε’τνμολογικαῖς
560 2520 690 2609 βίβλοις
711 2519 796 2591 κατὰ
818 2520 857 2592 τό
880 2518 960 2614 ἡμῖν
982 2520 1116 2614 ἐφικτὸν
1138 2518 1344 2609 ἐκλεξάμενοι

212 2622 260 2706 είς
282 2622 316 2692 ἓν
337 2623 581 2712 κατατόξωμεν.

297 2739 459 2806 Auctores
482 2741 588 2826 igitur,
612 2741 728 2828 quibus
747 2764 827 2807 usus
852 2749 914 2824 est,
936 2743 1083 2808 nominat
1098 2741 1253 2808 Meletiue
1268 2741 1345 2807 hos:
1407 2792 1410 2797 .

212 2867 253 2909 ex
276 2845 416 2931 antiquie
438 2844 688 2932 Hippocratem,
717 2845 895 2929 Galerium,
924 2846 1110 2922 Socratem3
1138 2869 1180 2912 ex
1205 2846 1345 2912 recenti-

212 2949 321 3014 oribus
352 2971 390 3014 ao
420 2950 540 3014 sanctis
571 2949 749 3033 Basiliam,
785 2949 981 3037 Gregorium
1013 2951 1201 3036 Nyesenum
1229 2950 1346 3016 Basilii

211 3053 362 3132 fratrem,
383 3052 677 3140 chrysostomum,
701 3055 869 3142 Gyrillum.
914 3054 1068 3120 Attamen
1092 3055 1145 3140 qui
1169 3054 1273 3120 semel
1296 3055 1345 3118 in·

213 3159 359 3246 spexerit
383 3159 538 3246 scriptum
555 3158 779 3240 Meletianum‚
804 3161 913 3225 statim
935 3159 1107 3244 intelleget
1122 3158 1290 3223 Meletium
1313 3159 1346 3223 in

211 3263 294 3328 libro
324 3262 580 3328 consarcinando
614 3284 679 3329 non
709 3268 898 3329 constanter
930 3264 1073 3328 virorum
1101 3262 1245 3328 secundo
1272 3264 1346 3328 loco

212 3367 416 3433 laudatorum
446 3366 585 3453 vestigia
608 3368 787 3453 pressisse,
816 3366 871 3432 sed
899 3373 1025 3432 tentum
1054 3367 1229 3433 nonnullos
1257 3367 1347 3432 locos

212 3494 255 3536 ex
291 3471 406 3537 horum
438 3471 567 3557 scriptis
596 3469 637 3535 ad
667 3470 802 3536 verbum
834 3475 1017 3535 mutuatum
1046 3491 1120 3535 esse
1151 3475 1184 3535 et
1213 3471 1346 3535 nomine

212 3597 324 3641 comm
348 3575 500 3640 distincte
523 3575 696 3660 insignitos
719 3575 830 3640 libello
854 3595 914 3639 suo
937 3572 1192 3660 interspersisse.
1243 3621 1247 3632 .

297 3689 347 3753 Ao
370 3709 411 3753 ne
436 3686 629 3773 ecquidem
652 3689 755 3752 multa
779 3694 870 3765 eunt,
903 3708 987 3773 quae
1009 3686 1166 3751 Meletius
1194 3707 1236 3751 ex
1266 3687 1347 3774 ipsis

211 3792 424 3881 Hippocratis
448 3799 482 3857 et
505 3791 638 3878 Galenil,
662 3813 744 3878 quos
766 3791 889 3872 laudat,
914 3792 1042 3878 seriptis
1066 3792 1111 3856 ita
1134 3790 1347 3879 deprompsit,

283 4038 303 4102 ¹)
321 4034 512 4104 διεσπαρμένα
531 4033 566 4094 ὥς
584 4032 672 4097 codd,
691 4032 812 4087 correxit
830 4032 1046 4087 Studenrundus.

283 4122 304 4187 ²)
324 4119 402 4174 codd.
421 4118 494 4185 ἐνδν,
513 4119 720 4174 Studemundns
737 4118 856 4174 correxit
876 4118 908 4172 ἓν
925 4118 966 4171 δν.

281 4208 302 4274 ⁸)
322 4205 442 4277 δύναμιν
459 4206 570 4260 addidit
587 4207 744 4277 Leopoldus
763 4208 849 4261 Cohn.
