2962 4800
657 335 725 423 [13]
1010 327 1013 334 '
1223 344 1261 404 rs

130 545 230 601 tatum
256 534 425 598 verborum
448 531 590 596 ordinem
621 532 694 597 ideo
720 532 846 595 videtur
868 532 1064 614 immutasse,
1101 535 1175 618 quia
1209 541 1265 598 aut

132 640 285 727 lapicidae
308 659 447 702 errorem
470 637 647 720 suspicatus
670 635 748 698 illud
771 635 976 717 Ἡρακλέος
999 643 1072 722 post
1093 636 1219 700 ἐπώνιον
1241 637 1263 701 ε’

131 746 270 831 positum
293 741 406 806 addai
428 761 552 819 nomen,
576 740 659 822 quod
677 746 751 823 post
773 739 936 820 ἐπιπράθη
959 741 1029 805 iure
1052 740 1265 821 desiderabat,

132 855 276 935 spectare
297 846 421 931 putavit
448 850 504 907 ant
535 843 762 907 nominativum
793 841 964 924 Ἡράκλεος,
998 865 1091 930 quem
1123 845 1265 929 Rayetus

131 952 263 1038 scripsit,
286 970 445 1034 nusquam
468 947 545 1011 alibi
567 948 699 1011 invenit.
745 945 808 1011 Sed
832 969 872 1010 ex
895 948 964 1030 ipsa
993 949 1100 1032 eponii
1126 949 1263 1012 summa¹

130 1063 218 1141 patet
251 1054 534 1134 Dittcnbergerum
576 1071 740 1135 perperam
783 1050 823 1113 ad
862 1051 1017 1135 insignem
1054 1052 1144 1115 illum
1182 1052 1266 1117 Her·

134 1161 235 1224 culem
270 1157 518 1242 Erythraeorum
553 1156 715 1240 proprium
748 1175 957 1239 provocasse,
995 1156 1048 1239 qui
1082 1155 1160 1220 deus
1194 1178 1265 1220 cum

134 1262 283 1328 aliunde2
306 1269 374 1325 tnm
391 1283 430 1323 ex
447 1260 538 1323 huius
561 1258 599 1322 de
619 1280 681 1343 quo
698 1260 802 1343 agitur
820 1259 902 1321 tituli
918 1279 1011 1322 versu
1027 1259 1068 1322 86
1084 1269 1178 1324 notus
1194 1262 1267 1325 est.³

133 1370 304 1432 Praeterea
336 1385 454 1428 nomen
483 1362 648 1443 Ἠράκλεος
682 1360 933 1446 Erythraeorum
970 1363 1130 1445 peculiare
1168 1362 1266 1429 fuisse

134 1471 252 1535 nummi
274 1469 390 1533 docent
405 1465 575 1549 Erythraei
598 1467 771 1545 autonomi,
795 1466 850 1550 qui
872 1465 1081 1531 adservantur
1103 1467 1133 1529 in
1156 1489 1266 1533 museo

133 1572 473 1660 16316661616161161.4
509 1656 512 1661 ⁶

236 1677 304 1741 Iam
330 1696 403 1739 vero
427 1675 576 1760 quoniam
599 1674 805 1758 lapicidarum
827 1681 858 1737 et
881 1695 1013 1754 errores,
1037 1676 1146 1758 quales
1169 1696 1267 1759 qnan-

135 1784 221 1867 tique
243 1781 315 1860 sint,
339 1788 371 1843 et
394 1778 584 1844 emendandi
618 1776 757 1841 studium
791 1778 1013 1861 cognovimus,
1047 1780 1122 1862 quin
1155 1783 1267 1864 omnia,

134 1906 276 1972 quaeso
300 1883 382 1967 quod
408 1881 516 1945 titulus
546 1881 768 1966 complectitur
790 1882 939 1966 temporis
961 1883 1065 1966 spatio
1089 1884 1266 1969 venierunt,

136 1988 315 2055 sacerdotia
331 1992 565 2063 enumerentur,
585 1985 722 2049 dubitari
738 2006 800 2048 non
816 1991 932 2069 potest.
963 1986 1135 2051 Sacrifionli
1152 1997 1267 2070 autem,

136 2096 188 2180 qui
211 2092 302 2157 titulo
327 2092 537 2173 continentur,
561 2091 637 2175 quin
654 2111 763 2153 omnes
779 2089 927 2174 deinceps
949 2112 986 2154 ac
1002 2111 1042 2155 ne
1060 2113 1123 2157 uno
1140 2093 1268 2177 quidem

137 2219 219 2260 anno
241 2195 405 2260 interiecto
429 2216 462 2257 se
487 2193 680 2279 exceperint,
704 2194 782 2256 nihil
801 2194 904 2257 habeo
921 2194 1003 2277 quod
1021 2195 1177 2279 dubitem3
1203 2218 1267 2262 11611

136 2304 181 2365 ita
204 2300 320 2363 multos
345 2319 444 2361 annos
468 2298 595 2361 titulum
618 2295 831 2386 Erythraeum
854 2299 1002 2380 amplecti
1026 2298 1077 2361 vel
1111 2300 1185 2363 inde
1217 2324 1268 2367 co-

137 2423 290 2489 gnoscere
314 2403 398 2482 lioet,
422 2401 506 2486 quod
524 2401 668 2465 eiusdem
682 2401 845 2481 Demetrii,
869 2399 987 2485 Apellii
1002 2401 1068 2484 filii,
1085 2425 1114 2468 v.
1132 2406 1151 2465 4
1168 2407 1268 2487 6166,

137 2507 278 2574 eiusdem
297 2505 461 2583 Demetrii,
476 2503 654 2569 Aristarchi
669 2504 733 2585 filii,
749 2526 778 2570 v.
795 2505 837 2569 30
853 2512 884 2568 et
901 2508 951 2585 60,
974 2505 1115 2570 eiusdem
1131 2507 1267 2591 denique

138 2610 369 2695 Theophronis,
398 2608 550 2672 Demetrii
581 2608 644 2689 filii,
675 2630 705 2671 v.
736 2610 775 2671 81
808 2613 841 2672 et
871 2611 930 2671 124
961 2610 1079 2673 mentio
1110 2611 1154 2673 fit.
1206 2610 1267 2675 Sed

139 2716 218 2780 haec
241 2714 403 2777 hactenns.

242 2817 337 2881 Initio
368 2836 396 2880 v.
420 2818 458 2880 61
492 2816 639 2901 supplere
672 2816 767 2879 velim
799 2813 949 2896 Ἀθηνᾶς,
981 2818 1020 2880 ad
1051 2838 1144 2902 quam
1178 2818 1271 2884 deam

136 2919 305 3003 Ἕπιμάχου
328 2940 503 3003 cognomen
527 2925 599 3003 apte
629 2918 776 3002 quadrat.
821 2919 928 3003 Atque
956 2918 1100 3006 Erythris
1130 2921 1270 3005 Ἀθηνᾶν

138 3024 306 3106 Ἕπίμαχον
338 3023 454 3086 cultam
489 3043 561 3087 esse
593 3021 735 3085 similiter
765 3043 803 3086 ao
834 3022 1002 3105 Πρόμαχον
1033 3023 1166 3089 Athenis
1199 3028 1271 3090 veri

140 3151 205 3194 non
227 3127 378 3192 dissimile
402 3132 465 3190 est:
487 3125 644 3210 siquidem
667 3132 699 3188 et
721 3127 870 3208 ἐπίμαχος
893 3134 926 3192 et
948 3127 1104 3212 πρόμαχος
1121 3131 1272 3213 imprimis

140 3232 264 3312 dicitur,
294 3232 349 3315 qni
377 3229 502 3293 moenia
529 3228 689 3293 defendat.
734 3228 774 3291 V.
798 3231 848 3295 31.
879 3232 920 3293 32
945 3227 1110 3315 Ἀθ[η)νᾶς
1141 3231 1272 3316 Ἁρεί]ας

138 3334 340 3400 scribendum
370 3354 439 3397 6666
468 3339 556 3415 puto.
602 3330 750 3415 Denique
781 3332 869 3395 initio
902 3353 930 3397 v.
954 3337 995 3396 63
1026 3333 1270 3418 inanpddqhav,

139 3461 202 3503 non
225 3435 422 3521 ἐπράθη]6αν
445 3435 655 3521 supplendum
679 3435 781 3500 videri
802 3436 884 3501 inira
908 3437 1105 3502 ostendam.⁵

244 3540 279 3625 6)
304 3541 488 3605 Ceterarum
518 3539 757 3623 inscriptionum
783 3542 935 3624 recensio,
967 3543 993 3605 si
1015 3562 1035 3604 a
1057 3543 1148 3606 titulo
1173 3542 1270 3607 Chal-

140 3646 274 3711 cedonio
299 3645 344 3709 lb
367 3646 547 3725 recesseris,
576 3664 646 3706 cnm
669 3643 764 3706 nullis
786 3643 939 3728 impedita
959 3646 999 3708 sit
1021 3646 1270 3730 difficultatibus,

243 3871 308 3924 ¹ct.
346 3871 411 3923 .9.

241 3957 306 4008 ²ct'.
326 3871 489 4023 heminam
509 3956 560 4021 ,de
580 3955 662 4008 rebus
681 3955 896 4024 Erythraeorum
916 3956 1048 4025 publicis“
1075 3958 1175 4023 (Bcrol.
1195 3960 1271 4028 1871)

159 4044 225 4097 all.

139 4062 157 4111 p
242 4129 303 4182 ³V.
324 4129 356 4183 12
377 4131 410 4182 dc
436 4131 534 4196 eponio
560 4133 681 4198 quinque
708 4131 898 4183 drachmarum
924 4132 1035 4198 agitnr3
1061 4135 1149 4199 pretio
1175 4140 1271 4188 contra

141 4215 205 4270 1921
225 4217 413 4269 drachmarum
432 4214 470 4281 (v.
490 4214 535 4282 86)
555 4218 680 4283 eponium
699 4218 796 4285 viginti
816 4218 1006 4271 drachmarum
1026 4222 1178 4286 respondet,

242 4303 254 4338 ⁴
273 4304 308 4355 cl.
327 4303 491 4369 Lampreoht
510 4304 528 4355 l.
548 4322 570 4356 c.
589 4321 615 4371 p.
634 4303 674 4359 63.

242 4390 296 4460 ⁵p.
318 4388 358 4444 19.
