2956 4822
186 319 247 383 120
711 310 802 396 [aa]

181 507 283 573 lenios
300 513 417 585 autem,
441 504 481 568 dc
504 503 618 588 quibus
635 502 674 564 ad
693 502 884 565 Schornium
900 501 945 586 (p.
963 501 1018 582 29)
1039 501 1183 584 legentes
1201 499 1328 583 relegat

182 613 380 697 Droysenus,
405 610 456 673 hic
480 608 609 696 quidem
632 614 794 692 tamquam
811 606 998 670 subditicios
1014 606 1204 672 Aetolorum
1223 605 1328 671 fnisse

183 716 316 781 censuit.
368 711 412 777 At
445 714 478 777 si·
504 714 562 777 hoc
596 711 670 775 indc
703 711 921 774 demonstrare
958 718 1089 773 conatus
1125 715 1191 790 est,
1236 709 1325 794 quod

184 818 415 904 Cephallaniae
440 817 469 881 in
495 837 573 900 pace
598 816 789 880 Aetolorum
813 821 845 877 et
867 813 1087 876 Romanorum
1117 815 1237 878 montio
1269 815 1327 877 fiat

183 924 270 1004 (Pol.
288 921 372 986 XXI
395 921 436 983 32
461 917 578 1002 [xxu
605 918 658 1001 15]
687 918 749 999 12),
772 939 837 980 non
859 918 935 980 item
959 917 1126 982 Eleorum:
1152 917 1237 982 unde
1260 939 1325 982 non

184 1025 319 1091 eandem
343 1026 426 1089 inter
450 1023 584 1086 Aetolos
608 1030 639 1085 et
662 1021 888 1105 Cephallenios
912 1027 1009 1104 atquc
1033 1021 1114 1085 inter
1138 1021 1272 1085 Aetolos
1293 1030 1327 1086 et

184 1131 281 1195 Eleos
304 1128 446 1196 foederis
470 1127 627 1191 rationem
644 1125 861 1190 intercessisse
878 1126 1021 1204 coniecit,
1044 1125 1117 1189 huic
1137 1134 1327 1208 argumento

185 1236 254 1299 iure
276 1233 414 1298 diffidas.
459 1232 663 1315 Quamquam
686 1230 748 1294 hoc
764 1228 918 1293 Schornio
942 1231 1163 1311 concesserim,
1188 1229 1326 1315 Cephal·

185 1337 297 1418 lenios,
320 1343 474 1421 quantum
494 1355 534 1397 ex
552 1332 689 1419 Polybio
708 1332 895 1417 colligimus,
919 1333 1118 1417 sympolitiae
1136 1333 1326 1398 Aetolorum

186 1441 356 1528 participes
379 1461 443 1503 non
465 1437 573 1502 fuisse.

289 1544 431 1609 Boeotos
463 1540 589 1626 quidem
624 1539 709 1604 bello
740 1541 843 1604 uictos
876 1541 915 1605 ab
944 1538 1084 1606 Achaeis
1118 1541 1157 1605 ad
1192 1541 1328 1606 Aetolos

186 1648 358 1729 deiecisse,
390 1646 542 1730 Polybius
576 1644 675 1709 refert
700 1643 782 1726 (XX
813 1647 842 1721 5,
866 1643 909 1724 2).
956 1642 1020 1708 uod
1050 1643 1123 1707 inde
1153 1643 1231 1707 nihil
1258 1645 1327 1710 eius

187 1753 271 1820 modi
304 1752 400 1837 quale
436 1750 623 1834 Droysenus
658 1750 799 1830 censuit,
834 1749 915 1811 effici
951 1768 1062 1831 possa,
1098 1769 1274 1832 cognoscas
1310 1772 1329 1814 e

186 1856 311 1942 Polybii
335 1854 455 1919 uerbIs:
479 1851 683 1936 προσένειμαν
704 1855 859 1929 Αἰτωλοῖς
883 1850 917 1915 το
941 1851 1042 1930 ἔθνος,
1066 1852 1180 1937 quibus
1205 1853 1328 1918 eisdem

187 1960 294 2026 uerbis
318 1959 359 2024 de
380 1958 482 2023 Arato
508 1980 584 2023 usus
608 1964 666 2038 est,
698 1956 751 2041 qui
776 1956 940 2039 Sicyonios
964 1956 1168 2022 Achaeorum
1199 1978 1329 2042 sympo-

186 2065 273 2129 litiae
302 2061 472 2127 adtribuit:
502 2061 535 2124 II
566 2061 617 2141 43,
646 2064 664 2123 3
696 2059 752 2142 την
786 2059 919 2141 πατρίδα
943 2110 949 2123 .
974 2109 981 2123 .
1006 2108 1012 2122 .
1044 2057 1221 2141 προσένειμε
1252 2059 1328 2143 προς

187 2169 244 2252 τήν
265 2173 328 2232 τῶν
346 2165 484 2249 Ἀχαιῶν
507 2164 669 2228 πολιτείαν.
1226 2240 1228 2242 V

290 2270 393 2334 Multo
417 2269 520 2333 minus
544 2275 662 2345 autem,
692 2266 778 2352 quod
812 2266 908 2330 etiam
933 2267 1080 2331 ciuitates
1104 2268 1329 2352 Peloponnesi,

188 2374 331 2458 Tegeam
365 2372 442 2454 scil,
477 2371 684 2451 Mantineam,
717 2371 954 2435 Orchomenum
988 2379 1021 2437 et
1044 2372 1232 2456 Phigaliam,
1262 2394 1329 2438 non

189 2478 334 2544 omnibus
367 2476 543 2540 ciuitatium
571 2475 788 2539 Aetolicarum
812 2474 934 2539 iuribus
958 2495 1032 2539 usas
1056 2496 1125 2539 esse
1150 2475 1327 2555 contendit,

188 2604 259 2647 curn
290 2582 419 2667 Polybii
452 2581 558 2647 uerbis
592 2581 761 2645 conuenit:
797 2580 832 2644 II
866 2583 923 2660 46,
956 2582 985 2645 2.
1039 2579 1086 2643 lV
1117 2585 1152 2662 3,
1184 2585 1214 2647 6.
1260 2580 1328 2665 (uf.

187 2687 379 2754 Visohcrum
402 2686 422 2753 l.
447 2693 488 2761 ο.)

293 2789 387 2865 Quod
421 2810 497 2854 uero
534 2790 720 2876 Droysenus
758 2798 788 2855 et
826 2790 1092 2876 Lysimachenses
1129 2796 1161 2855 et
1195 2790 1328 2857 Chalce-

188 2896 299 2963 donios
322 2903 354 2961 et
378 2895 495 2962 Cianos
517 2896 653 2962 Aetolos
676 2897 774 2961 fuisse
797 2896 873 2960 dicit
896 2895 965 2980 (Ill
984 2900 1012 2976 l,
1036 2901 1117 2976 4483
1148 2900 1177 2977 2,
1196 2895 1263 2980 72),
1286 2897 1328 2962 de

188 3000 237 3065 his
261 2998 422 3065 difficilius
445 2998 597 3064 iudicium
621 3005 680 3079 est,
704 3000 854 3083 quoniam
869 2999 1025 3085 Polybius
1049 3000 1108 3064 sibi
1132 3002 1200 3087 ipse
1216 3007 1329 3086 aperte

189 3105 383 3190 obloquitur,
407 3125 479 3168 cum
502 3103 566 3168 XV
591 3106 641 3187 23,
666 3107 686 3168 8
708 3105 810 3170 dicat:
841 3106 939 3189 φίλων
961 3103 1158 3189 ὑπαρχόντων
1180 3109 1228 3169 καὶ
1251 3131 1329 3185 συμ-

187 3205 301 3292 μάχων
332 3209 485 3272 ,atroam
513 3207 727 3294 ,ιἸυσιμαχιίυν,
762 3210 995 3292 Καλχηδονίιιιν,
1027 3212 1162 3274 Κιανῶν.
1208 3210 1329 3275 XVIII

188 3313 262 3391 (ll)
285 3314 315 3391 3,
342 3315 396 3378 ll:
431 3311 643 3397 Λυσιμάχειαν
672 3311 741 3394 μετ’
770 3316 920 3378 Αἰτωλῶν
944 3312 1135 3397 ταττομένην
1161 3317 1209 3378 καὶ
1237 3339 1330 3395 στοα-

188 3412 283 3499 τηγόν
304 3414 435 3499 ἔχουσαν
466 3414 534 3498 παρ’
563 3415 666 3479 αὐτοῖν
689 3467 696 3479 .
722 3468 727 3479 .
753 3467 759 3480 .
786 3467 793 3481 .
838 3415 855 3499 ξ
881 3421 920 3482 12
956 3416 1087 3495 Κιανοιῗς
1114 3419 1330 3500 παραπλησίως

187 3519 256 3599 μετ’
272 3520 427 3583 Αἰτωλῶν
441 3521 761 3600 συμπολιτευομένους.
796 3522 941 3607 Uterque
958 3523 1042 3585 enim
1065 3522 1155 3588 locus
1172 3522 1211 3586 ad
1229 3543 1328 3587 unum

189 3622 338 3708 idemque
360 3629 497 3707 tempus,
528 3624 592 3688 scil.
616 3644 733 3689 annum
757 3647 786 3691 a.
811 3624 846 3690 0.
872 3627 935 3690 202
958 3623 1147 3690 referendus
1177 3631 1233 3706 est,
1263 3647 1327 3710 quo

189 3734 336 3812 tempore
358 3727 526 3813 Philippus
557 3729 652 3794 urbes
683 3730 752 3794 illas
785 3731 878 3814 capit.
925 3729 988 3794 Hic
1019 3737 1123 3794 tamen
1156 3729 1259 3794 nodus
1289 3751 1326 3795 eo

188 3830 324 3896 fortasse
348 3832 443 3897 modo
466 3833 550 3897 solui
581 3840 697 3918 potest,
722 3842 757 3898 nt
789 3835 957 3920 Polybium
982 3835 1089 3918 priore
1121 3835 1192 3898 loco
1224 3833 1329 3898 minus

189 3943 338 4001 accurate
360 3937 480 4002 dixisse
504 3939 707 4019 coniciamus,
732 3938 787 4003 sod
813 3960 884 4001 cum
908 3938 1053 4002 ciuitates
1079 3947 1141 4002 tres
1165 3958 1248 4022 quae
1264 3958 1329 4001 non

190 4037 302 4102 eodem
325 4039 382 4104 sed
406 4040 532 4105 diuerso
558 4040 653 4105 modo
678 4062 750 4105 cum
774 4041 899 4106 Aetolis
923 4041 1113 4105 coniunctae
1138 4047 1237 4120 erant,
1264 4061 1328 4105 uno

190 4144 356 4208 enuntiato
387 4144 671 4229 complecteretur,
707 4166 744 4209 eo
778 4145 876 4211 uerbo
907 4167 1000 4209 nsum
1035 4166 1108 4209 eum
1139 4166 1209 4210 esse
1241 4144 1328 4228 quod

190 4244 345 4310 laxiorem
369 4249 599 4313 coniunctionis
622 4248 750 4313 modum
774 4248 985 4332 signiticaret3
1016 4250 1194 4335 posteriore
1220 4255 1330 4314 autem

190 4345 272 4434 loeo,
301 4349 532 4424 usitatorum
562 4349 721 4443 quondam
744 4349 896 4443 Philippo
926 4350 1151 4437 obiurgantem
1178 4352 1262 4435 facit,
1291 4350 1332 4419 de
