2956 4822
186 283 228 345 ro
710 276 802 362 [rao]

187 471 350 558 superiore
389 492 482 536 nemo
525 476 678 556 quantum
708 470 804 535 uideo
835 469 1001 554 cogitauit.
1052 469 1166 553 Itaque
1195 468 1324 554 probari

186 583 294 663 potest
316 597 355 640 ee
378 575 533 656 aedilicia,
557 596 693 659 quorum
709 575 821 639 ruinae
844 576 877 638 in
899 574 968 658 ipsa
991 574 1180 658 paeninsula
1202 574 1323 638 inueni·

186 689 293 762 untur,
316 687 390 765 post
413 679 498 743 hune
521 679 757 762 synoecismum
773 685 938 743 exstructa
955 699 1036 742 esse.
1069 676 1119 741 Ab
1144 678 1192 742 his
1216 683 1323 740 autem

187 785 341 849 orientem
373 803 485 847 uersus
521 789 552 846 et
575 782 618 845 eis
652 790 684 860 et
706 788 794 845 trans
825 802 898 845 eum
921 782 1022 844 riuum
1057 781 1109 866 qui
1141 781 1172 844 in
1196 788 1323 866 portum

185 888 299 954 Teium
321 886 508 963 offunditur,
531 886 609 949 alias
632 885 741 949 ruinas
765 906 799 949 se
815 886 1028 969 inuestigasse
1052 891 1187 948 testatur
1203 884 1325 950 Hamil-

185 998 298 1074 tonus‚
329 1011 411 1076 quas
434 1011 475 1055 an
499 995 606 1053 aetate
631 989 700 1053 illas
724 996 878 1074 superent
900 990 1020 1055 nescio.
1066 988 1184 1054 Dorico
1206 1010 1324 1074 genere

184 1117 285 1162 unum
321 1115 432 1160 eorum
470 1094 661 1178 templorum
710 1101 910 1159 exstructum
948 1093 1050 1158 fuisse
1095 1093 1203 1158 refert.
1259 1091 1323 1160 Vel

186 1202 271 1265 ultra
293 1200 379 1265 huno
405 1198 511 1264 locum
542 1197 574 1262 iu
598 1197 729 1282 planitie
752 1219 791 1263 ea
823 1219 907 1283 quae
931 1219 1015 1263 nunc
1045 1196 1149 1263 hieme
1173 1198 1323 1283 palustris

187 1327 259 1372 esse
288 1307 388 1386 solet,
418 1303 614 1370 substructio
644 1303 775 1368 iuuenta
805 1310 855 1368 est
884 1301 1001 1387 pedum
1031 1305 1091 1366 140
1123 1308 1155 1367 et
1180 1303 1258 1382 160,
1289 1309 1325 1366 ut

187 1410 395 1476 Hamiltonus
425 1408 515 1489 dicit,
545 1415 581 1473 ut
605 1407 831 1473 Hirschfeldus
861 1406 996 1471 totidem
1027 1427 1198 1492 passuum,
1229 1429 1324 1493 quam

186 1515 273 1601 quod
310 1512 534 1578 Hirschfeldus
575 1511 712 1596 sepulcri
750 1512 848 1577 fuisse
886 1511 962 1577 dicit
1007 1513 1114 1577 miror.
1168 1510 1236 1576 Nisi
1265 1534 1324 1576 rex

186 1639 298 1704 regum
321 1618 434 1703 aliquis
457 1618 519 1682 illic
542 1617 678 1695 iacebat,
701 1617 752 1681 cui
776 1617 858 1681 tanti
873 1616 1011 1681 ambitus
1034 1617 1216 1700 sepulcrum
1229 1617 1324 1681 Teios

187 1723 330 1788 erexisse
352 1728 464 1807 putes,
498 1743 571 1786 cum
594 1721 749 1805 templum
772 1721 894 1786 Bacchi
917 1721 1015 1805 pedcs
1040 1722 1082 1785 64
1104 1723 1204 1785 latum
1227 1722 1324 1787 fuisse

186 1826 327 1891 Leakius
351 1826 608 1911 eomputauerit?
644 1825 752 1910 Atque
774 1826 869 1890 etiam
893 1831 1014 1890 statuas
1038 1824 1156 1889 ibidem
1179 1827 1324 1890 inuentae

187 1951 257 1995 esse
290 1931 381 1995 testis
409 1935 458 1995 est
480 1928 703 2007 Hamiltonus‚
740 1950 817 2013 quas
840 1928 960 1993 iudicat
983 1949 1054 1993 esse
1079 1931 1322 2013 magistratuum

186 2033 371 2099 muneribus
394 2034 528 2118 publicis
553 2034 635 2098 benc
658 2034 849 2099 functorum.
894 2032 957 2098 Sed
989 2054 1209 2118 quaecumque
1240 2042 1323 2116 sunt,

188 2138 262 2202 olim
284 2139 435 2202 Teiorum
464 2137 575 2202 urbem
607 2159 671 2201 non
696 2159 735 2202 co
759 2159 850 2201 moro
882 2135 1037 2201 orientem
1069 2159 1182 2202 uersus
1204 2138 1324 2202 finitam

186 2241 283 2307 fuisse
321 2242 411 2306 euius
455 2241 608 2328 reliquiae
648 2242 727 2306 citra
764 2263 837 2307 eum
872 2262 966 2326 quern
1002 2262 1098 2327 supra
1135 2262 1325 2308 commemo·

188 2346 258 2409 raui
280 2346 385 2410 riuum
408 2351 588 2430 supersunt
613 2367 653 2410 ex
679 2348 724 2411 eis
750 2367 834 2429 quae
850 2345 949 2410 adtuli
972 2347 1050 2409 satis
1073 2353 1218 2430 apparet.
1265 2346 1324 2411 Ille

186 2469 305 2530 murus,
343 2449 450 2515 multis
485 2451 584 2532 (teste
617 2448 823 2533 Hamiltono)
855 2451 981 2534 angulis
1015 2458 1047 2514 et
1074 2453 1323 2536 propugnaculis

186 2553 338 2635 munitus,
346 2553 483 2619 mediine
495 2555 566 2618 aeui
581 2556 632 2637 sit,
644 2555 672 2619 ei
684 2554 799 2640 quibus
812 2555 961 2640 reliquias
973 2554 1043 2618 illas
1056 2555 1156 2619 oculis
1168 2555 1323 2640 inspicere

187 2658 328 2744 contigit,
352 2655 536 2725 diiudicent.
581 2659 720 2725 Tantum
751 2661 828 2725 satia
852 2660 911 2724 erit
936 2660 1063 2743 dixisse,
1087 2660 1188 2724 Teum
1210 2661 1322 2725 urbem

186 2763 325 2847 antiquis
334 2763 533 2848 temporibus
544 2763 646 2829 uideri
657 2765 758 2848 magis
770 2763 811 2829 ad
825 2764 978 2829 oiientem
988 2784 1100 2829 uersus
1110 2765 1204 2829 sitam
1215 2765 1322 2847 luisse,

186 2865 248 2931 hoc
270 2868 377 2952 ipsum
392 2867 548 2952 Antigoni
568 2870 654 2952 regis
670 2869 809 2934 edictum
825 2868 961 2934 fortasse
982 2890 1113 2934 causam
1128 2871 1323 2953 praebuisse,

187 2978 224 3036 ut
246 2970 322 3036 inde
344 2971 385 3036 ab
409 2972 470 3038 hoc
484 2979 628 3057 tempore
653 2994 711 3039 eae
734 2994 816 3058 quae
833 2972 961 3038 additae
985 2980 1059 3038 sunt
1076 2994 1183 3038 nouae
1206 2980 1322 3059 partes,

185 3074 218 3139 in
241 3076 431 3161 paeninsula
453 3083 714 3159 exstruerentur,
742 3099 825 3163 quae
849 3079 962 3143 altiore
985 3078 1121 3164 ideoque
1145 3079 1322 3145 salubriore

185 3178 323 3246 sortasse
345 3181 407 3246 situ
430 3180 547 3248 fruitur
557 3182 577 3248 ¹.

708 3320 726 3403 a
752 3322 801 3388 ro.

289 3456 357 3523 Teii
375 3479 446 3522 cum
462 3457 547 3524 haud
572 3460 617 3524 ita
632 3459 768 3524 multum
784 3459 936 3525 frumenti
952 3461 1135 3526 exarauisse
1151 3461 1323 3526 uideantur

186 3557 233 3640 (v.
259 3562 324 3645 78),
353 3562 488 3628 Lebedii
517 3571 625 3628 autem
656 3585 751 3649 agros
781 3565 886 3629 colere
919 3567 1072 3650 proximis
1103 3565 1203 3630 tribus
1233 3569 1322 3632 annis

185 3663 253 3730 fere
276 3686 341 3730 non
356 3673 496 3752 possent,
518 3667 732 3733 Lebediorum
756 3669 896 3734 maxime
912 3670 1074 3750 intererat,
1098 3672 1235 3755 amplam
1259 3670 1324 3735 iru-

186 3769 283 3833 menti
299 3760 425 3856 copiam
439 3771 509 3857 ipsa
531 3772 563 3836 in
578 3772 657 3837 urbe
674 3780 803 3858 praesto
821 3793 901 3856 esse,
924 3795 964 3837 ne
987 3794 1006 3837 a
1020 3774 1131 3858 pretiis
1145 3775 1323 3842 forensibus

186 3873 341 3959 cuiusque
364 3875 480 3948 mensis
502 3875 690 3960 penderent,
715 3898 798 3961 quae
822 3876 959 3961 antiquis
982 3876 1077 3942 etiam
1101 3878 1204 3943 minus
1228 3899 1322 3964 quam

185 3977 302 4042 nostris
318 3978 517 4063 temporibus
528 3980 589 4044 sibi
602 3985 748 4046 constare
764 3980 971 4047 consueuisse
986 3988 1119 4066 propter
1131 3983 1323 4049 commercia

289 4187 492 4240 ¹Contrariam
528 4188 637 4256 quidem
665 4187 699 4240 ds
727 4188 779 4240 hac
803 4189 1181 4261 resententiamnouissima
1201 4190 1270 4243 dixit
1291 4191 1322 4243 G.

189 4273 355 4328 Hirschfeld
375 4275 401 4328 in
420 4274 522 4328 Hister.
542 4290 568 4327 u.
587 4274 683 4344 philol.
702 4273 842 4341 Auiselze,
861 4275 892 4328 E.
920 4274 1027 4330 Curtius
1046 4276 1201 4346 garridmet.
1236 4278 1326 4332 Berol.

190 4357 263 4417 1884.
283 4377 308 4431 p.
329 4357 390 4425 364,
408 4361 455 4430 qui
474 4365 565 4417 minen
584 4358 617 4415 ds
637 4361 718 4416 huius
737 4361 811 4418 tituli
830 4363 1060 4431 interpretatione
1078 4364 1148 4417 nihil
1166 4363 1251 4420 addit.
