2954 4816
580 303 790 365 ..21-

279 498 330 575 39,
339 499 379 559 29
398 492 568 578 populare]
591 493 754 559 Pacuuius
779 493 911 579 Chryse.

600 595 686 663 Ter.
713 597 874 664 Pharan.
898 599 931 676 (I
958 601 1042 682 nl).

215 702 296 766 Item
328 724 392 768 non
423 723 527 787 pauca
557 703 738 767 testimonia
769 701 963 767 Terentiana
986 725 1048 768 una
1071 724 1142 768 cum
1171 705 1248 768 lem·

114 809 206 870 matis
237 809 266 871 in
296 806 520 871 aduerbierurn
551 806 713 871 ordinibus
745 807 796 871 hic
825 808 887 871 illic
917 808 1066 894 dispersis
1090 831 1130 873 cx
1165 808 1249 874 illius

113 910 198 973 modi
221 913 378 995 glossario
410 910 558 975 uidentur
588 913 733 988 fluxisse,
766 911 864 975 ueluti
888 912 919 976 in
939 911 1035 977 Nonii
1059 913 1165 998 capite
1189 933 1245 976 un·

112 1012 243 1097 decimo,
262 1015 347 1099 quod
363 1015 542 1079 inscribitur
557 1014 606 1080 De
620 1014 800 1079 indiscretis
817 1015 997 1097 aduerbiis;
1024 1017 1063 1079 cf.
1080 1037 1109 1100 p.
1128 1018 1169 1080 22
1187 1019 1247 1080 etc.

215 1115 267 1182 Ex
295 1118 527 1182 commentariis
557 1119 589 1180 in
619 1117 698 1181 alios
726 1124 823 1202 atque
856 1117 1043 1184 Terentium
1076 1118 1255 1202 scriptores.

110 1223 297 1307 conscriptis
325 1220 463 1286 Nouium
497 1221 651 1284 nonnulla
675 1221 856 1285 testimonia
882 1221 1074 1286 Terentiana
1104 1221 1248 1286 hausisse

110 1327 154 1389 ita
177 1332 302 1389 tanturn
326 1325 536 1391 demonstrari
560 1333 678 1411 potest,
703 1334 739 1388 ut
762 1325 885 1402 eadem,
908 1345 991 1410 quae
1009 1325 1094 1412 apud
1107 1324 1248 1389 Nonium
1303 1352 1305 1357 s

111 1429 208 1491 citata
224 1435 363 1508 exstant,
381 1429 564 1493 testimonia
582 1427 775 1492 Terentiana
791 1449 958 1493 occurrere
974 1429 1143 1494 doceamus
1160 1427 1246 1512 apud

111 1533 334 1614 grammaticos
357 1533 615 1616 murmuriosus,
647 1552 726 1616 quos
758 1553 797 1597 ex
822 1533 1056 1598 commentariis
1086 1533 1118 1596 in
1140 1531 1247 1597 uarios

111 1636 281 1719 scriptores
304 1635 468 1700 Romanos
493 1637 676 1719 compositis
700 1635 801 1699 multa
825 1634 1059 1721 deprompsisse
1082 1642 1217 1701 constat.

214 1737 309 1802 Nonii
341 1739 452 1824 copiae
486 1761 550 1804 non
586 1760 707 1823 paucae
741 1739 780 1803 ad
813 1739 942 1803 cosdem
974 1739 1111 1806 redeunt
1140 1740 1247 1804 fontes

111 1849 207 1926 atque
233 1841 368 1905 Charisii
399 1850 430 1906 et
454 1841 609 1908 Prisciani
626 1845 644 1921 ¹,
675 1841 836 1908 Charisius
860 1854 966 1909 autem
998 1845 1097 1909 multa
1120 1843 1247 1928 accepit

110 1968 130 2009 a
153 1945 235 2010 lulio
251 1945 430 2025 Romanor,
453 1946 618 2012 Romanus
642 1969 661 2011 a
684 1947 798 2033 Capro,
824 1946 928 2031 Caper
951 1949 1101 2029 aPlinio,
1122 1947 1246 2012 Plinius

111 2071 130 2111 a
170 2049 296 2131 Probo,
336 2051 462 2115 Probus
503 2072 522 2114 a
560 2051 676 2116 Verrio
717 2051 848 2133 Flacco,
890 2051 1023 2116 Verrius
1056 2050 1192 2116 Flaccus
1227 2071 1247 2115 a

111 2150 268 2218 Varrone.

214 2258 321 2342 Atque
339 2265 373 2320 ut
392 2257 432 2321 ad
447 2257 642 2322 Terentiana
663 2258 745 2344 apud
765 2257 906 2323 Nonium
921 2264 1050 2323 seruata
1066 2258 1244 2339 redeamus,

110 2360 282 2423 admodum
315 2383 416 2445 pauca
445 2362 477 2425 in
512 2362 645 2426 aliorum
675 2363 954 2446 grammaticorum
983 2362 1071 2427 libris
1101 2362 1246 2442 redeunt,

110 2473 143 2528 et
155 2486 193 2528 aa
206 2462 331 2548 quidem
345 2466 498 2550 pleraque
511 2468 616 2531 omnia
629 2468 660 2530 in
674 2468 766 2531 certis
779 2467 968 2552 quibusdam
982 2466 1077 2531 Nonii
1089 2466 1245 2553 capitibus

110 2577 258 2648 exstant,
289 2591 424 2655 quorum
460 2571 582 2636 indoles
612 2569 697 2634 baud
730 2572 794 2636 scio
827 2593 866 2635 en
898 2577 1045 2636 ueterum
1068 2571 1243 2634 doctrinam

110 2673 247 2736 maxime
255 2672 417 2764 redoleat,
439 2674 469 2738 id
486 2675 581 2740 estin
598 2674 645 2737 his
663 2674 836 2758 capitibus:
861 2673 910 2738 De
924 2675 1102 2738 indiscretis
1124 2675 1245 2755 paneri·

109 2775 174 2855 bras,
191 2778 228 2841 de
251 2780 422 2843 contrariis
445 2778 609 2863 yeneribus
633 2777 810 2859 uerborum,
834 2779 871 2842 cle
887 2784 1010 2841 rautata
1027 2778 1243 2856 declinatione,

109 2880 146 2944 ele
177 2884 316 2947 araturis
341 2882 532 2966 aiensibus,
562 2883 600 2947 ele
622 2883 802 2946 indiscretis
829 2881 1003 2964 aduerbais,
1027 2882 1064 2946 cte
1084 2882 1244 2946 doctorum

109 2985 268 3069 indeptae.

213 3089 384 3154 Ordiamur
397 3090 493 3174 igitur
508 3111 528 3154 a
544 3089 737 3154 Charisia
755 3099 788 3155 st
804 3081 1032 3168 Prisciano,
1049 3111 1129 3175 quos
1140 3110 1244 3174 gram·

110 3193 241 3257 maticos
258 3193 357 3258 isdem
374 3193 516 3259 lontibus
532 3215 570 3258 ac
581 3192 721 3259 Nonium
739 3215 814 3258 usos
830 3216 899 3257 esse
915 3193 1109 3258 Schmidtius
1125 3192 1243 3258 docuit.

211 3296 377 3381 Leguutur
400 3297 430 3360 in
453 3298 525 3361 libri
541 3297 679 3362 Noniani
704 3298 809 3382 capita
827 3296 912 3360 Vlll
936 3297 984 3361 De
1003 3304 1126 3360 mutata
1150 3297 1243 3361 decli·

109 3402 233 3464 natione
263 3399 360 3482 haec,
399 3422 480 3486 quae
511 3401 574 3467 iam
605 3423 624 3465 a
656 3401 831 3466 Schmidtio
864 3422 895 3485 p.
935 3403 995 3464 152
1028 3422 1072 3486 sq.
1109 3400 1244 3465 collecta

108 3509 197 3567 sunt:

210 3603 293 3671 Non.
318 3608 390 3671 483.
410 3610 447 3670 ll
471 3609 593 3692 quecui
611 3628 674 3692 pro
695 3606 855 3692 quantus]
883 3605 1021 3670 Titinius
1036 3603 1245 3684 Fauentiam

107 3711 244 3776 Plautus
259 3711 454 3793 Aulularia·
475 3711 621 3794 Nouius;
652 3710 851 3775 Terentius
874 3709 914 3774 H
919 3730 957 3773 ee
964 3730 1040 3791 are
1064 3707 1111 3790 (V
1132 3713 1162 3790 3,
1186 3706 1243 3792 38)

108 3812 326 3898 Nurnquaru
361 3816 534 3878 arrianum
566 3816 730 3899 quaesti
763 3815 906 3897 pratia
939 3813 993 3876 acl
1021 3814 1152 3876 malas
1181 3813 1244 3875 in·

109 3919 248 3981 dercaru
271 3925 438 4003 peartes;
468 3918 661 4003 Pomponius
690 3917 832 4000 Pistore;
862 3916 1029 4000 Turpilius
1052 3914 1245 3998 Demiur90,·

107 4019 188 4084 idern
210 4018 374 4103 Heraea
398 4019 554 4087 Caecilius
580 4019 756 4104 Venetam,
782 4020 890 4087 Varro
915 4018 1002 4085 Cato.

213 4268 222 4303 ¹
241 4266 277 4321 cl.
296 4267 426 4320 Schmidt.
445 4283 472 4336 p.
491 4267 548 4323 155.

215 4354 226 4390 ²
243 4353 496 4421 Schottmuallorae,
508 4355 549 4408 Dc
560 4352 643 4410 Plinii
656 4353 776 4408 Secundi
800 4352 877 4405 libris
890 4351 1074 4424 grammaticis
1092 4366 1118 4419 p.
1130 4349 1166 4406 20
1183 4365 1243 4421 sqq.
