2962 4800
244 293 263 351 4
783 284 830 371 [ri

243 482 497 568 inscriptionibus
520 480 707 566 quibusdam
737 489 1025 545 commemorantur
1054 502 1158 565 neque
1186 485 1401 551 Pausaniao¹

243 588 352 672 ignota
383 585 529 650 videntur
551 585 656 650 fuisse.
702 586 857 650 Attamen
892 606 962 649 cunr
996 585 1168 651 admodum
1199 590 1330 674 exigua
1356 595 1400 656 sit

242 691 405 771 memoria,
436 690 520 753 hunc
542 689 720 754 sacerdotes
744 691 960 753 constituendi
984 689 1113 754 modum
1136 691 1249 757 minus
1276 717 1398 781 propa-

243 802 350 878 gatum
375 794 473 858 fuisse
494 793 645 877 suspicor.

344 899 486 962 Plurima
510 918 585 961 vero
611 897 803 960 Graecorum
827 897 1002 962 sacerdotia
1024 899 1192 964 sortitione
1216 909 1323 986 atque
1349 925 1390 967 ea

241 1006 274 1068 in
297 1004 438 1087 singulos
461 1001 648 1086 plerumque
677 1022 774 1066 annos
798 1002 950 1066 mandata
972 1024 1042 1066 esse
1072 1002 1155 1066 hand
1181 1005 1303 1070 mirum
1330 1015 1390 1072 est.

242 1107 323 1172 Nam
348 1106 406 1169 bac
430 1107 498 1190 ipsa
521 1108 642 1169 ratione
667 1109 805 1170 maxime
828 1108 966 1190 permitti
983 1107 1161 1187 videbatur,
1184 1116 1219 1172 nt
1246 1109 1298 1174 dei
1323 1113 1388 1195 ipsi

191 1198 197 1209 ’
242 1232 332 1296 quem
356 1212 475 1274 vellant
491 1209 688 1273 sacerdotem
706 1210 961 1275 constituerent.2
998 1213 1080 1282 Quin
1106 1213 1250 1276 etiamin
1275 1218 1384 1298 genti·

241 1315 320 1379 liciis
336 1312 529 1394 sacerdotiis,
552 1313 582 1375 in
608 1314 720 1396 quibus
744 1313 872 1397 quidem
889 1313 1059 1378 maioribus
1081 1321 1156 1377 natu
1173 1316 1382 1400 privilegium

245 1440 310 1483 non
348 1424 446 1495 esset,
485 1417 641 1481 sortitioni
680 1417 769 1481 locus
807 1440 878 1482 csse
916 1418 1031 1501 potuit.
1077 1416 1148 1490 Quo
1184 1440 1225 1482 ex
1261 1442 1386 1504 genere

241 1522 440 1587 notissimum
464 1528 520 1599 est,
554 1520 637 1604 quod
667 1520 846 1605 eLyeurgi
879 1521 1013 1584 oratoris
1042 1523 1107 1584 vita
1137 1525 1383 1606 oomperimns³

243 1625 322 1690 Cum
347 1623 501 1688 electione
524 1622 660 1706 danique
683 1623 727 1685 ita
750 1623 899 1705 coniungi
922 1631 1030 1708 potest
1052 1624 1182 1705 sortitio,
1217 1633 1265 1707 ut,
1298 1649 1380 1711 quos

242 1731 384 1814 singulae
423 1728 523 1791 tribus
567 1728 725 1810 suffragiis
769 1727 963 1809 creaverint,
1009 1725 1049 1791 ad
1094 1749 1149 1790 eos
1197 1729 1379 1794 sacerdotia

242 1841 327 1899 sorte
368 1841 541 1896 transeant.
597 1830 686 1893 Haec
727 1829 794 1894 fere
833 1838 915 1902 sunt,
957 1850 1039 1914 quae
1080 1829 1119 1895 de
1160 1833 1378 1898 constituendi

242 1937 422 2003 sacerdotes
453 1934 625 1997 rationibus
658 1939 745 1997 certo
773 1935 851 1997 scire
876 1933 1028 1997 videmur.
1074 1934 1198 2007 Quibus
1231 1956 1378 2019 perscru-

242 2040 346 2106 tandis
370 2040 511 2123 quamvis
528 2060 658 2122 operam
674 2037 818 2102 dederint
835 2037 978 2101 homines
1002 2037 1096 2120 docti,
1121 2046 1228 2101 tamen
1246 2050 1377 2124 praeter

242 2145 331 2208 locos
356 2143 550 2223 Platonicos,
574 2141 658 2205 unde
683 2141 817 2226 plurima
832 2154 1020 2225 argumenta
1037 2141 1102 2205 erui
1125 2142 1239 2224 solent,
1266 2164 1378 2230 omnes

242 2249 294 2334 qui
329 2249 388 2312 huo
419 2247 579 2331 pertinent
613 2246 696 2308 tituli
730 2244 937 2328 indagentur,
975 2245 1116 2329 indagati
1151 2247 1377 2313 examinentur

243 2351 395 2437 oportet.⁴

344 2455 469 2519 Novum
494 2475 569 2519 vero
592 2462 689 2538 atque
710 2452 776 2516 fere
792 2453 967 2518 inauditum
984 2475 1075 2517 usum
1095 2452 1269 2536 Dionysius
1287 2453 1378 2518 Hali·

245 2561 461 2625 carnassensis
484 2559 515 2621 in
540 2558 625 2621 arch.
644 2557 739 2620 Rom.
756 2556 790 2620 ΙΙ
814 2560 851 2619 21
867 2555 977 2619 tradit:
1020 2560 1082 2618 To*
1092 2583 1107 2616 ν
1129 2562 1259 2619 ἄλλων
1282 2558 1377 2642 φαύ-

239 2670 313 2740 λως
336 2690 410 2739 πως
432 2668 496 2726 καὶ
518 2659 815 2739 ἀπερισκέπτως
838 2659 885 2736 α’νς
916 2658 980 2722 ἐπὶ
1006 2655 1103 2722 notri
1126 2661 1377 2740 ποιουμένων

240 2765 307 2842 τοὶς
330 2765 507 2848 αἱρέσεις
531 2761 1197 2846 τῶνἐπιστησομένωντοῖςῖεροῖς,
1221 2767 1379 2830 καὶτῶν

238 2870 308 2950 μὲν
341 2868 531 2951 ἀργυρίου
565 2866 606 2930 τό
640 2869 770 2946 τίμιον
807 2864 1027 2941 ἀξιούντων
1064 2865 1380 2950 ἀποκηρύττειν,

240 2978 314 3035 τῶν
348 2973 389 3035 δὲ
424 2971 554 3060 κλήρῳ
589 2968 850 3050 διαιρούντων
888 2967 992 3051 [τούς
1029 2968 1182 3052 ἱεροῖς],
1221 2969 1380 3051 ἐκεῖνος

239 3076 423 3158 (Romulus)
446 3083 537 3139 οὔτε
561 3074 715 3158 ὠνητοῖς
742 3062 1151 3160 χρημάὶιονιέποίηοε
1173 3073 1245 3151 τοῖς
1269 3075 1379 3158 ἱερω-

239 3181 356 3257 σύνας
379 3187 465 3243 οὔτε
490 3175 618 3265 κλήρῳ
641 3175 841 3258 μεριστάς.
880 3176 1001 3249 Quibus
1025 3177 1128 3240 verbis
1151 3177 1206 3240 diu
1222 3180 1378 3263 neglectis

240 3288 296 3350 lux
312 3285 408 3350 allata
425 3289 473 3348 est
489 3294 693 3346 monumento
710 3282 762 3345 illo
782 3278 1064 3360 llalicamassensi,
1085 3279 1169 3365 quod
1186 3280 1378 3351 Boeckhius

240 3390 376 3474 primum
414 3409 441 3451 a.
483 3389 564 3448 1830
601 3385 719 3470 publici
756 3384 830 3447 fecit
867 3384 960 3465 iuris,
1005 3405 1107 3468 eoque
1144 3405 1183 3447 ex
1227 3393 1379 3473 tempore

238 3492 409 3555 nonnullae
434 3490 515 3554 aliac
540 3489 760 3573 inscriptiones
783 3487 950 3568 indagatae
973 3494 1055 3567 sunt,
1084 3487 1248 3570 equibus,
1272 3493 1381 3575 qualis

239 3596 335 3659 fuerit
348 3593 516 3658 sacerdotii
528 3593 647 3676 emptio
661 3591 813 3671 venditio,
826 3590 951 3674 plenius
964 3591 1170 3673 intellegitur.
1194 3591 1307 3677 Atque
1321 3596 1382 3663 has

243 3735 447 3743 ψ...-

341 3805 350 3838 ¹
370 3802 404 3855 cf.
423 3801 478 3853 Vll
496 3801 538 3862 27,
557 3802 586 3854 l:
606 3797 668 3852 aava*
688 3795 765 3859 δόξαν
783 3806 868 3869 γένους
884 3796 993 3866 μάλιστα
1012 3800 1159 3867 αι’ρονξαενοι.

342 3894 352 3924 '·'
373 3892 407 3941 os.
428 3890 497 3940 plat.
510 3890 563 3952 leg.
577 3887 616 3937 Vl
629 3905 655 3953 p.
668 3887 718 3939 759
731 3887 763 3937 C:
783 3885 815 3939 rii
826 3893 872 3954 pir
884 3881 932 3939 onir
944 3887 993 3938 τῶν
1005 3887 1073 3954 iapida
1085 3887 1120 3954 τῷ
1133 3887 1186 3956 θεῷ
1204 3888 1383 3958 ἓπιτρέῃοῃα

237 3975 308 4046 adripi
326 3975 356 4027 ro'
376 3973 546 4045 κεχαριομὲναν
563 3981 687 4043 ylyrrnttm
706 3974 807 4039 κληροῦν
825 3974 857 4037 τῇ
876 3980 932 4042 ⁹⁸4¹
952 3971 1015 4042 τύχῃ
1034 3971 1204 4024 duodenam.

340 4061 401 4113 tel.
421 4057 490 4111 Viti.
511 4060 535 4111 X
554 4065 636 4111 omit.
665 4077 689 4125 p.
716 4060 768 4113 843
787 4059 823 4110 F:
851 4060 933 4129 λαχών
950 4066 977 4111 tx
996 4060 1043 4111 τοῦ
1069 4066 1155 4129 yr'rovc
1174 4058 1222 4125 τήν
1251 4063 1388 4136 ἱερωσύνη,

237 4156 276 4201 *at
296 4147 475 4218 παραχωρήσας
494 4150 529 4217 τῷ
548 4146 655 4216 οἶδελφῴ.

339 4234 350 4269 ⁴
370 4236 408 4285 Da
420 4234 624 4284 Atheniensium
642 4233 803 4285 sacerdotiis
821 4233 923 4300 optime
941 4232 997 4300 egit
1011 4230 1119 4283 Martha
1139 4230 1196 4295 „las
1209 4237 1389 4297 sacerdodes

235 4316 403 4373 Atheniens*
425 4318 524 4385 (Paria.
546 4315 630 4385 1882).
