3030 4816
657 298 746 390 [391]
1228 305 1270 368 ιο

361 491 397 567 4.
430 506 525 584 post
546 520 586 562 ta:
610 497 760 586 παγκοίνῳ
784 494 880 581 ’δάμη
899 495 1017 562 Aesch.
1034 496 1122 579 Sept.
1141 499 1213 562 607.
1232 531 1269 544 -

427 601 500 687 ἥκω·
518 600 645 686 ’τοίχοιο
661 603 750 666 Pera.
767 603 840 666 592.
857 635 896 645 -
913 599 973 664 ἒοιο
987 596 1090 685 ’σφαζ
1107 599 1204 686 Soph.
1221 602 1271 665 Αἰ.

423 710 496 774 235.
517 742 547 750 -
570 705 674 793 ἐκείνῳ
697 702 802 770 'trauan
829 707 920 769 1303.
948 739 984 751 -
1008 701 1071 785 ἐγώ
1092 700 1202 788 ’paupe
1230 704 1270 770 Ο.

433 809 470 875 C.
493 813 566 875 454.

358 930 387 1000 5.
421 939 514 1019 post
536 953 587 995 ou:
611 932 676 996 οἵου
699 929 829 1015 'rodata
857 878 1032 1015 SophJAt.
1056 931 1145 996 500.1

299 1055 326 1135 β.
360 1051 591 1140 saepes'nr',
621 1053 754 1117 rarius
786 1054 844 1129 ἐξ,
876 1054 934 1127 ἐν,
966 1053 1023 1129 ἐς,
1055 1051 1271 1116 rarissime

358 1155 438 1220 ἀπό
461 1179 534 1243 par
562 1157 820 1242 aphaeresin
851 1157 1035 1220 noeaIem
1066 1157 1272 1220 initialem

361 1262 590 1326 amittunt:

335 1379 386 1449 ’1.
426 1393 520 1468 post
543 1403 579 1444 a:
602 1379 679 1462 κάρα
701 1378 858 1456 ’πιδείξων
881 1377 956 1443 Eur.
979 1377 1027 1444 El.
1051 1381 1124 1446 856.

358 1497 389 1570 2.
420 1509 567 1588 postet:
591 1503 618 1565 εἰ
652 1500 873 1580 ’πιταξόμεοθα
895 1499 971 1564 Eur.
995 1500 1106 1585 Suppl.
1130 1502 1206 1566 521.

359 1620 390 1691 3.
425 1632 524 1708 post
544 1644 579 1708 ηε
602 1619 642 1706 δή
666 1621 814 1686 'naratha
847 1621 925 1686 Eur.
955 1622 982 1687 I.
1006 1621 1042 1685 Τ.
1065 1622 1137 1686 256.
1163 1658 1199 1668 -
1224 1620 1273 1705 εἴη

425 1724 450 1801 ’ξ
480 1729 557 1804 ἐμοῦ
588 1725 686 1810 Soph.
719 1725 758 1790 0.
792 1725 832 1791 R.
864 1728 937 1789 970.
972 1762 1011 1772 -
1050 1721 1068 1811 ἢ
1102 1724 1129 1786 ’ν
1166 1724 1271 1806 α’γροῖς

427 1830 466 1895 Ο.
490 1829 530 1895 R.
556 1832 627 1894 112.
653 1869 691 1879 -
715 1826 734 1911 ἢ
760 1827 785 1890 ’ν
807 1830 878 1909 ἐμοί
898 1830 950 1893 Ai.
976 1830 1069 1893 1315.
1087 1863 1123 1872 -
1144 1827 1190 1911 μή
1208 1829 1273 1892 ἰδι-

426 1959 477 1997 κον
500 1933 538 1998 0.
562 1933 601 1998 R.
625 1935 698 1997 681.
722 1968 760 1977 -
785 1932 830 2014 μή
853 1929 992 2019 ’papiniano
1016 1931 1055 1996 Ο.
1078 1930 1113 1996 C.
1137 1933 1210 1994 400.
1231 1970 1271 1983 -

422 2034 467 2119 μή
498 2034 677 2119 ’μπολήσιιιν
706 2040 782 2101 Ant.
812 2038 910 2101 1063:
943 2055 1024 2120 quae
1053 2035 1201 2120 exempla
1232 2034 1271 2098 ad

425 2142 525 2204 oresio
542 2139 713 2205 referenda
728 2161 809 2220 esse,
827 2141 871 2202 ita
890 2147 924 2201 ut
935 2137 1093 2202 scribatur
1104 2136 1145 2221 ἢν
1159 2139 1273 2221 ἀγροῖς,

426 2241 570 2327 μὴίὃικοι
588 2254 657 2322 eta,
673 2244 851 2308 Ahrensius
868 2248 941 2327 (pg.
955 2241 1012 2325 25)
1029 2242 1201 2308 contendit.
1228 2241 1274 2306 At

426 2348 452 2412 si
481 2349 510 2412 in
543 2348 576 2412 ἐκ
607 2349 842 2433 praepositione
875 2348 1065 2432 aphaeresin
1096 2348 1273 2428 statuimus,

427 2473 483 2516 our
506 2474 568 2517 nou
592 2452 703 2516 eodem
728 2452 823 2517 modo
847 2452 876 2516 in
900 2453 955 2515 aa?
984 2489 1011 2496 -
1049 2448 1108 2514 ἀπό
1139 2472 1272 2536 praepo·

427 2557 548 2621 sitionis
571 2556 760 2641 aphaeresin
783 2556 936 2619 habemus
961 2555 1058 2640 Soph.
1076 2553 1192 2621 Traoh.
1209 2557 1271 2618 239

425 2658 529 2743 η’πό.
576 2658 652 2725 Bur.
681 2660 707 2723 Ι.
733 2659 774 2723 A.
803 2661 863 2722 817
903 2656 922 2745 ἦ
952 2658 1046 2739 ’noya
1094 2657 1271 2722 Ahrensius

426 2763 495 2849 (pg.
512 2762 569 2844 24)
595 2764 643 2828 hio
663 2784 790 2849 quoque
807 2763 910 2826 orasin
928 2764 1048 2841 statuit,
1071 2783 1183 2826 uerum
1200 2783 1270 2825 eum
1393 2831 1395 2838 y

430 2879 509 2950 p†
535 2893 554 2930 α
577 2888 641 2931 non
664 2869 695 2930 in
720 2893 740 2951 η
763 2865 818 2930 sed
842 2867 873 2929 in
897 2894 915 2928 a
940 2866 1024 2952 apud
1041 2867 1167 2929 Atticos
1198 2887 1271 2930 eoa·

429 2973 548 3036 lesoere
571 2993 667 3056 supra
691 2971 862 3048 doouerirn,
892 2969 1080 3054 aphaeresin
1111 2968 1270 3053 praefero.

363 3072 397 3142 4.
431 3086 528 3161 post
551 3097 591 3137 ta:
614 3072 698 3157 λέγω·
715 3072 758 3137 ’πὶ
774 3080 881 3137 τοῦτον
896 3073 995 3157 Soph.
1014 3073 1073 3135 Ph.
1089 3075 1161 3136 591.
1200 3070 1270 3160 ἥξοι·

430 3180 473 3243 ’πί
500 3177 576 3244 Eur.
607 3179 706 3244 Rhea.
739 3180 809 3242 157.
855 3175 966 3256 pitter·
998 3174 1041 3238 ’πί
1071 3176 1096 3241 Ι.
1126 3175 1166 3239 Α.
1198 3179 1270 3242 719.

433 3282 516 3346 θέλω
539 3280 696 3362 ’πεοὲσθαι
714 3281 811 3367 Soph.
829 3279 867 3347 Ο.
884 3279 920 3346 O.
939 3282 1009 3344 557.
1044 3278 1124 3367 λόγῳ
1154 3279 1268 3370 ’παινῇς

428 3387 505 3451 Eur.
530 3386 616 3473 Cyol.
635 3390 705 3452 155.
745 3383 827 3466 κάγώ
848 3380 989 3466 ’ξελὲγξαι
1008 3383 1085 3450 Eur.
1104 3385 1128 3448 Ι.
1145 3383 1180 3447 Τ.
1197 3387 1270 3453 955.

429 3490 489 3573 ἐγώ
520 3493 546 3555 ’κ
578 3497 633 3555 τοῦ
665 3489 751 3576 Cyol.
778 3491 851 3554 586.
895 3485 1023 3571 μηδέπω
1054 3489 1080 3550 ’v
1109 3492 1271 3569 προοιμίοις

430 3595 547 3660 Aesoh.
571 3595 678 3660 Prom.
704 3597 775 3659 741.

365 3697 397 3767 5.
430 3707 522 3784 post
545 3719 594 3760 ou:
623 3696 750 3782 μόχθου
773 3697 1020 3780 ’πικοιιφίζουσαν
1045 3696 1123 3762 Eur.
1147 3695 1196 3760 ΕΙ.
1221 3701 1270 3762 72.

430 3805 565 3885 σκηπτοῦ
587 3800 718 3878 ’πιόντος
748 3801 847 3867 Rhea.
872 3805 945 3867 674.
980 3838 1012 3846 -
1049 3799 1112 3864 ιίπό
1141 3801 1271 3866 elisione

143 3940 346 3950 ——-—...-.--

241 4014 249 4047 ¹
278 4011 309 4063 ln
335 4012 490 4063 nuntiorum
517 4012 722 4064 narrationibus
748 4016 921 4077 augmentum
948 4013 1109 4079 syllabicam
1136 4014 1270 4066 omittitur

139 4097 219 4149 etiarn
240 4097 285 4148 ubi
304 4097 464 4162 aphaeresis
486 4098 569 4149 statui
596 4114 648 4148 aon
674 4114 754 4163 possa
778 4096 889 4148 uidetur
918 4097 966 4159 (of.
993 4096 1128 4150 Matthiae
1154 4100 1271 4153 Granrm.

139 4198 185 4250 με.
205 4182 256 4236 203
275 4180 363 4250 sqq.);
385 4198 454 4250 quae
474 4183 612 4250 augmenti
631 4183 708 4235 elisio
728 4200 781 4235 uon
802 4182 831 4235 ut
850 4184 902 4235 nisi
924 4184 952 4234 in
971 4183 1066 4254 ῥήσεων
1084 4184 1220 4255 ᾰγγιλιιιιῐς
1239 4202 1271 4237 ao

139 4285 174 4321 ne
192 4270 219 4321 in
239 4270 282 4321 his
301 4268 409 4337 quidem
428 4269 481 4320 nisi
500 4285 628 4322 uersuum
648 4270 726 4322 initio
739 4277 767 4322 et
780 4271 863 4322 semel
877 4272 964 4322 medio
979 4271 1004 4322 in
1019 4287 1099 4323 uersu
1114 4280 1174 4337 post
1186 4274 1271 4326 inter·

140 4353 330 4422 patrationem:
367 4353 431 4408 Eur.
451 4353 550 4409 Baeoh.
571 4355 637 4409 1134
655 4354 778 4428 ἀρβύλαις·
797 4358 932 4430 γυμνοῦντο
950 4356 986 4410 δι’.
