3030 4816
216 318 255 380 14
389 324 390 328 ¹
738 312 827 399 [eoo]

172 515 175 522 '
215 515 420 598 spectatores·
438 531 504 573 uon
535 515 601 572 tarn
632 529 841 592 personarum
872 530 974 573 mores
997 516 1143 573 accurate
1166 509 1279 594 politos
1301 511 1354 574 vel

216 614 346 677 actionis
376 613 509 676 artificia
538 633 633 696 quam
664 633 746 676 nova
775 619 807 675 ct
837 613 926 676 varia
949 619 982 677 ct
1004 618 1132 677 actuosa
1155 613 1351 678 desiderasse

216 719 323 802 itaque
346 738 443 781 novas
466 716 591 780 fabulas
614 716 697 780 solas
720 715 884 799 placuisse,
912 724 1036 781 veteres
1060 713 1177 780 nullius
1200 717 1353 781 momenti

216 823 322 886 fuisse.
378 820 429 884 Ex
460 821 573 905 quibus
607 828 642 883 ut
665 820 743 884 illud
766 820 948 904 probamus,
977 821 1022 884 ita
1044 819 1275 884 Deiota-leonem
1298 842 1354 905 op·

215 925 404 1010 positionem
435 923 564 988 fabulae
587 945 688 988 novae
710 932 743 988 et
766 925 881 988 veteris
906 924 1035 988 finxisse
1058 924 1242 1005 iudicamus,
1270 945 1353 1008 quac

216 1029 305 1092 nulla
327 1035 404 1107 crat,
428 1036 512 1093 certe
536 1028 595 1092 hac
613 1029 713 1092 inre:
737 1029 826 1112 quasi
849 1050 1003 1092 novarum
1021 1035 1103 1093 esset
1119 1028 1353 1093 comoediarum

216 1139 410 1216 spectatores
439 1139 626 1215 argumento
656 1131 815 1195 delectare
845 1153 947 1216 neque
979 1132 1065 1196 idem
1088 1133 1185 1196 etiarn
1208 1140 1353 1196 veterum

215 1236 311 1320 idque
334 1236 385 1300 vel
407 1236 548 1320 saepius!
578 1235 671 1319 Ipsae
703 1235 843 1299 Terentii
875 1236 1056 1300 comoediae
1079 1237 1121 1300 ad
1144 1234 1355 1300 refellendam

216 1337 429 1403 Daiatzlcoois
461 1339 649 1403 sententiam
684 1338 860 1402 sufficiunt:
899 1360 939 1402 an
972 1340 1155 1424 putabimus
1190 1339 1353 1424 Hecyram

218 1465 333 1508 novam
371 1443 513 1507 fabulam
547 1443 595 1506 bis
629 1465 648 1505 a
682 1442 911 1527 spectatoribus
941 1450 1088 1506 exactam
1118 1444 1354 1527 levioribusque

134 1555 161 1583 ’·
217 1548 395 1612 funambuli
418 1548 631 1631 gladiatorum
653 1548 841 1631 spectaculis
864 1547 1077 1631 posthabitam
1101 1568 1179 1628 csse,
1203 1548 1228 1610 si
1245 1549 1354 1630 singu-

216 1652 283 1716 lare
307 1673 460 1716 novarum
483 1651 593 1715 fuisset
622 1651 671 1715 ius
694 1651 890 1714 audientium
918 1651 1041 1714 animos
1064 1651 1243 1734 argumenti
1266 1652 1356 1714 novi·

217 1762 282 1819 tate
306 1755 487 1819 delectare?
517 1754 611 1819 s*erte
634 1762 725 1819 vetus
748 1756 854 1838 aliqua
878 1753 986 1817 Plauti
1010 1754 1118 1818 fabula
1135 1755 1354 1838 multomagis

132 1869 137 1883 '
216 1861 250 1924 in
279 1861 492 1945 spectatarum
522 1860 659 1924 deliciis*
674 1860 770 1923 fuisse
800 1859 889 1922 nobis
918 1858 1045 1922 videtur
1083 1880 1178 1942 quam
1212 1857 1355 1922 Terentii

217 1963 347 2049 Hecyra
370 1964 421 2027 vcl
443 1963 551 2026 Luscii
573 1961 720 2024 Phasma.

320 2066 455 2131 Veteres
488 2068 585 2150 igitur
625 2064 749 2129 fabulas
787 2067 894 2148 primis
936 2068 1116 2130 comoediae
1158 2065 1354 2149 temporibus

217 2173 334 2235 nullius
358 2171 452 2256 pretii
472 2171 567 2234 fuisse
584 2169 780 2233 Deiotclcooi
802 2192 866 2233 non
890 2170 1056 2236 credimus.
1092 2171 1195 2233 Immo
1211 2168 1356 2234 omnibus

218 2276 414 2360 temporibus
436 2281 464 2339 et
486 2295 583 2337 acccc
606 2281 633 2336 et
648 2281 763 2338 ueteres
777 2275 954 2358 agebantur
970 2275 1162 2353 comoediae,
1186 2276 1230 2337 ita
1246 2281 1355 2336 tamen

217 2387 253 2444 ut
276 2402 388 2460 novae,
420 2379 508 2443 velut
540 2381 633 2441 καινοὶ
656 2379 798 2464 κωμῳδοί
827 2378 964 2443 Leuaeis
991 2387 1023 2442 et
1045 2379 1171 2462 Magnis
1194 2376 1356 2460 Dionysiis

221 2484 304 2568 apud
328 2484 479 2561 Graecos,
513 2483 595 2547 ludis
619 2484 752 2568 publicis
775 2483 979 2547 sollemnibus
1003 2483 1219 2548 Romanorum
1241 2481 1354 2544 daren-

219 2596 286 2650 tur:
319 2586 502 2667 Romanis‚¹
533 2585 801 2668 Megalensibus,2
831 2585 1103 2670 Apollinaribus,³
1126 2584 1279 2669 plebeis,4
1301 2603 1357 2646 vo·

219 2698 302 2755 teres
324 2691 394 2754 aliis
419 2691 642 2767 occasionibus,
665 2690 765 2753 ueluti
785 2690 921 2753 maxime
940 2690 1022 2753 ludis
1037 2691 1151 2754 votivis
1166 2695 1198 2751 et
1214 2687 1355 2750 funebri·

219 2794 313 2858 bus.⁵
362 2794 461 2858 Recte
480 2794 577 2877 igitur
599 2792 789 2857 Ritacbelius
807 2794 839 2856 in
853 2793 983 2876 Parerg.
997 2812 1028 2876 p.
1041 2796 1097 2857 331
1119 2814 1186 2876 sq.:
1209 2790 1254 2855 ‘In
1269 2789 1356 2853 Rom

219 2898 316 2961 selbst
329 2898 398 2961 sind
408 2897 444 2980 ja
461 2898 508 2960 oft
521 2918 627 2981 genug
640 2897 720 2960 auch
734 2897 798 2959 alte
812 2896 930 2960 Stiicke
946 2896 1004 2960 auf
1017 2896 1189 2961 dieBiihne
1202 2895 1358 2977 gebracht

219 3001 365 3082 worden3
387 3007 481 3065 unter
504 3001 646 3065 welchen
669 2999 986 3084 Einschrtinkungeu,
1010 3001 1050 3064 ob
1066 3022 1125 3064 nur
1146 3021 1187 3062 an
1202 2999 1356 3083 gewissen

219 3253 357 3298 veteres
387 3247 471 3298 aber
501 3260 592 3312 ganz
622 3244 797 3294 werthlos
827 3239 960 3294 waren!
987 3274 1021 3282 —
1049 3241 1089 3293 cf.
1114 3238 1231 3294 eundem
1258 3241 1285 3292 in
1314 3240 1357 3291 ed.

219 3332 336 3399 Adelph.
356 3349 381 3399 p.
399 3332 423 3384 6.

324 3419 456 3470 Similiter
477 3425 559 3484 atque
578 3416 714 3469 Deiotzlco
733 3416 865 3466 iudicavit
883 3416 915 3466 Α.
934 3415 1008 3466 Kobl
1027 3416 1053 3466 in
1075 3414 1182 3466 dissert.
1214 3410 1358 3464 ‘Didasca-

220 3504 274 3555 liae
299 3503 482 3556 Terentianae
508 3504 670 3569 explicatae'
697 3520 722 3568 p.
742 3503 790 3554 24:
817 3500 904 3569 ‘Apud
930 3509 1037 3554 veteres
1066 3503 1173 3553 minimo
1192 3500 1275 3552 morio
1295 3510 1359 3552 crat

220 3598 250 3641 ut
277 3596 373 3642 nostra
398 3595 490 3642 aetate
516 3590 626 3641 fabulae
651 3591 823 3655 praestantia
849 3590 984 3655 cognitas,
1009 3591 1031 3641 ei
1056 3589 1137 3639 semel
1165 3592 1244 3639 actae
1269 3598 1359 3651 erant,

220 3678 317 3729 iterum
341 3684 424 3745 atque
445 3693 538 3728 rursus
551 3676 701 3743 producere
714 3679 740 3728 iu
755 3692 873 3737 scenam,
891 3676 950 3728 sed
970 3677 1109 3727 omnino
1130 3675 1239 3726 nihili
1254 3676 1359 3727 aesti-

221 3765 408 3816 mabantur
427 3770 507 3829 post
526 3764 669 3829 primam
689 3764 884 3815 actionem'

327 3856 332 3887 ¹
353 3851 484 3903 Romanis
503 3850 575 3902 ludis
595 3850 711 3914 exempli
731 3851 823 3913 gratia
841 3849 964 3901 Terentii
985 3848 1114 3900 Phormio
1138 3856 1201 3899 acta
1220 3850 1269 3897 est.

324 3937 568 4002 ²Mcgaleusibue:
594 3936 683 3987 Plauti
710 3936 860 3986 Pseudolus
893 3935 928 3996 (a.
950 3935 997 3987 191
1024 3953 1047 3987 a.
1067 3934 1131 3985 Chr.
1152 3935 1205 3998 n),
1234 3934 1358 3986 Terentii

221 4021 333 4084 Andria,
353 4023 510 4086 Eunuchus,
530 4023 862 4081 Heautontimorumenos,
882 4021 992 4087 Hecyra
1011 4037 1083 4071 nova
1101 4021 1204 4073 fabula.

323 4110 333 4142 ⁸
352 4111 576 4176 Apollinaribus:
599 4109 679 4160 Ennii
700 4109 839 4174 Thyestes.

322 4197 334 4230 ⁴
352 4196 434 4246 Ludis
454 4195 578 4260 plebeis:
597 4193 689 4245 Plauti
708 4193 815 4245 Stichus
834 4193 870 4255 (a.
889 4191 941 4247 200
960 4211 984 4244 a.
1003 4193 1065 4244 Chr.
1085 4191 1133 4255 n.).

325 4283 334 4315 ⁵
355 4280 525 4348 Quamquam
548 4281 619 4332 ludis
638 4281 799 4333 funebribus
818 4297 907 4333 noras
926 4295 1035 4348 quoque
1061 4279 1169 4344 saepius
1188 4283 1267 4329 actae
1286 4284 1361 4345 sunt,

221 4367 295 4439 quod
316 4373 425 4420 constat
445 4368 478 4418 de
497 4366 619 4418 Terentii
640 4365 772 4434 Adelphis
792 4373 819 4417 et
840 4367 873 4420 de
891 4368 990 4434 Hecyr.
1010 4364 1066 4417 fab.
1086 4367 1244 4416 retractata.
