2954 4822
206 282 245 341 ro
643 315 681 323 -
732 274 818 363 [rio]
866 314 907 323 -

205 476 271 543 est;
295 490 374 533 sane
398 468 503 532 forma
526 467 672 547 metrica,
696 467 800 552 qualis
824 467 944 532 tradita
962 475 1023 549 est,
1046 468 1088 532 ad
1112 469 1234 534 ionieos
1254 469 1344 533 nullo

205 572 301 636 modo
326 572 475 658 quadrat.

291 680 587 756 Anacreontea‚
611 696 695 759 quae
719 675 885 756 dicuntur,
910 678 1067 757 earmina,
1090 682 1203 763 utpote
1227 697 1341 741 reeen-

204 782 285 845 tiore
308 787 455 866 tempore
480 780 670 865 composita,
694 779 746 843 hic
771 779 950 843 omittenda
974 800 1048 844 esse
1073 781 1197 845 censui.

291 882 618 949 Commemorandum
647 891 757 948 autem
787 889 838 948 est
874 883 1027 948 seolion
1060 887 1079 948 8
1114 883 1180 970 (ed.
1205 885 1343 970 Bergk),

205 990 296 1053 ouius
320 988 448 1052 initium
472 987 532 1051 hoo
557 992 605 1051 est

434 1093 609 1186 Ὑγιαίνειν
630 1098 690 1183 μὲν
712 1092 847 1184 άριστον
869 1092 963 1185 άνδρὶ
985 1101 1109 1186 θνατῷ,

438 1213 458 1236 V
472 1213 698 1248 --------
711 1229 727 1235 -
740 1213 760 1234 υ
773 1228 789 1234 -
802 1226 827 1239 -ι

207 1282 273 1348 Sed
291 1304 364 1348 cum
377 1290 455 1361 tres,
469 1284 524 1367 qui
541 1288 730 1368 sequuntur,
748 1301 862 1347 versus
878 1281 1164 1367 hendecasyllabis
1175 1283 1241 1346 sint
1251 1283 1343 1347 attri-

205 1386 336 1463 buendi,
351 1387 526 1451 verisimile
541 1393 592 1451 est
605 1406 736 1450 versum
750 1388 762 1446 l
781 1405 909 1470 quoque
923 1385 964 1448 ad
975 1385 1036 1449 hoe
1049 1406 1153 1469 genus
1167 1387 1343 1472 pertinere.

290 1577 336 1640 Ut
352 1577 488 1661 integris
505 1576 620 1640 ionicis
636 1597 677 1639 ex
690 1575 825 1659 tragicis
842 1575 947 1661 poetis
960 1575 1103 1639 maxime
1117 1576 1343 1662 Aeschylus

203 1702 282 1744 usus
317 1687 381 1758 est,
420 1682 465 1744 ita
501 1673 747 1763 άνακλιομένους
779 1700 909 1765 quoque
945 1678 1032 1744 idem
1071 1681 1172 1744 multo
1213 1682 1344 1766 saepius

203 1785 372 1868 usurpavit
396 1805 493 1869 quam
518 1782 715 1868 Sophocles,
746 1784 838 1847 ouius
870 1783 995 1846 nullum
1025 1791 1117 1847 extat
1145 1785 1344 1870 exemplum,

203 1893 259 1949 aut
282 1884 469 1972 Euripides.
514 1884 581 1949 Sex
605 1884 757 1970 strophae
782 1885 989 1970 Aesohylaae
1012 1887 1134 1951 lonieos
1156 1879 1343 1971 ἀνακλωμέ-

203 2013 285 2068 νους,
310 1990 399 2076 puris
424 1990 616 2075 plerumque
640 1989 754 2052 ionicis
778 1987 952 2068 admixtos,
976 1989 1153 2075 praebent:

544 2109 636 2174 Pera.
661 2111 788 2172 81-86
805 2141 844 2162 =
862 2109 991 2174 87-92

249 2214 387 2279 κυανοῦν
409 2206 440 2277 δ’
461 2206 587 2296 όμμασι
611 2206 755 2278 λεύσσων
776 2208 894 2298 φονίου
911 2209 1033 2297 δέργμα
1049 2208 1233 2298 δράκοντος,
1257 2248 1341 2288 ομιτ

249 2312 404 2402 πολύχειρ
427 2314 483 2381 καὶ
507 2310 724 2395 πολυναύτας,
750 2311 866 2401 Σύριόν
888 2308 921 2381 θ’
948 2310 1036 2402 ἅρμα
1060 2311 1194 2399 διιύκιον,

249 2406 365 2507 ε’πάχει
389 2414 611 2504 δουρικλύτοις
633 2411 770 2503 ἀνδράσι
793 2414 995 2503 τοξόδαμνον
1010 2413 1102 2508 ”App
1256 2456 1298 2494 ⁸5.
1312 2457 1341 2494 η

248 2674 371 2713 &JV-..5
390 2670 783 2708 υυυυυυυυυυυυ

639 2748 731 2813 Pers.
756 2750 906 2813 93-100

255 2847 429 2938 δολόμητιν
452 2844 483 2918 δ’
510 2843 645 2917 άπάταν
666 2852 749 2918 θεοῦ
770 2848 823 2932 τίς
844 2846 925 2942 ἀνὴρ
947 2849 1072 2933 θνατὸς
1094 2848 1222 2937 άλύξει,·

249 2954 301 3035 τίς
322 2958 340 3022 δ
362 2959 512 3044 κραιπνῷ
534 2957 616 3024 ποδὶ
639 2955 836 3047 πηδήματος
859 2953 1016 3040 εῦπετοῦς
1039 2955 1211 3051 άνάσσιονς
1257 2995 1341 3036 sera

251 3056 422 3149 φιλόφρων
444 3057 505 3147 γὰρ
528 3059 727 3148 παρασαίνει
750 3059 868 3147 βροτὸν
890 3060 937 3142 εἰς
960 3057 1081 3150 ι’ίρκυας
1096 3059 1191 3148 ’Ἀτα,
1312 3101 1340 3139 or

250 3161 351 3232 τόθεν
372 3158 431 3230 οῦκ
453 3162 541 3231 ἔστιν
563 3160 648 3233 ῦπὲκ
670 3162 794 3232 θνατὸν
817 3160 980 3247 άλύξαντα
1002 3174 1124 3256 φυγεῖν.
1297 3205 1342 3245 100

210 3569 238 3613 v.
265 3552 278 3610 1
304 3548 387 3614 θεοῦ
409 3570 469 3635 per
493 3548 656 3633 synizesin
681 3548 942 3633 monosyllabum
965 3551 1011 3613 fit.

439 3669 552 3756 Suppr.
581 3673 789 3734 nors-1025
809 3702 848 3723 =
869 3673 1077 3737 roso-1034
1091 3673 1115 3758 ι)

208 3769 258 3839 ίτε
280 3770 346 3859 μὰν
368 3766 595 3853 ἀστυάνακτας
616 3769 769 3859 μάκαρας
791 3769 890 3852 θεοὺς
914 3770 1086 3861 γανάοντες

210 3871 408 3959 πολιούχους
429 3901 464 3943 τε
486 3876 543 3942 καὶ
567 3873 604 3943 οἳ
622 3869 710 3961 χεῦμ’
733 3870 904 3963 Ἐρασίνου

210 3976 435 4067 περιναίονται
459 3976 613 4047 παλαιόν.

210 4080 423 4165 ῦποδίξασθε
446 4079 477 4151 δ’
503 4078 628 4152 ὀπαδοὶ

282 4259 302 4323 ¹)
321 4256 421 4326 Christ,
440 4257 564 4312 Meti-ik’
583 4276 609 4328 p.
627 4257 686 4312 505.
