<?xml version="1.0" encoding="UTF-8"?>
<!DOCTYPE html PUBLIC "-//W3C//DTD XHTML 1.0 Transitional//EN"
    "http://www.w3.org/TR/xhtml1/DTD/xhtml1-transitional.dtd">
<html xmlns="http://www.w3.org/1999/xhtml" xml:lang="en" lang="en">
 <head>
  <title>
</title>
<meta http-equiv="Content-Type" content="text/html;charset=utf-8" />
  <meta name='ocr-system' content='tesseract 3.04.00' />
  <meta name='ocr-capabilities' content='ocr_page ocr_carea ocr_par ocr_line ocrx_word'/>
</head>
<body>
  <div class='ocr_page' id='page_1' title='image "./dissertationesp00stragoog/dissertationesp00stragoog_0094.png"; bbox 0 0 2948 4808; ppageno 0'>
   <div class='ocr_carea' id='block_1_1' title="bbox 538 253 1228 343">
    <p class='ocr_par' dir='ltr' id='par_1_1' title="bbox 538 253 1228 343">
     <span class='ocr_line' id='line_1_1' title="bbox 538 253 1228 343; baseline 0.007 -23"><span class='ocrx_word' id='word_1_1' title='bbox 538 291 580 304; x_wconf 90' lang='lat'><strong>--</strong></span> <span class='ocrx_word' id='word_1_2' title='bbox 626 253 691 343; x_wconf 84' lang='lat'><strong>[85]</strong></span> <span class='ocrx_word' id='word_1_3' title='bbox 739 294 780 305; x_wconf 92' lang='lat'><strong>-—</strong></span> <span class='ocrx_word' id='word_1_4' title='bbox 992 326 1002 339; x_wconf 67' lang='grc'>,</span> <span class='ocrx_word' id='word_1_5' title='bbox 1209 263 1228 325; x_wconf 85' lang='grc'>9</span> 
     </span>
    </p>
   </div>
   <div class='ocr_carea' id='block_1_2' title="bbox 92 442 1227 637">
    <p class='ocr_par' dir='ltr' id='par_1_2' title="bbox 92 442 1227 637">
     <span class='ocr_line' id='line_1_2' title="bbox 92 442 1227 533; baseline 0.006 -25"><span class='ocrx_word' id='word_1_6' title='bbox 92 442 146 508; x_wconf 89' lang='lat' dir='ltr'><strong>hic</strong></span> <span class='ocrx_word' id='word_1_7' title='bbox 170 451 317 510; x_wconf 83' lang='lat' dir='ltr'><strong>servatus</strong></span> <span class='ocrx_word' id='word_1_8' title='bbox 343 452 396 511; x_wconf 87' lang='lat' dir='ltr'><strong>est</strong></span> <span class='ocrx_word' id='word_1_9' title='bbox 418 468 533 512; x_wconf 77' lang='lat' dir='ltr'><strong>versus</strong></span> <span class='ocrx_word' id='word_1_10' title='bbox 556 448 680 533; x_wconf 87' lang='lat' dir='ltr'><strong>primus</strong></span> <span class='ocrx_word' id='word_1_11' title='bbox 704 446 759 531; x_wconf 86' lang='lat' dir='ltr'><strong>(cl.</strong></span> <span class='ocrx_word' id='word_1_12' title='bbox 777 448 927 513; x_wconf 81' lang='lat' dir='ltr'><strong>editionis</strong></span> <span class='ocrx_word' id='word_1_13' title='bbox 949 447 1227 515; x_wconf 82' lang='lat' dir='ltr'><strong>Schneidcrianae</strong></span> 
     </span>
     <span class='ocr_line' id='line_1_3' title="bbox 92 551 384 637; baseline 0.003 -23"><span class='ocrx_word' id='word_1_14' title='bbox 92 556 171 616; x_wconf 85' lang='lat' dir='ltr'><strong>tom.</strong></span> <span class='ocrx_word' id='word_1_15' title='bbox 193 551 227 615; x_wconf 94' lang='grc' dir='ltr'><strong>ΙΙ</strong></span> <span class='ocrx_word' id='word_1_16' title='bbox 250 552 289 616; x_wconf 83' lang='lat' dir='ltr'><strong>fr.</strong></span> <span class='ocrx_word' id='word_1_17' title='bbox 314 551 384 637; x_wconf 79' lang='lat'>36):</span> 
     </span>
    </p>
   </div>
   <div class='ocr_carea' id='block_1_3' title="bbox 92 665 1224 766">
    <p class='ocr_par' dir='ltr' id='par_1_3' title="bbox 92 665 1224 766">
     <span class='ocr_line' id='line_1_4' title="bbox 92 665 1224 766; baseline 0.005 -28"><span class='ocrx_word' id='word_1_18' title='bbox 92 669 257 758; x_wconf 84' lang='grc' dir='ltr'><strong><em>Δαίμονες</em></strong></span> <span class='ocrx_word' id='word_1_19' title='bbox 278 665 500 758; x_wconf 78' lang='grc' dir='ltr'><strong><em>εὖυμνότατοι,</em></strong></span> <span class='ocrx_word' id='word_1_20' title='bbox 527 670 632 758; x_wconf 77' lang='grc' dir='ltr'><strong>Φοῖβέ</strong></span> <span class='ocrx_word' id='word_1_21' title='bbox 652 697 687 740; x_wconf 88' lang='grc' dir='ltr'><strong>τε</strong></span> <span class='ocrx_word' id='word_1_22' title='bbox 709 672 766 739; x_wconf 86' lang='grc' dir='ltr'><strong>καὶ</strong></span> <span class='ocrx_word' id='word_1_23' title='bbox 788 677 868 756; x_wconf 78' lang='grc' dir='ltr'><strong><em>Ζεῦ,</em></strong></span> <span class='ocrx_word' id='word_1_24' title='bbox 901 670 1056 760; x_wconf 77' lang='grc' dir='ltr'><strong><em>Διδύμων</em></strong></span> <span class='ocrx_word' id='word_1_25' title='bbox 1077 673 1224 766; x_wconf 77' lang='grc' dir='ltr'><strong><em>γενάρχου</em></strong></span> 
     </span>
    </p>
   </div>
   <div class='ocr_carea' id='block_1_4' title="bbox 92 785 664 823">
    <p class='ocr_par' dir='ltr' id='par_1_4' title="bbox 92 785 664 823">
     <span class='ocr_line' id='line_1_5' title="bbox 92 785 664 823; baseline -0.002 -13"><span class='ocrx_word' id='word_1_26' title='bbox 92 785 170 810; x_wconf 79' lang='grc' dir='ltr'><strong>,νυ</strong></span> <span class='ocrx_word' id='word_1_27' title='bbox 260 785 477 823; x_wconf 79' lang='grc' dir='ltr'>υυ-,.υυ.</span> <span class='ocrx_word' id='word_1_28' title='bbox 506 785 584 811; x_wconf 76' lang='grc' dir='ltr'><strong>,νυ</strong></span> <span class='ocrx_word' id='word_1_29' title='bbox 619 785 664 823; x_wconf 79' lang='grc' dir='ltr'><strong>,υ</strong></span> 
     </span>
    </p>
   </div>
   <div class='ocr_carea' id='block_1_5' title="bbox 90 802 1228 1591">
    <p class='ocr_par' dir='ltr' id='par_1_5' title="bbox 90 802 1228 1591">
     <span class='ocr_line' id='line_1_6' title="bbox 183 802 246 828; baseline 0 -16"><span class='ocrx_word' id='word_1_30' title='bbox 183 803 211 828; x_wconf 91' lang='grc'><strong>.,</strong></span> <span class='ocrx_word' id='word_1_31' title='bbox 230 802 246 812; x_wconf 93' lang='grc'><em>.</em></span> 
     </span>
     <span class='ocr_line' id='line_1_7' title="bbox 180 863 1226 951; baseline 0.004 -23"><span class='ocrx_word' id='word_1_32' title='bbox 180 863 306 929; x_wconf 72' lang='lat' dir='ltr'><strong>Sinnius</strong></span> <span class='ocrx_word' id='word_1_33' title='bbox 334 866 366 929; x_wconf 91' lang='lat' dir='ltr'><strong>in</strong></span> <span class='ocrx_word' id='word_1_34' title='bbox 398 863 595 930; x_wconf 79' lang='lat' dir='ltr'><strong>carminibus</strong></span> <span class='ocrx_word' id='word_1_35' title='bbox 626 864 789 951; x_wconf 84' lang='lat' dir='ltr'><strong>figuratis,</strong></span> <span class='ocrx_word' id='word_1_36' title='bbox 825 886 908 950; x_wconf 86' lang='lat' dir='ltr'><strong>quac</strong></span> <span class='ocrx_word' id='word_1_37' title='bbox 942 866 1164 932; x_wconf 88' lang='lat' dir='ltr'><strong>inscribuntur</strong></span> <span class='ocrx_word' id='word_1_38' title='bbox 1191 865 1226 933; x_wconf 84' lang='lat' dir='ltr'><strong>oi</strong></span> 
     </span>
     <span class='ocr_line' id='line_1_8' title="bbox 90 962 1228 1055; baseline 0.003 -21"><span class='ocrx_word' id='word_1_39' title='bbox 90 966 247 1054; x_wconf 75' lang='grc' dir='ltr'><strong><em>πτέρυγες</em></strong></span> <span class='ocrx_word' id='word_1_40' title='bbox 260 962 404 1055; x_wconf 81' lang='grc' dir='ltr'><strong><em>’Ἑρωτος</em></strong></span> <span class='ocrx_word' id='word_1_41' title='bbox 430 977 463 1035; x_wconf 91' lang='lat' dir='ltr'><strong>st</strong></span> <span class='ocrx_word' id='word_1_42' title='bbox 485 963 503 1034; x_wconf 83' lang='grc' dir='ltr'><strong>ὁ</strong></span> <span class='ocrx_word' id='word_1_43' title='bbox 527 966 679 1049; x_wconf 80' lang='grc' dir='ltr'><strong><em>πέλεκυς,</em></strong></span> <span class='ocrx_word' id='word_1_44' title='bbox 711 969 906 1035; x_wconf 77' lang='lat' dir='ltr'><strong>choriambis</strong></span> <span class='ocrx_word' id='word_1_45' title='bbox 930 992 1010 1036; x_wconf 89' lang='lat' dir='ltr'><strong>usus</strong></span> <span class='ocrx_word' id='word_1_46' title='bbox 1034 978 1085 1036; x_wconf 88' lang='lat' dir='ltr'><strong>est</strong></span> <span class='ocrx_word' id='word_1_47' title='bbox 1106 972 1167 1050; x_wconf 77' lang='lat' dir='ltr'><strong>ita,</strong></span> <span class='ocrx_word' id='word_1_48' title='bbox 1191 981 1228 1037; x_wconf 92' lang='lat' dir='ltr'><strong>ut</strong></span> 
     </span>
     <span class='ocr_line' id='line_1_9' title="bbox 90 1072 1224 1160; baseline 0.004 -23"><span class='ocrx_word' id='word_1_49' title='bbox 90 1094 156 1137; x_wconf 92' lang='lat' dir='ltr'><strong>non</strong></span> <span class='ocrx_word' id='word_1_50' title='bbox 170 1074 376 1139; x_wconf 79' lang='lat' dir='ltr'><strong>immisceret</strong></span> <span class='ocrx_word' id='word_1_51' title='bbox 399 1072 545 1160; x_wconf 79' lang='lat' dir='ltr'><strong>dipodius</strong></span> <span class='ocrx_word' id='word_1_52' title='bbox 568 1073 727 1137; x_wconf 83' lang='lat' dir='ltr'><strong>iambicos</strong></span> <span class='ocrx_word' id='word_1_53' title='bbox 750 1074 811 1138; x_wconf 90' lang='lat' dir='ltr'><strong>nisi</strong></span> <span class='ocrx_word' id='word_1_54' title='bbox 835 1075 868 1138; x_wconf 93' lang='lat' dir='ltr'><strong>in</strong></span> <span class='ocrx_word' id='word_1_55' title='bbox 891 1096 1044 1140; x_wconf 83' lang='lat' dir='ltr'><strong>uersuum</strong></span> <span class='ocrx_word' id='word_1_56' title='bbox 1069 1075 1224 1147; x_wconf 76' lang='lat' dir='ltr'><strong>clausula,</strong></span> 
     </span>
     <span class='ocr_line' id='line_1_10' title="bbox 92 1177 1226 1264; baseline 0.002 -22"><span class='ocrx_word' id='word_1_57' title='bbox 92 1198 188 1262; x_wconf 88' lang='lat' dir='ltr'><strong>quam</strong></span> <span class='ocrx_word' id='word_1_58' title='bbox 217 1183 403 1243; x_wconf 82' lang='lat' dir='ltr'><strong>constanter</strong></span> <span class='ocrx_word' id='word_1_59' title='bbox 439 1177 525 1242; x_wconf 81' lang='lat' dir='ltr'><strong>effici</strong></span> <span class='ocrx_word' id='word_1_60' title='bbox 556 1177 657 1242; x_wconf 91' lang='lat' dir='ltr'><strong>voluit</strong></span> <span class='ocrx_word' id='word_1_61' title='bbox 690 1177 822 1264; x_wconf 87' lang='lat' dir='ltr'><strong>dipodia</strong></span> <span class='ocrx_word' id='word_1_62' title='bbox 852 1178 991 1243; x_wconf 88' lang='lat' dir='ltr'><strong>iambica</strong></span> <span class='ocrx_word' id='word_1_63' title='bbox 1021 1180 1226 1256; x_wconf 88' lang='lat' dir='ltr'><strong>catalectioa;</strong></span> 
     </span>
     <span class='ocr_line' id='line_1_11' title="bbox 91 1281 1227 1368; baseline 0.002 -23"><span class='ocrx_word' id='word_1_64' title='bbox 91 1284 200 1368; x_wconf 89' lang='lat' dir='ltr'><strong>itaque</strong></span> <span class='ocrx_word' id='word_1_65' title='bbox 224 1282 304 1346; x_wconf 87' lang='lat' dir='ltr'><strong>satis</strong></span> <span class='ocrx_word' id='word_1_66' title='bbox 328 1281 390 1346; x_wconf 87' lang='lat' dir='ltr'><strong>erit</strong></span> <span class='ocrx_word' id='word_1_67' title='bbox 412 1302 442 1348; x_wconf 87' lang='lat' dir='ltr'><strong>e.</strong></span> <span class='ocrx_word' id='word_1_68' title='bbox 454 1302 485 1366; x_wconf 84' lang='lat' dir='ltr'><strong>g.</strong></span> <span class='ocrx_word' id='word_1_69' title='bbox 519 1281 655 1345; x_wconf 82' lang='lat' dir='ltr'><strong>Alarum</strong></span> <span class='ocrx_word' id='word_1_70' title='bbox 672 1303 801 1347; x_wconf 80' lang='lat' dir='ltr'><strong>versum</strong></span> <span class='ocrx_word' id='word_1_71' title='bbox 825 1282 1051 1366; x_wconf 88' lang='lat' dir='ltr'><strong>longissimum</strong></span> <span class='ocrx_word' id='word_1_72' title='bbox 1076 1283 1227 1347; x_wconf 87' lang='lat' dir='ltr'><strong>laudare:</strong></span> 
     </span>
     <span class='ocr_line' id='line_1_12' title="bbox 90 1394 1225 1495; baseline 0.001 -28"><span class='ocrx_word' id='word_1_73' title='bbox 90 1400 223 1469; x_wconf 81' lang='grc' dir='ltr'><strong><em>Λεῦσσέ</em></strong></span> <span class='ocrx_word' id='word_1_74' title='bbox 235 1426 277 1485; x_wconf 89' lang='grc' dir='ltr'><strong>με</strong></span> <span class='ocrx_word' id='word_1_75' title='bbox 288 1397 345 1467; x_wconf 86' lang='grc' dir='ltr'><strong>τὸν</strong></span> <span class='ocrx_word' id='word_1_76' title='bbox 361 1402 424 1480; x_wconf 83' lang='grc' dir='ltr'><strong>Γᾶς</strong></span> <span class='ocrx_word' id='word_1_77' title='bbox 436 1424 471 1466; x_wconf 86' lang='grc' dir='ltr'><strong>τε</strong></span> <span class='ocrx_word' id='word_1_78' title='bbox 481 1397 706 1488; x_wconf 66' lang='grc' dir='ltr'><strong><em>βαθυστέρνου</em></strong></span> <span class='ocrx_word' id='word_1_79' title='bbox 720 1394 832 1466; x_wconf 64' lang='grc' dir='ltr'><strong><em>ἄνακτ’</em></strong></span> <span class='ocrx_word' id='word_1_80' title='bbox 840 1394 1038 1487; x_wconf 79' lang='grc' dir='ltr'><strong><em>Ἀκμονίδαν</em></strong></span> <span class='ocrx_word' id='word_1_81' title='bbox 1049 1395 1076 1467; x_wconf 73' lang='grc' dir='ltr'><strong>τ’</strong></span> <span class='ocrx_word' id='word_1_82' title='bbox 1088 1395 1225 1495; x_wconf 37' lang='grc' dir='ltr'><strong><em>,ἄλλυδις</em></strong></span> 
     </span>
     <span class='ocr_line' id='line_1_13' title="bbox 957 1501 1139 1591; baseline 0 -20"><span class='ocrx_word' id='word_1_83' title='bbox 957 1501 1139 1591; x_wconf 76' lang='grc' dir='ltr'><strong><em>ἑδράσαντα</em></strong></span> 
     </span>
    </p>
   </div>
   <div class='ocr_carea' id='block_1_6' title="bbox 91 1608 868 1655">
    <p class='ocr_par' dir='ltr' id='par_1_6' title="bbox 91 1608 868 1655">
     <span class='ocr_line' id='line_1_14' title="bbox 91 1608 868 1655; baseline -0.001 -11"><span class='ocrx_word' id='word_1_84' title='bbox 91 1619 207 1655; x_wconf 79' lang='grc' dir='ltr'>.υυ.,</span> <span class='ocrx_word' id='word_1_85' title='bbox 226 1616 621 1654; x_wconf 79' lang='grc' dir='ltr'><strong>-υυ.,..υυ-,.νυ.,</strong></span> <span class='ocrx_word' id='word_1_86' title='bbox 640 1617 760 1653; x_wconf 81' lang='grc' dir='ltr'>..υυ.,</span> <span class='ocrx_word' id='word_1_87' title='bbox 784 1608 868 1646; x_wconf 79' lang='grc' dir='ltr'><strong>υ.ῦ</strong></span> 
     </span>
    </p>
   </div>
   <div class='ocr_carea' id='block_1_7' title="bbox 87 1694 1225 1888">
    <p class='ocr_par' dir='ltr' id='par_1_7' title="bbox 87 1694 1225 1888">
     <span class='ocr_line' id='line_1_15' title="bbox 87 1694 1225 1784; baseline -0.001 -22"><span class='ocrx_word' id='word_1_88' title='bbox 87 1698 121 1762; x_wconf 89' lang='lat' dir='ltr'><strong>id</strong></span> <span class='ocrx_word' id='word_1_89' title='bbox 145 1704 195 1763; x_wconf 85' lang='lat' dir='ltr'><strong>est</strong></span> <span class='ocrx_word' id='word_1_90' title='bbox 217 1697 445 1762; x_wconf 82' lang='lat' dir='ltr'><strong>hexametrum</strong></span> <span class='ocrx_word' id='word_1_91' title='bbox 462 1694 716 1760; x_wconf 87' lang='lat' dir='ltr'><strong>choriambicum</strong></span> <span class='ocrx_word' id='word_1_92' title='bbox 740 1697 978 1778; x_wconf 83' lang='lat' dir='ltr'><strong>catalecticum,</strong></span> <span class='ocrx_word' id='word_1_93' title='bbox 1002 1719 1021 1761; x_wconf 88' lang='lat' dir='ltr'><strong>a</strong></span> <span class='ocrx_word' id='word_1_94' title='bbox 1045 1718 1108 1782; x_wconf 92' lang='lat' dir='ltr'><strong>quo</strong></span> <span class='ocrx_word' id='word_1_95' title='bbox 1125 1703 1225 1784; x_wconf 88' lang='lat' dir='ltr'><strong>poeta</strong></span> 
     </span>
     <span class='ocr_line' id='line_1_16' title="bbox 90 1798 1222 1888; baseline -0.003 -22"><span class='ocrx_word' id='word_1_96' title='bbox 90 1823 148 1888; x_wconf 90' lang='lat' dir='ltr'><strong>per</strong></span> <span class='ocrx_word' id='word_1_97' title='bbox 170 1807 413 1888; x_wconf 88' lang='lat' dir='ltr'><strong>pentametrum</strong></span> <span class='ocrx_word' id='word_1_98' title='bbox 435 1804 660 1865; x_wconf 87' lang='lat' dir='ltr'><strong>tetrametrum</strong></span> <span class='ocrx_word' id='word_1_99' title='bbox 683 1799 866 1864; x_wconf 78' lang='lat' dir='ltr'><strong>trimetrum</strong></span> <span class='ocrx_word' id='word_1_100' title='bbox 889 1798 1063 1865; x_wconf 91' lang='lat' dir='ltr'><strong>dimetrum</strong></span> <span class='ocrx_word' id='word_1_101' title='bbox 1081 1800 1120 1865; x_wconf 87' lang='lat' dir='ltr'><strong>ad</strong></span> <span class='ocrx_word' id='word_1_102' title='bbox 1138 1801 1222 1866; x_wconf 88' lang='lat' dir='ltr'><strong>hunc</strong></span> 
     </span>
    </p>
   </div>
   <div class='ocr_carea' id='block_1_8' title="bbox 90 1905 754 2074">
    <p class='ocr_par' dir='ltr' id='par_1_8' title="bbox 90 1905 754 2074">
     <span class='ocr_line' id='line_1_17' title="bbox 90 1905 493 1970; baseline -0.007 0"><span class='ocrx_word' id='word_1_103' title='bbox 90 1905 260 1970; x_wconf 89' lang='lat' dir='ltr'><strong>descendit</strong></span> <span class='ocrx_word' id='word_1_104' title='bbox 282 1905 493 1970; x_wconf 84' lang='lat' dir='ltr'><strong>versiculum:</strong></span> 
     </span>
     <span class='ocr_line' id='line_1_18' title="bbox 563 1982 754 2074; baseline -0.005 -20"><span class='ocrx_word' id='word_1_105' title='bbox 563 1982 603 2054; x_wconf 76' lang='grc' dir='ltr'><strong>δι1</strong></span> <span class='ocrx_word' id='word_1_106' title='bbox 630 1983 754 2074; x_wconf 73' lang='grc' dir='ltr'><strong><em>αἴθρας</em></strong></span> 
     </span>
    </p>
   </div>
   <div class='ocr_carea' id='block_1_9' title="bbox 90 2161 1251 3931">
    <p class='ocr_par' dir='ltr' id='par_1_9' title="bbox 90 2161 1251 3931">
     <span class='ocr_line' id='line_1_19' title="bbox 90 2161 906 2249; baseline 0.001 -21"><span class='ocrx_word' id='word_1_107' title='bbox 90 2165 122 2229; x_wconf 88' lang='lat' dir='ltr'><strong>id</strong></span> <span class='ocrx_word' id='word_1_108' title='bbox 146 2172 197 2230; x_wconf 88' lang='lat' dir='ltr'><strong>est</strong></span> <span class='ocrx_word' id='word_1_109' title='bbox 220 2163 261 2229; x_wconf 88' lang='lat' dir='ltr'><strong>ad</strong></span> <span class='ocrx_word' id='word_1_110' title='bbox 284 2161 449 2249; x_wconf 87' lang='lat' dir='ltr'><strong>dipodiam</strong></span> <span class='ocrx_word' id='word_1_111' title='bbox 473 2161 645 2228; x_wconf 87' lang='lat' dir='ltr'><strong>iambicam</strong></span> <span class='ocrx_word' id='word_1_112' title='bbox 670 2163 906 2229; x_wconf 83' lang='lat' dir='ltr'><strong>catalecticum.</strong></span> 
     </span>
     <span class='ocr_line' id='line_1_20' title="bbox 175 2266 757 2333; baseline -0.005 -1"><span class='ocrx_word' id='word_1_113' title='bbox 175 2269 310 2333; x_wconf 79' lang='lat' dir='ltr'><strong>Panisci</strong></span> <span class='ocrx_word' id='word_1_114' title='bbox 333 2267 452 2332; x_wconf 87' lang='lat' dir='ltr'><strong>servati</strong></span> <span class='ocrx_word' id='word_1_115' title='bbox 475 2273 552 2330; x_wconf 88' lang='lat' dir='ltr'><strong>sunt</strong></span> <span class='ocrx_word' id='word_1_116' title='bbox 574 2287 687 2331; x_wconf 81' lang='lat' dir='ltr'><strong>versus</strong></span> <span class='ocrx_word' id='word_1_117' title='bbox 712 2266 757 2329; x_wconf 91' lang='lat' dir='ltr'><strong>hi:</strong></span> 
     </span>
     <span class='ocr_line' id='line_1_21' title="bbox 94 2381 1226 2477; baseline -0.004 -22"><span class='ocrx_word' id='word_1_118' title='bbox 94 2391 142 2477; x_wconf 60' lang='lat' dir='ltr'><strong>&#39;Ili</strong></span> <span class='ocrx_word' id='word_1_119' title='bbox 163 2385 281 2477; x_wconf 70' lang='grc' dir='ltr'><strong><em>χθονίῃ</em></strong></span> <span class='ocrx_word' id='word_1_120' title='bbox 303 2383 447 2473; x_wconf 84' lang='grc' dir='ltr'><strong><em>μυστικὰ</em></strong></span> <span class='ocrx_word' id='word_1_121' title='bbox 466 2383 617 2477; x_wconf 67' lang='grc' dir='ltr'><strong><em>Δήμητρί</em></strong></span> <span class='ocrx_word' id='word_1_122' title='bbox 639 2411 674 2452; x_wconf 87' lang='grc' dir='ltr'><strong>τε</strong></span> <span class='ocrx_word' id='word_1_123' title='bbox 696 2385 751 2452; x_wconf 78' lang='grc' dir='ltr'><strong>καὶ</strong></span> <span class='ocrx_word' id='word_1_124' title='bbox 781 2381 969 2475; x_wconf 74' lang='grc' dir='ltr'><strong><em>Περσεφόνῃ</em></strong></span> <span class='ocrx_word' id='word_1_125' title='bbox 992 2384 1048 2451; x_wconf 78' lang='grc' dir='ltr'><strong>καὶ</strong></span> <span class='ocrx_word' id='word_1_126' title='bbox 1070 2386 1226 2473; x_wconf 77' lang='grc' dir='ltr'><strong><em>Κλυμένῳ</em></strong></span> 
     </span>
     <span class='ocr_line' id='line_1_22' title="bbox 277 2486 1138 2576; baseline -0.006 -16"><span class='ocrx_word' id='word_1_127' title='bbox 277 2511 278 2520; x_wconf 75' lang='grc'>’</span> <span class='ocrx_word' id='word_1_128' title='bbox 984 2486 1025 2556; x_wconf 83' lang='grc' dir='ltr'><strong>τὰ</strong></span> <span class='ocrx_word' id='word_1_129' title='bbox 1048 2490 1138 2576; x_wconf 78' lang='grc' dir='ltr'><strong><em>δῶρα</em></strong></span> 
     </span>
     <span class='ocr_line' id='line_1_23' title="bbox 91 2589 124 2644; baseline 0.03 -1"><span class='ocrx_word' id='word_1_130' title='bbox 91 2589 124 2644; x_wconf 89' lang='lat' dir='ltr'><strong>et</strong></span> 
     </span>
     <span class='ocr_line' id='line_1_24' title="bbox 90 2675 1227 2770; baseline -0.002 -22"><span class='ocrx_word' id='word_1_131' title='bbox 90 2683 342 2770; x_wconf 76' lang='grc' dir='ltr'><strong><em>Καινογραφοῦς</em></strong></span> <span class='ocrx_word' id='word_1_132' title='bbox 375 2679 560 2759; x_wconf 69' lang='grc' dir='ltr'><strong><em>συνθέσεως</em></strong></span> <span class='ocrx_word' id='word_1_133' title='bbox 587 2684 646 2770; x_wconf 76' lang='grc' dir='ltr'><strong>τῆς</strong></span> <span class='ocrx_word' id='word_1_134' title='bbox 682 2675 834 2759; x_wconf 78' lang='grc' dir='ltr'><strong><em>Φιλίνου,</em></strong></span> <span class='ocrx_word' id='word_1_135' title='bbox 864 2678 1103 2765; x_wconf 78' lang='grc' dir='ltr'><strong><em>γραμματικοί,</em></strong></span> <span class='ocrx_word' id='word_1_136' title='bbox 1138 2682 1227 2766; x_wconf 80' lang='grc' dir='ltr'><strong><em>δῶρα</em></strong></span> 
     </span>
     <span class='ocr_line' id='line_1_25' title="bbox 830 2778 1138 2870; baseline 0.006 -21"><span class='ocrx_word' id='word_1_137' title='bbox 830 2781 919 2870; x_wconf 81' lang='grc' dir='ltr'><strong><em>φέρω</em></strong></span> <span class='ocrx_word' id='word_1_138' title='bbox 937 2781 1022 2870; x_wconf 79' lang='grc' dir='ltr'><strong><em>πρὸς</em></strong></span> <span class='ocrx_word' id='word_1_139' title='bbox 1045 2778 1138 2870; x_wconf 74' lang='grc' dir='ltr'><strong><em>ὑμᾶς.</em></strong></span> 
     </span>
     <span class='ocr_line' id='line_1_26' title="bbox 176 2993 1226 3082; baseline -0.007 -19"><span class='ocrx_word' id='word_1_140' title='bbox 176 2995 307 3063; x_wconf 82' lang='lat' dir='ltr'><strong>Accidit</strong></span> <span class='ocrx_word' id='word_1_141' title='bbox 331 2996 364 3060; x_wconf 93' lang='lat' dir='ltr'><strong>in</strong></span> <span class='ocrx_word' id='word_1_142' title='bbox 382 2994 496 3082; x_wconf 86' lang='lat' dir='ltr'><strong>paucis</strong></span> <span class='ocrx_word' id='word_1_143' title='bbox 519 3015 562 3059; x_wconf 85' lang='lat' dir='ltr'><strong>ex</strong></span> <span class='ocrx_word' id='word_1_144' title='bbox 577 2993 824 3071; x_wconf 76' lang='lat' dir='ltr'><strong>Auucnnournis,</strong></span> <span class='ocrx_word' id='word_1_145' title='bbox 849 3014 932 3078; x_wconf 87' lang='lat' dir='ltr'><strong>quae</strong></span> <span class='ocrx_word' id='word_1_146' title='bbox 949 2993 1138 3079; x_wconf 86' lang='lat' dir='ltr'><strong>appendicis</strong></span> <span class='ocrx_word' id='word_1_147' title='bbox 1154 2994 1226 3059; x_wconf 93' lang='lat' dir='ltr'><strong>loco</strong></span> 
     </span>
     <span class='ocr_line' id='line_1_27' title="bbox 90 3096 1222 3187; baseline -0.005 -19"><span class='ocrx_word' id='word_1_148' title='bbox 90 3102 220 3168; x_wconf 88' lang='lat' dir='ltr'><strong>adiecta</strong></span> <span class='ocrx_word' id='word_1_149' title='bbox 242 3108 318 3165; x_wconf 91' lang='lat' dir='ltr'><strong>sunt</strong></span> <span class='ocrx_word' id='word_1_150' title='bbox 333 3098 551 3184; x_wconf 82' lang='lat' dir='ltr'><strong>Anthologiae</strong></span> <span class='ocrx_word' id='word_1_151' title='bbox 568 3097 747 3176; x_wconf 83' lang='lat' dir='ltr'><strong>Palatinae,</strong></span> <span class='ocrx_word' id='word_1_152' title='bbox 771 3102 806 3187; x_wconf 88' lang='lat' dir='ltr'><strong>ut</strong></span> <span class='ocrx_word' id='word_1_153' title='bbox 830 3096 1044 3176; x_wconf 87' lang='lat' dir='ltr'><strong>hcmiicmbis‚</strong></span> <span class='ocrx_word' id='word_1_154' title='bbox 1069 3099 1096 3160; x_wconf 92' lang='lat' dir='ltr'><strong>si</strong></span> <span class='ocrx_word' id='word_1_155' title='bbox 1120 3096 1222 3162; x_wconf 89' lang='lat' dir='ltr'><strong>codici</strong></span> 
     </span>
     <span class='ocr_line' id='line_1_28' title="bbox 90 3199 1251 3285; baseline -0.006 -15"><span class='ocrx_word' id='word_1_156' title='bbox 90 3207 170 3272; x_wconf 86' lang='lat' dir='ltr'><strong>fides</strong></span> <span class='ocrx_word' id='word_1_157' title='bbox 181 3203 334 3270; x_wconf 86' lang='lat' dir='ltr'><strong>habenda</strong></span> <span class='ocrx_word' id='word_1_158' title='bbox 346 3208 406 3285; x_wconf 85' lang='lat' dir='ltr'><strong>est,</strong></span> <span class='ocrx_word' id='word_1_159' title='bbox 423 3202 683 3267; x_wconf 88' lang='lat' dir='ltr'><strong>immiscerentur</strong></span> <span class='ocrx_word' id='word_1_160' title='bbox 696 3199 882 3264; x_wconf 84' lang='lat' dir='ltr'><strong>choriambi.</strong></span> <span class='ocrx_word' id='word_1_161' title='bbox 906 3199 1026 3262; x_wconf 80' lang='lat' dir='ltr'><strong>Confer</strong></span> <span class='ocrx_word' id='word_1_162' title='bbox 1041 3221 1170 3264; x_wconf 83' lang='lat' dir='ltr'><strong>carmen</strong></span> <span class='ocrx_word' id='word_1_163' title='bbox 1185 3204 1224 3263; x_wconf 79' lang='lat'><strong>37</strong></span> <span class='ocrx_word' id='word_1_164' title='bbox 1249 3219 1251 3222; x_wconf 73' lang='grc'>’</span> 
     </span>
     <span class='ocr_line' id='line_1_29' title="bbox 90 3303 718 3397; baseline -0.011 -22"><span class='ocrx_word' id='word_1_165' title='bbox 90 3311 226 3397; x_wconf 79' lang='lat' dir='ltr'><strong>(codicis</strong></span> <span class='ocrx_word' id='word_1_166' title='bbox 248 3308 390 3373; x_wconf 88' lang='lat' dir='ltr'><strong>Palatini</strong></span> <span class='ocrx_word' id='word_1_167' title='bbox 414 3326 566 3371; x_wconf 86' lang='lat' dir='ltr'><strong>numeros</strong></span> <span class='ocrx_word' id='word_1_168' title='bbox 590 3303 718 3390; x_wconf 81' lang='lat' dir='ltr'><strong>servo):</strong></span> 
     </span>
     <span class='ocr_line' id='line_1_30' title="bbox 401 3419 830 3516; baseline -0.005 -24"><span class='ocrx_word' id='word_1_169' title='bbox 401 3425 508 3516; x_wconf 80' lang='grc' dir='ltr'>[Φιλῶ</span> <span class='ocrx_word' id='word_1_170' title='bbox 529 3424 662 3512; x_wconf 75' lang='grc' dir='ltr'><strong><em>γέροντα</em></strong></span> <span class='ocrx_word' id='word_1_171' title='bbox 683 3419 830 3513; x_wconf 78' lang='grc' dir='ltr'><strong><em>τερπνόν,</em></strong></span> 
     </span>
     <span class='ocr_line' id='line_1_31' title="bbox 400 3525 785 3620; baseline -0.008 -24"><span class='ocrx_word' id='word_1_172' title='bbox 400 3532 486 3620; x_wconf 82' lang='grc' dir='ltr'><em>φιλῶ</em></span> <span class='ocrx_word' id='word_1_173' title='bbox 511 3529 582 3596; x_wconf 85' lang='grc' dir='ltr'><strong><em>νέον</em></strong></span> <span class='ocrx_word' id='word_1_174' title='bbox 603 3525 785 3619; x_wconf 74' lang='grc' dir='ltr'><strong><em>χορευτήν·]</em></strong></span> 
     </span>
     <span class='ocr_line' id='line_1_32' title="bbox 399 3628 797 3720; baseline -0.003 -20"><span class='ocrx_word' id='word_1_175' title='bbox 399 3630 438 3700; x_wconf 73' lang='grc' dir='ltr'><strong>ἂν</strong></span> <span class='ocrx_word' id='word_1_176' title='bbox 461 3628 487 3700; x_wconf 85' lang='lat' dir='ltr'><strong>‹l&#39;</strong></span> <span class='ocrx_word' id='word_1_177' title='bbox 514 3628 531 3700; x_wconf 82' lang='grc' dir='ltr'><em>ὃ</em></span> <span class='ocrx_word' id='word_1_178' title='bbox 554 3632 653 3720; x_wconf 78' lang='grc' dir='ltr'><strong><em>γέρων</em></strong></span> <span class='ocrx_word' id='word_1_179' title='bbox 674 3628 797 3720; x_wconf 71' lang='grc' dir='ltr'><strong><em>χορείῃ,</em></strong></span> 
     </span>
     <span class='ocr_line' id='line_1_33' title="bbox 401 3735 885 3827; baseline -0.008 -22"><span class='ocrx_word' id='word_1_180' title='bbox 401 3736 525 3827; x_wconf 79' lang='grc' dir='ltr'><strong><em>[τρίχας</em></strong></span> <span class='ocrx_word' id='word_1_181' title='bbox 547 3737 646 3825; x_wconf 77' lang='grc' dir='ltr'><strong><em>γέρων</em></strong></span> <span class='ocrx_word' id='word_1_182' title='bbox 666 3736 726 3823; x_wconf 88' lang='grc' dir='ltr'><strong>μέν</strong></span> <span class='ocrx_word' id='word_1_183' title='bbox 748 3735 885 3820; x_wconf 36' lang='grc' dir='ltr'><strong><em>έστινςΙ·</em></strong></span> 
     </span>
     <span class='ocr_line' id='line_1_34' title="bbox 400 3837 793 3931; baseline -0.008 -22"><span class='ocrx_word' id='word_1_184' title='bbox 400 3839 460 3923; x_wconf 80' lang='grc' dir='ltr'><strong>τὰς</strong></span> <span class='ocrx_word' id='word_1_185' title='bbox 481 3842 518 3908; x_wconf 79' lang='grc' dir='ltr'><strong>δὲ</strong></span> <span class='ocrx_word' id='word_1_186' title='bbox 539 3841 658 3931; x_wconf 74' lang='grc' dir='ltr'><strong><em>φρένας</em></strong></span> <span class='ocrx_word' id='word_1_187' title='bbox 680 3837 793 3922; x_wconf 78' lang='grc' dir='ltr'><strong><em>νεάζει.</em></strong></span> 
     </span>
    </p>
   </div>
   <div class='ocr_carea' id='block_1_10' title="bbox 0 0 1478 4808">
    <p class='ocr_par' dir='ltr' id='par_1_10' title="bbox 0 0 1478 4808">
     <span class='ocr_line' id='line_1_35' title="bbox 0 0 1478 4808; baseline 0 0"><span class='ocrx_word' id='word_1_188' title='bbox 0 0 1478 4808; x_wconf 95' lang='lat' dir='ltr'><strong> </strong></span> 
     </span>
    </p>
   </div>
  </div>
 </body>
</html>
