3030 4816
659 314 662 321 ’
680 296 770 387 [385]
1252 301 1292 369 39

162 494 236 573 sich,
260 512 364 579 gegen
384 495 448 559 sich
467 495 543 558 abor
559 496 619 560 deu
637 496 807 560 Gcbrauch
824 498 880 562 der
896 497 1029 562 {iltestcn
1047 496 1293 561 Haudsclrriften

159 600 224 665 und
250 599 300 662 die
323 597 426 662 Natur
450 599 506 664 der
523 600 625 664 Sache
647 601 760 683 selbst;
785 601 866 665 deun
893 603 952 666 wie
974 602 1092 667 kbnnte
1116 601 1166 666 dic
1182 599 1293 664 Krasis

159 705 215 768 das
239 704 379 768 einzelne
402 703 472 767 Iota
496 705 594 787 tilgen
622 703 685 768 und
715 726 834 770 warum
865 712 1005 771 mlissten
1035 706 1114 770 zwei
1142 707 1210 770 sein
1240 726 1293 768 um

157 807 206 870 ihr
229 829 268 870 nu
292 806 547 872 widerstehen?“

262 908 382 974 Contra
406 932 478 973 cum
502 910 693 976 Kuehnerus
717 913 974 997 inscriptionibus
997 934 1100 977 crases
1122 909 1205 994 κάγώ
1232 920 1291 977 ete.

158 1017 224 1079 sine
236 1043 245 1078 ι
259 1015 433 1099 subscripto
447 1015 578 1078 traditas
591 1017 692 1098 affert,
706 1026 801 1102 atque
813 1018 868 1081 ubi
881 1046 889 1080 ι
903 1018 1116 1100 subscriptum
1129 1026 1292 1080 seruatum

158 1122 198 1185 sit
220 1120 251 1183 iu
274 1119 488 1201 inscriptione,
519 1141 627 1183 errore
649 1120 681 1183 id
705 1120 823 1185 lactum
847 1143 916 1185 esse
940 1124 1058 1185 statuit.
1106 1119 1192 1198 hlibi,
1216 1118 1291 1182 dum

157 1223 375 1307 inscriptiones
398 1224 539 1306 perlego,
563 1244 723 1309 perpauca
743 1232 948 1288 occurrerunt
965 1225 1130 1308 exempla:
1158 1221 1187 1302 l)
1211 1222 1246 1288 C.
1264 1222 1290 1288 Ι.

158 1327 196 1392 G.
226 1329 327 1406 3588,
360 1331 379 1390 5
416 1330 610 1391 llAllllON
638 1329 670 1391 in
704 1328 908 1413 inscriptione
942 1329 1073 1392 metrica
1106 1326 1290 1391 recentioris

157 1432 318 1515 temporis,
352 1431 437 1515 quod
471 1431 654 1497 Boeckbius
690 1433 869 1497 transcribit
902 1431 1012 1520 κᾴμόν.
1070 1430 1103 1512 2)
1133 1430 1165 1495 Ο.
1195 1430 1221 1494 l.
1251 1431 1290 1494 G.

157 1536 241 1596 5984
264 1535 287 1621 b,
316 1538 436 1596 ΚΛΗ(
465 1535 532 1616 (κάκ
564 1536 668 1599 editor
691 1535 793 1619 dedit)
822 1558 879 1620 pro
911 1539 960 1599 καὶ
992 1538 1031 1600 ἐκ.
1079 1534 1115 1618 3)
1139 1534 1173 1599 C.
1200 1534 1224 1597 I.
1249 1533 1288 1598 G.

156 1639 249 1719 6862,
274 1642 293 1701 4
317 1641 441 1701 KAIX
461 1640 532 1722 (κὰχ
556 1638 681 1723 editor).
727 1639 885 1704 Videntur
916 1640 946 1703 in
978 1639 1103 1703 duobus
1135 1640 1290 1722 exemplis

158 1743 386 1824 posterioribus
411 1742 547 1807 editores
571 1745 667 1808 errori
690 1743 844 1827 lapicidae
868 1747 887 1805 I
908 1744 1045 1807 litteram
1071 1744 1227 1808 tribuisse.
1250 1779 1288 1787 -

159 1846 232 1909 Mea
256 1847 382 1930 quidem
407 1849 564 1911 sententia
587 1848 736 1931 exempla
760 1848 812 1911 illa
833 1860 891 1931 'per
914 1848 1102 1934 aphaeresin
1124 1845 1291 1911 scribenda

158 1963 232 2015 sunt
254 1954 303 2014 καὶ
327 1948 402 2030 ’pia
427 1952 474 2013 ani
499 1950 534 2027 ’κ,
558 1953 606 2013 καὶ
626 1950 663 2034 'h
688 1971 769 2033 quoe
784 1952 935 2015 lectiones
952 1973 1021 2015 cum
1040 1952 1151 2015 littoris
1167 1950 1290 2014 traditis

159 2056 254 2139 plane
276 2060 467 2138 congruunt,
490 2076 594 2139 neque
618 2055 795 2119 ullomodo
813 2061 945 2119 metrum
964 2057 1079 2120 obstat.
1097 2092 1134 2099 -
1153 2054 1289 2138 Reliqua

157 2158 331 2222 Thierschii
347 2167 536 2241 argumenta
553 2179 614 2221 nou
632 2160 735 2222 solum
751 2159 990 2244 inscriptionum
1009 2159 1064 2223 sed
1079 2160 1176 2221 etiam
1187 2177 1290 2240 gram·

159 2264 343 2327 maticorum
367 2263 569 2347 antiquorum
594 2284 652 2326 usu
683 2263 873 2328 refutantur.
899 2303 938 2313 -
964 2263 1141 2337 Quomiuus
1172 2267 1290 2323 statua-

161 2389 229 2431 mus
254 2369 284 2430 in
308 2367 386 2431 crasi
409 2395 418 2428 ι
440 2367 478 2429 ad
505 2367 641 2449 priorem
665 2368 827 2450 pertinens
849 2389 961 2430 uocem
986 2366 1099 2446 omitti,
1123 2365 1169 2428 rei
1192 2363 1288 2447 ipsius

159 2479 272 2536 natura
294 2493 356 2535 nou
382 2471 505 2551 obstat3
528 2493 600 2533 nam
624 2499 633 2531 ι
658 2473 776 2534 uocalis
801 2471 841 2533 ad
865 2473 1002 2555 priorem
1020 2471 1181 2553 pertinens
1201 2467 1290 2550 diph-

159 2577 310 2659 thongum
336 2596 393 2658 per
417 2575 516 2637 crasiu
540 2575 671 2655 tollitur,
695 2577 791 2659 quior
808 2576 839 2637 in
856 2575 917 2638 line
936 2574 1082 2637 uocabuli
1101 2578 1185 2636 certe
1202 2569 1286 2653 apud

158 2681 299 2745 Graecos
323 2679 390 2741 lere
413 2698 477 2741 non
500 2677 701 2754 audiebatur,
724 2680 830 2763 itaque
853 2679 884 2740 iu
905 2678 1063 2741 uocalium
1083 2674 1290 2739 commissura

159 2783 250 2846 facilc
272 2782 373 2846 omitti
395 2789 529 2862 poterat.
568 2780 679 2864 Neque
705 2781 765 2846 duo
780 2807 791 2843 ι
808 2789 934 2844 exstare
950 2789 1023 2845 ante
1040 2780 1287 2859 contractionem

158 2907 288 2950 necesse
305 2894 361 2962 est,
385 2884 479 2947 immo
499 2905 596 2947 unum
621 2912 629 2947 ι
653 2885 881 2968 posterioria
899 2884 1086 2968 diphthongi
1104 2883 1231 2963 sufficit,
1254 2888 1290 2943 ut

157 2991 187 3053 in
213 2990 291 3052 crasi
315 2987 546 3052 subscribatur:
578 2985 736 3063 ὁαῖπόλος
759 2987 793 3050 lit
816 2985 950 3071 ᾠπόλος,
980 3008 1073 3070 quam
1102 2985 1202 3048 crasin
1226 2985 1288 3046 iam

156 3092 291 3156 afferunt
314 3091 435 3175 antiqui
458 3090 653 3172 grammatici
687 3090 741 3171 (cf.
765 3110 862 3173 supra
884 3111 936 3173 pg.
961 3088 1005 3172 l).
1040 3127 1079 3136 —
1111 3089 1233 3173 ltaque,
1256 3088 1287 3153 id

156 3195 240 3281 quod
264 3195 502 3279 inscriptionum
523 3214 649 3279 quoque
667 3215 741 3256 usus
759 3200 903 3273 testatur,
927 3200 1074 3257 constata
1094 3193 1288 3276 subscrip-

155 3308 232 3363 tum
261 3299 295 3362 in
320 3299 418 3361 crasi
452 3296 667 3381 ponendum
700 3318 772 3359 uon
805 3319 903 3377 esse,
937 3296 1009 3360 nisi
1031 3324 1040 3356 ι
1065 3297 1209 3361 uocalis
1242 3296 1287 3360 ad

156 3401 433 3486 diphthongum
464 3401 649 3464 initialem
681 3401 912 3485 posterioris
941 3401 1046 3464 uocis
1076 3400 1285 3482 pertineat,

155 3515 195 3569 ul
217 3507 253 3570 in
277 3501 382 3592 κᾷτα,
407 3502 572 3592 κᾴράνας.

259 3608 426 3691 Congestis
442 3608 587 3671 omnibus
604 3629 729 3671 craseos
743 3607 898 3691 exemplis
911 3607 1001 3671 laoile
1015 3607 1120 3671 elucet
1133 3605 1286 3670 dialectos

155 3713 342 3777 diuidendos
366 3734 435 3776 esse
459 3711 594 3795 primum
617 3712 648 3774 in
673 3732 737 3792 eas,
760 3732 841 3795 quae
865 3739 884 3772 a
902 3716 939 3786 l
960 3735 975 3773 a
998 3709 1190 3773 contrahunt
1213 3711 1244 3773 iu
1268 3737 1286 3772 a

154 3816 321 3900 (Atticam,
343 3816 495 3892 loricam,
518 3816 733 3898 Lesbiacam),
757 3823 790 3878 et
812 3835 875 3894 eas,
895 3835 975 3898 quae
999 3814 1191 3878 contrahunt
1212 3813 1244 3875 in
1267 3838 1287 3894 η

154 3922 312 4000 (Doricos,
343 3920 454 3984 Eleam
478 3924 572 3996 etc),
606 3919 719 3983 deiude
742 3920 774 3982 in
798 3918 950 3983 dialectos
973 3943 989 3980 o
1014 3924 1051 3993 4-
1076 3944 1095 3979 α
1117 3918 1148 3981 in
1172 3944 1191 3979 a
1214 3937 1287 3981 con-

154 4027 326 4101 trahentes,
351 4024 432 4108 quod
451 4025 486 4086 fit
502 4024 532 4086 iu
549 4023 665 4101 Attica,
689 4021 778 4100 Elea,
802 4022 932 4106 Argiva,
957 4043 1027 4085 cum
1051 4020 1155 4086 Dares
1178 4020 1286 4102 ceteri,
1316 4070 1317 4073 η

154 4129 256 4206 Ioues,
278 4128 423 4192 Lesbiaci
446 4134 505 4190 etc.
530 4127 715 4191 contrahant
737 4128 768 4190 in
793 4153 825 4189 ω.

256 4233 401 4317 Denique
422 4230 515 4295 liccat
538 4231 613 4294 mihi
637 4231 777 4294 tabulam
808 4229 937 4310 addere,
964 4250 1026 4314 qua
1055 4248 1163 4293 omnes
1195 4248 1286 4293 uoca-

157 4339 231 4407 lium
256 4338 480 4403 commissurae
502 4335 559 4398 sub
584 4356 681 4399 unum
706 4341 913 4422 conspectum
936 4339 1105 4420 ponantur.

1152 4432 1194 4490 ‘ts
