2948 4808
560 275 774 338 ..23-

94 465 196 529 sacris
220 464 335 550 templi
355 463 515 530 Eleusinii
539 463 807 529 administrandis
831 466 1040 551 praecipitur,
1064 460 1102 530 oi
1126 460 1233 550 ἱερο-

94 566 210 634 ποιοὶ
234 564 267 634 οὶ
286 561 568 634 Ἐλευσινόθεν
590 570 807 656 appellentur,
831 590 893 654 quo
917 592 937 635 a
960 568 1075 634 decem
1092 569 1232 655 publicis

95 667 278 758 ἶερονσοιοῖς
313 673 571 760 distinguantur:
604 695 670 740 non
704 675 775 741 sine
810 697 911 741 causa
933 676 1116 742 Fouoartus
1144 678 1179 762 (l.
1204 699 1232 743 ο.

93 801 125 866 p.
142 776 221 864 233)
245 799 302 843 cos
326 799 374 843 ex
404 779 506 866 ipsis
529 778 760 844 Eleusiniis
790 781 869 866 eligi
898 781 1010 845 solitos
1033 781 1134 846 fuisse
1158 804 1230 847 sns-

94 884 221 969 picatus
253 890 315 948 est.
376 883 426 948 Ea
463 885 627 950 sententia
657 885 771 950 nititur
801 886 872 950 loco
903 885 1002 950 Paus.
1031 884 1161 966 138‚3
1190 886 1231 951 de

93 986 335 1053 Eleusiniorum
364 988 590 1073 antiquissimo
622 1010 695 1053 cum
718 988 976 1053 Atheniensibus
999 995 1110 1075 pacto:
1142 1013 1231 1075 γενο-

93 1087 190 1177 μένης
217 1088 254 1157 δὲ
278 1083 488 1170 'Metricos
514 1085 620 1177 μάχης
649 1085 736 1177 πρὸς
761 1084 962 1178 Ἀθηναίους
992 1084 1143 1158 ἀπέθανε
1172 1091 1232 1176 μὲν

90 1187 262 1280 Ἐρεχθεὺς
294 1186 483 1280 Ἀθηναίων
514 1189 677 1280 βασιλεύς,
718 1188 870 1261 ἀπέθανε
911 1193 948 1261 δὲ
985 1188 1182 1282 Ἰμμάραδος
1213 1197 1232 1262 ὁ

94 1291 288 1383 Εὐμόλπου·
326 1294 543 1366 καταλύονται
587 1297 624 1366 δὲ
660 1297 718 1365 ἐστὶ
759 1300 872 1366 τοῖσδε
899 1294 956 1367 τὸν
989 1295 1149 1384 πόλεμον,
1187 1293 1232 1380 ὡς

92 1399 357 1486 Ἐλευσινίους
387 1401 420 1483 ἐς
441 1399 483 1469 ιὰ
507 1396 590 1469 tilla
610 1395 799 1490 Ἀθηναίων
820 1398 1000 1490 κατηκόους
1023 1395 1119 1482 ὄντας
1142 1399 1230 1492 ἰδίᾳ

90 1506 221 1572 τελεῖν
241 1501 311 1595 σὴν
333 1501 500 1596 τελετήν.
546 1505 642 1582 Quod
665 1507 728 1572 etsi
751 1513 828 1572 anta
851 1509 958 1572 omnia
979 1507 1018 1572 ad
1045 1507 1230 1573 sacerdotia

93 1610 272 1696 religiones
303 1612 540 1697 sollemniaque
567 1612 711 1698 ipsorum
738 1613 969 1696 mysteriorum
992 1632 1128 1697 quornm
1152 1634 1230 1677 cura

90 1714 254 1780 nobilibus
289 1715 422 1780 familiis
450 1714 625 1782 Eleusiniis
654 1715 764 1781 delata
793 1721 866 1781 crat
894 1715 1103 1782 referendum
1133 1715 1228 1802 est¹)‚

92 1824 202 1884 tamen
227 1818 326 1883 etiam
350 1819 510 1884 sacrificia
533 1818 913 1905 administrationamque
937 1840 1102 1885 sacrorum
1126 1820 1227 1886 Eleu-

91 1923 182 1986 siniis
204 1923 238 1987 in
249 1922 394 1988 Atticam
418 1923 582 1988 civitatem
604 1924 747 2009 receptis
770 1945 830 2010 per
850 1925 1057 2011 privilegium
1080 1925 1228 1989 relictam

91 2048 163 2092 esse
180 2027 276 2093 facilc
293 2028 464 2093 statuimus
472 2027 511 2114 ²).
555 2027 671 2113 Neque
685 2027 770 2093 inter
784 2028 861 2093 fana
878 2051 899 2094 a
914 2029 1145 2115 quaestoribus
1162 2031 1228 2095 τῶν

91 2122 197 2196 ἄλλων
218 2131 307 2196 θεῶν
330 2131 557 2196 administrata
607 2130 812 2196 Eleusiniam
835 2133 993 2219 templum
1018 2140 1227 2201 memoratur.

91 2233 245 2301 Ceterum
277 2255 340 2321 quo
368 2235 465 2301 modo
488 2235 542 2300 isti
566 2235 740 2300 sacrificuli
763 2235 860 2301 electi
883 2237 949 2301 sint
972 2258 1087 2323 parum
1110 2239 1225 2323 liquet:

90 2345 179 2404 sorte
203 2345 332 2404 creatos
356 2359 431 2404 esse
456 2359 513 2404 eos
538 2338 726 2424 exemplum
749 2337 955 2425 publicorum
972 2340 1227 2406 sacrificulorum

90 2442 292 2529 persuadere
315 2442 453 2508 videtur.

175 2547 230 2612 Ab
253 2549 305 2613 his
329 2555 439 2615 nutem
462 2547 762 2614 Eleusiniorum
792 2549 984 2614 sacrificulis
1008 2549 1138 2614 omnino
1161 2549 1225 2614 dis-

89 2654 246 2720 cernendi
268 2661 343 2720 sunt
365 2656 420 2741 qui
442 2654 475 2719 in
498 2655 592 2720 titulo
610 2655 719 2721 Attico
745 2677 861 2721 recens
884 2662 1013 2741 reperto
1029 2656 1227 2721 exhibentur

88 2756 203 2823 decem
227 2753 435 2843 ἱεροποιοὶ
458 2753 494 2824 οἱ
517 2753 564 2823 σὰ
587 2753 786 2848 μυστήρια
802 2755 1109 2844 ἱεροποιοῦνσες
1125 2759 1226 2845 (Bull.

90 2863 225 2930 decorr.
247 2863 324 2929 hell.
347 2863 378 2927 V
395 2865 454 2927 361
481 2863 576 2949 sqq).
629 2864 659 2927 Ii
682 2886 795 2929 omnes
819 2885 868 2928 ex
891 2864 1125 2951 prytanibns
1150 2872 1226 2929 snnt

88 2975 121 3032 et
151 2990 171 3032 a
201 2966 436 3032 contribulibus
466 2967 658 3052 prytanibns
688 2974 822 3055 propter
854 2969 986 3053 negotia
1017 2968 1100 3033 bene
1131 2975 1225 3052 gesta

88 3070 323 3137 collaudantur.
357 3069 444 3135 Hinc
460 3069 615 3134 docemur
629 3076 762 3158 praeter
777 3071 951 3157 collegium
968 3070 1224 3135 sacrificulorum

88 3174 330 3241 Eleusiniornm
353 3175 470 3260 quibus
494 3176 609 3261 templi
630 3182 664 3240 et
678 3196 841 3240 sacrarum
859 3196 968 3241 rerum
984 3175 1223 3240 administratio

89 3280 206 3366 obtigit
235 3280 335 3344 etiam
364 3278 512 3365 proprios
545 3279 587 3344 ab
617 3280 868 3346 Atheniensium
897 3287 1014 3344 senatu
1038 3273 1225 3365 ἱεροποιοός
1286 3302 1287 3305 ’

89 3385 129 3450 ad
152 3384 309 3469 mysteria
332 3383 530 3448 celebranda
556 3383 714 3449 destinari
746 3386 851 3450 solere
883 3406 926 3449 ex
949 3384 1141 3470 prytanibns
1163 3383 1222 3446 eli-

90 3487 215 3573 gendos
249 3488 319 3552 eius
351 3486 454 3551 tribus
487 3507 571 3572 quae
602 3487 760 3552 festorum
796 3487 1039 3553 Eleusiniorum
1075 3492 1222 3573 tempore

90 3591 122 3675 (i.
146 3614 176 3657 e.
207 3613 321 3656 menso
350 3590 604 3675 Boedromione)
631 3593 760 3657 senatui
788 3597 951 3679 praeerat.
1004 3590 1068 3664 Qui
1093 3589 1222 3676 quidem

88 3719 163 3761 num
188 3701 277 3760 sorte
301 3696 404 3760 creati
428 3695 494 3759 sint
516 3716 558 3759 an
581 3697 749 3782 suffragiis
771 3717 904 3782 prorsus
928 3696 1089 3760 incertum
1113 3700 1174 3760 est.

121 3919 122 3923 =
157 3887 177 3951 ¹)
197 3883 236 3940 Cf.
256 3882 375 3947 laboch,
394 3882 532 3953 Aglaoph.
551 3882 641 3937 Eleus.
659 3883 720 3947 §16
738 3883 809 3952 init,
828 3902 854 3953 p.
868 3884 920 3938 213
937 3900 997 3952 sqq.

155 3974 177 4040 ²)
198 3971 276 4026 Idem
305 3970 486 4026 iudicandum
514 3970 548 4025 de
576 3970 734 4030 ἐπιστάταις
756 3967 944 4025 Ἐλευσινόθεν
965 3970 1015 4039 qui
1038 3970 1223 4025 innotuerunt

86 4075 118 4112 ex
146 4058 232 4112 titulo
254 4075 279 4112 a.
297 4058 376 4124 329]ss
398 4075 461 4112 cum
484 4056 605 4111 maxime
628 4074 646 4110 a
670 4057 805 4112 Foucarto
831 4058 907 4112 edito
926 4058 998 4111 Bull.
1017 4057 1051 4111 da
1070 4075 1138 4111 corr.
1157 4058 1221 4112 hell.

87 4145 200 4199 vll388
211 4163 284 4213 sqq:
305 4143 397 4212 Λόγος
414 4143 567 4197 ἐπιστατῶν
583 4140 770 4197 Ἐλευσινόθεν
785 4142 830 4197 καὶ
843 4145 951 4214 ταμιῶν
962 4144 1021 4197 τοῖν
1035 4144 1114 4197 Θεοῖν
1125 4161 1148 4195 ιι.
1163 4162 1184 4196 τ.
1198 4146 1219 4196 λ.

87 4232 249 4297 Quaestores
268 4230 337 4284 duos
356 4246 389 4284 cx
407 4229 536 4285 omnibus
554 4229 773 4285 Atheniensibus
791 4230 878 4285 creari
899 4229 1053 4285 Foucartus
1071 4232 1162 4300 putat.
