2954 4816
574 226 784 288 „154

113 418 314 484 Terentienis
349 417 544 482 consentiat:
574 416 640 482 Des
662 421 715 503 qut
744 414 861 482 aarum
884 425 912 482 et
935 425 1050 483 uestem
1075 427 1166 506 atquc
1187 422 1254 485 alic
1357 424 1360 430 ’

115 543 194 607 quaa
216 543 295 607 opus
318 528 391 586 suat
422 527 589 606 occuparat.

219 626 449 690 Testimonium
480 645 521 688 ex
554 624 711 709 Adelphis
735 625 804 707 (ΙΙΙ
828 631 856 706 4,
880 627 935 707 45)
959 635 1134 712 sumptum,
1168 627 1253 714 quod

114 731 234 815 profert
249 728 373 793 Nonius
389 730 462 810 499,
477 730 515 792 19
539 751 563 794 s.
581 729 603 793 l.
628 728 771 793 Deliaca
790 749 853 813 pro
869 730 1087 814 Accuautirmh
1111 733 1142 795 in
1167 739 1255 796 tanta

115 835 291 899 uerborum
308 833 511 898 deformitate
527 833 644 917 ambigi
667 840 777 916 potest
792 854 868 897 num
885 855 919 898 re
935 855 1012 898 uera
1027 835 1253 900 Terentianum

114 940 162 1003 sit.
208 937 325 1002 Exstat
347 938 430 1002 enim
455 936 540 1023 apud
565 936 705 1001 Nonium
728 938 803 1002 hoc:
833 936 997 1004 Terentiae
1020 938 1169 1004 Facite
1191 942 1250 1003 ito

113 1050 149 1107 ut
165 1042 253 1106 uadis
264 1043 371 1126 placet
387 1039 483 1121 [Edd.
498 1039 601 1105 Non:
618 1041 726 1120 decet).
760 1040 799 1104 In
815 1040 903 1106 libris
920 1042 1120 1108 Terentianis
1136 1044 1253 1129 legitur

115 1146 270 1230 (Adelph.
300 1145 352 1209 III
382 1146 495 1227 4,45):
520 1142 619 1208 ‘Haec
643 1146 784 1228 primum
807 1152 842 1209 ut
861 1145 950 1230 fiunt
981 1148 1053 1212 daos
1075 1168 1189 1233 quaeso
1221 1155 1256 1211 at

114 1249 202 1313 uobis
225 1245 329 1330 decct',
354 1248 470 1335 quibus
494 1269 565 1312 cum
589 1248 789 1313 Terentionis
805 1249 905 1314 uerba
926 1247 1033 1334 ‘facite
1048 1248 1103 1316 ito'
1125 1273 1254 1337 prorsus

115 1354 290 1419 consociari
326 1375 389 1418 non
423 1361 567 1437 possunt.
618 1351 831 1417 Nihilominus
860 1353 1004 1418 Terentii
1036 1354 1254 1420 testimonium

115 1457 320 1522 statuendum
354 1479 427 1522 esse
457 1455 531 1521 inde
562 1466 705 1540 apparet,
745 1456 831 1542 qued
855 1479 975 1521 nouum
1000 1458 1087 1542 quod
1111 1461 1255 1543 sequitur

117 1562 301 1646 exemplum
323 1563 355 1624 in
378 1560 525 1624 omnibus
549 1560 712 1624 codicibus
736 1561 842 1627 uerbis
859 1561 950 1625 Idem
972 1564 1006 1625 io
1017 1562 1148 1626 Andria
1163 1585 1255 1647 prae·

116 1664 241 1730 cedenti
279 1664 466 1730 adiunctum
506 1665 651 1749 legimus.
711 1665 918 1729 Perlustratis
956 1658 1163 1751 autemus,
1202 1670 1254 1752 qui

115 1767 252 1834 eundem
277 1789 403 1832 uersum
422 1767 646 1848 laudauerunt,
662 1769 874 1853 grammaticis
890 1770 998 1833 inueni
1014 1768 1101 1854 apud
1116 1769 1254 1835 Marium

114 1871 276 1937 Plotium¹
302 1876 374 1953 450,
398 1875 417 1936 2
443 1874 538 1939 haec:
564 1873 726 1938 Terentius
757 1875 817 1937 ‘lta
838 1881 873 1937 ut
895 1873 983 1938 alodis
1006 1872 1114 1955 decet’,
1149 1895 1255 1960 neque

116 1976 218 2041 minus
256 1977 340 2062 apud
376 1977 521 2042 Seruium
554 1978 585 2040 in
617 1978 699 2043 Aen.
736 1977 821 2041 VIII
856 1980 913 2041 127
952 1977 1047 2041 haec:
1091 1976 1255 2043 Terentius

117 2076 271 2145 ‘Facite
292 2088 329 2144 at
351 2082 438 2145 uobr'e
461 2078 568 2146 decet’.
616 2081 678 2156 Qui
703 2080 832 2166 quidem
855 2081 959 2146 lentes
985 2082 1146 2167 quomodo
1171 2085 1252 2149 inter

116 2205 151 2247 se
184 2177 391 2264 cohaereant,
422 2183 506 2248 infra
534 2183 730 2267 uidebimus3
761 2184 823 2250 hoc
853 2185 924 2248 loco
955 2185 1032 2250 satis
1055 2191 1103 2250 est
1125 2206 1255 2252 monere

116 2285 280 2351 medoilo
295 2287 392 2352 modo
409 2286 514 2370 facita
535 2287 631 2352 modo
652 2289 752 2371 facite
774 2291 821 2351 ita
845 2287 998 2352 traditum
1024 2310 1104 2355 esse.
1160 2288 1253 2363 Quod

116 2412 188 2455 cum
211 2391 386 2470 considero,
408 2393 438 2454 in
465 2392 526 2455 illis
549 2391 666 2468 uerbis,
676 2391 821 2477 quamuis
844 2393 906 2456 sint
924 2398 1083 2477 corrupta,
1107 2393 1256 2458 Facite

115 2497 176 2558 ita
199 2503 240 2559 at
264 2496 383 2559 uobis
408 2495 554 2580 placat
593 2504 648 2559 aut
669 2497 777 2581 potius
812 2495 924 2560 decet
947 2494 1028 2581 (qua
1050 2494 1089 2560 de
1113 2517 1147 2560 re
1170 2497 1253 2561 infra

116 2598 345 2684 disputabitur)
361 2600 577 2665 testimonium
594 2622 636 2664 ex
651 2599 792 2664 Terentii
808 2599 965 2685 Adelphis
990 2600 1138 2664 haustum
1153 2602 1255 2664 latere

115 2703 261 2769 arbitror.
297 2731 301 2736 ·

613 2910 720 2991 ss.

220 3060 288 3124 Iam
325 3059 507 3142 uideamus,
541 3060 631 3125 cuius
660 3060 786 3144 generis
822 3060 926 3124 fontes
958 3058 1081 3125 Nonius
1116 3081 1187 3125 cum
1221 3061 1254 3124 in

114 3166 269 3232 lemmatis
285 3163 484 3229 Terentiania
507 3170 575 3228 tum
602 3167 634 3228 in
656 3164 848 3229 testimoniis
871 3163 1010 3228 laudatis
1032 3164 1065 3228 in
1082 3186 1175 3228 usum
1198 3187 1253 3230 uo·
1344 3170 1347 3175 ’

119 3271 250 3335 cauerit.

219 3373 323 3448 Quam
340 3373 561 3457 quaestionem
576 3382 644 3437 arte
662 3374 862 3437 coniunctam
881 3392 950 3436 esse
973 3393 1046 3436 cum
1062 3373 1250 3455 quaestione

116 3478 155 3543 de
179 3478 248 3542 libri
280 3476 417 3563 Noniani
442 3479 672 3562 compositione
703 3497 774 3541 cum
798 3477 943 3541 homines
971 3476 1058 3542 docti
1081 3486 1167 3541 recte
1198 3475 1252 3541 oh·

115 3583 326 3658 seruauerint,
359 3581 445 3646 haud
470 3583 616 3666 ineptum
641 3582 768 3646 uidetur
792 3602 862 3646 esse
886 3581 1066 3645 accuratius
1089 3581 1250 3666 inquirere

114 3690 146 3752 in
180 3687 278 3751 Pauli
302 3685 470 3749 Schmidtii
502 3685 618 3749 librum
656 3684 722 3766 (Da
754 3684 854 3749 Nonii
887 3684 1038 3749 Marcell·
1071 3685 1252 3749 auctoribus

113 3792 334 3875 praeamatr'cr's
367 3790 494 3873 Lipsiae
530 3787 645 3871 1868),
678 3791 732 3874 qui
764 3811 835 3852 cum
866 3790 1021 3872 sagaciter
1054 3789 1250 3853 leuissimam

115 3896 208 3961 huius
231 3895 428 3976 grammatici
455 3894 712 3979 compilationem
735 3896 881 3979 aperiret,
915 3893 1100 3979 singillatim
1123 3891 1162 3956 de
1186 3892 1252 3978 ple·

114 4000 222 4084 risque
244 3998 429 4061 auctoribus
456 4018 476 4061 a
497 3997 602 4061 Nonio
632 3998 784 4062 adhibitis
808 3998 965 4062 disseruit.
1017 3997 1128 4081 Atque
1158 4004 1193 4059 ut
1216 3997 1254 4060 iis

116 4123 197 4187 qnae
219 4111 315 4167 antea
338 4102 378 4166 ab
400 4103 471 4166 aliis
494 4101 672 4166 hominibus
696 4101 798 4166 doctis
829 4101 868 4165 de
901 4101 949 4165 his
973 4101 1067 4166 rebus
1091 4101 1254 4185 disputate

221 4316 229 4347 ¹
249 4312 295 4363 Gr.
314 4313 342 4363 1..
364 4313 418 4363 uel.
440 4310 487 4363 VI.
