2954 4816
666 299 876 361 „25-

204 491 334 554 horrere
358 489 483 554 codices
507 487 673 552 Nonianus
696 491 769 568 409,
794 490 835 550 20
877 487 976 567 triste,
999 484 1154 567 seueram]
1179 485 1343 549 Terentius

203 594 323 676 <Andr
348 592 395 675 (V
418 596 451 674 2,
477 591 532 676 13)
565 590 740 674 ‘se>aeritns
771 593 850 655 inest
879 580 1035 653 transulta
1059 596 1149 674 atquae
1180 592 1214 654 ia
1237 589 1341 654 samba

192 699 283 784 fldes'
306 698 387 762 inira
410 696 587 761 uidebimus
611 696 656 781 (p.
680 694 749 777 32).
770 731 812 740 -

302 804 455 867 Attamen
485 800 630 864 dubitare
662 800 745 879 licet,
768 820 844 863 num
869 818 906 862 ea
931 819 1013 884 quae
1037 819 1109 863 cum
1133 797 1238 863 Nonio
1264 821 1335 864 con·

164 959 168 965 ,
200 909 340 972 sentiunt
357 928 397 969 ex
414 904 573 970 communi
596 903 684 968 fonto
707 904 776 989 ipse
793 902 928 968 Seruius
945 903 1204 986 transscripserit,
1221 904 1339 988 quippe

204 1013 257 1096 qui
282 1033 300 1073 a
317 1010 404 1075 nullo
420 1007 514 1094 plura
528 1008 679 1092 petiuerit
695 1028 789 1091 quam
805 1006 844 1070 ab
866 1006 977 1071 Aelii
1001 1007 1156 1070 Donati
1181 1027 1340 1071 commcn-

202 1115 300 1180 tariis.
346 1113 454 1199 Atque
477 1131 667 1197 quamquam
684 1110 804 1174 Donati
820 1109 997 1195 Vergiliani
1013 1112 1235 1175 commentarii
1254 1114 1338 1196 peri-

203 1213 312 1298 erunt,
343 1238 419 1281 sane
443 1215 589 1280 Seruiani
621 1215 673 1300 qui
705 1215 851 1278 feruntur
874 1215 1093 1279 commentarii
1126 1214 1209 1279 haud
1237 1236 1341 1298 pauca

202 1325 376 1409 praebent,
411 1342 492 1406 quae
524 1321 556 1384 in
588 1319 709 1384 Donati
751 1328 930 1386 commento
967 1320 1159 1384 Terentiano
1196 1321 1341 1406 quamuis

202 1427 296 1492 foede
321 1434 468 1491 truncato
492 1426 704 1511 reperiuntur.
826 1483 831 1493 ‚

308 1529 497 1594 Communia
520 1534 627 1594 autem
650 1548 721 1592 cum
744 1526 805 1591 boc
822 1526 939 1590 Donati
965 1535 1145 1593 commento
1163 1549 1202 1592 ex
1221 1528 1340 1593 Teren·

203 1636 296 1699 tiania
320 1634 509 1698 testimoniis
532 1632 618 1717 apud
641 1631 780 1696 Nonium
805 1632 942 1695 seruatis
972 1631 1050 1695 haec
1072 1631 1139 1697 fero
1169 1652 1240 1698 csse
1264 1633 1340 1696 mihi

203 1738 372 1802 uidentur:

308 1839 341 1922 l)
365 1839 576 1920 Nauaron
601 1841 752 1924 accipere,
772 1838 915 1922 pascere]
940 1837 1024 1904 Ter.
1050 1837 1146 1903 Eua.
1170 1839 1214 1919 (V
1228 1842 1256 1916 8,
1271 1841 1339 1917 52).

306 1944 453 2010 Donatus
469 1966 539 2007 cum
553 1944 664 2009 Bemb.
674 1942 780 2008 Sahal.
794 1942 834 2005 ad
847 1940 929 2008 Eun.
944 1941 1013 2024 V8,
1024 1946 1065 2010 52
1080 1945 1206 2026 accipit,
1220 1946 1334 2026 pascit.

306 2048 438 2111 Seruius
462 2048 500 2111 ad
526 2049 606 2112 Aen.
630 2047 684 2111 Ill
715 2050 776 2111 353
801 2044 984 2129 accipiebat,
1004 2045 1166 2129 pascebat]
1189 2054 1224 2110 at
1248 2045 1339 2110 Ter.

203 2152 300 2232 (Eua.
326 2152 354 2213 V
380 2155 408 2217 8.
433 2150 500 2235 52).

307 2258 339 2325 2)
362 2252 445 2318 Non.
462 2257 535 2334 361,
548 2257 589 2318 33
603 2256 783 2338 propriam,
795 2250 995 2336 perpetuum]
1013 2249 1096 2316 Ter.
1113 2254 1156 2316 ia
1170 2253 1338 2319 Andria

203 2357 407 2443 <vacan-
1075 2382 1078 2395 ·

306 2463 423 2526 Donat.
440 2448 481 2524 ad
499 2461 599 2524 Andr.
616 2459 647 2522 V
663 2463 693 2541 5,
713 2465 732 2524 4
753 2459 917 2543 propriae]
933 2466 1108 2544 perpetuae,
1124 2463 1339 2544 serapiteruae.

307 2566 436 2632 Seruius
459 2566 498 2629 ad
523 2564 634 2649 Dclbg.
658 2565 724 2629 VII
750 2567 786 2628 31
821 2567 990 2649 propriam
1022 2585 1099 2628 snae
1129 2572 1247 2629 ueteres
1268 2587 1340 2649 per·

200 2676 340 2752 petuam,
362 2670 481 2752 stabile,
495 2668 643 2753 firmam]
669 2669 755 2734 Ter.
778 2672 819 2732 ia
841 2670 1006 2733 Andria
1030 2666 1075 2752 (V
1100 2675 1129 2747 5,
1149 2669 1167 2730 3
1191 2669 1262 2753 sq.).

304 2772 452 2836 Donatus
476 2794 555 2858 quos
572 2774 603 2836 in
628 2794 719 2836 usum
739 2773 903 2837 uocauerit
918 2779 1075 2853 auctores,
1092 2793 1162 2836 cum
1179 2794 1218 2835 ex
1235 2773 1340 2849 robus,

205 2897 284 2961 quas
307 2897 378 2939 cum
399 2875 542 2940 Charisio
567 2897 747 2941 communes
764 2875 871 2957 habet,
895 2885 961 2940 tum
988 2876 1142 2959 exipsius
1159 2883 1337 2941 commento

204 2981 404 3066 perspicuum
444 2988 507 3045 est:
558 2980 715 3066 Asprum,
753 2980 913 3062 Probum,
956 2980 1130 3045 Helenium
1171 2981 1340 3060 Aaronem,

206 3083 358 3148 Celsum.¹

307 3188 421 3272 Itaque
445 3189 557 3252 mirum
583 3209 644 3252 non
670 3195 725 3265 est,
750 3189 775 3252 si
792 3187 877 3252 haud
895 3208 997 3271 pauca
1010 3190 1160 3252 lemmata
1177 3209 1239 3251 uno
1258 3188 1337 3252 alte·

203 3313 282 3356 rone
298 3292 369 3357 loco
387 3314 458 3357 curn
475 3292 588 3356 eodem
605 3293 786 3359 testimonio
804 3293 985 3357 consociata
1010 3314 1081 3356 curn
1098 3293 1181 3377 apud
1200 3291 1338 3355 Nonium

203 3403 236 3460 ct
252 3396 399 3460 Seruium
422 3403 489 3459 tum
513 3395 598 3481 apud
617 3393 754 3462 Nonium
779 3404 811 3460 et
826 3396 990 3460 Donatum
1013 3396 1114 3460 isdem
1139 3395 1206 3460 scre
1232 3396 1361 3460 uerbis·

201 3508 398 3583 repetuntur,
421 3521 525 3585 neque
549 3501 651 3566 minus
674 3503 706 3565 in
729 3500 917 3565 Bembini
942 3499 1143 3578 Scholiis,
1167 3500 1340 3585 quassatis

204 3624 319 3686 inagna
342 3625 381 3666 cx
405 3610 496 3689 parts
519 3604 560 3668 ab
584 3606 709 3688 integro
734 3605 864 3669 Donato
889 3603 987 3668 ducta
1009 3625 1079 3668 esse
1103 3603 1260 3667 constat²

306 3707 451 3790 Longum
477 3719 525 3771 est
547 3711 578 3774 in
596 3709 796 3773 Terentiuuis
816 3708 901 3792 apud
918 3706 1058 3770 Nonium
1075 3708 1209 3771 seruatis
1234 3708 1340 3771 omnia

146 3810 152 3828 “
200 3808 240 3872 nd
265 3832 361 3874 unuin
384 3812 534 3875 lemmata
557 3834 628 3875 cum
653 3813 782 3876 Donato
816 3812 867 3877 uel
893 3811 1039 3875 Bembini
1064 3811 1197 3876 Scholiis
1226 3832 1338 3876 conso·

201 3914 309 3977 nantia
319 3917 509 3982 exscribere.
527 3917 659 3982 Omissis
675 3917 771 4000 igitur
784 3917 881 3980 rebus
900 3916 1074 3980 leuioribus
1087 3915 1233 3979 conferas
1246 3915 1339 3980 baec:

203 4047 209 4051 ῃ
254 4049 272 4051 ⁷·
307 4089 314 4124 ¹
335 4050 591 4154 cirl'mpfonbach.
612 4105 637 4154 p.
658 4087 802 4140 xxxvlr.

306 4175 370 4226 ¹ci.
390 4176 472 4226 stiam
495 4174 687 4238 Studemuud„
714 4175 760 4241 qui
783 4176 810 4226 iu
836 4173 1111 4226 commentationibus
1134 4190 1215 4241 supra
1239 4173 1278 4239 (p.
1299 4172 1330 4225 24

202 4259 323 4311 laudatis
352 4263 451 4327 passim
476 4276 510 4314 ea
533 4261 660 4328 collegit,
684 4261 711 4311 in
739 4260 839 4328 quibus
863 4259 968 4313 Nauius
993 4275 1053 4313 cum
1073 4259 1197 4316 Bembini
1222 4260 1338 4315 Sabaliis

202 4348 350 4401 consentit.
