2956 4822
205 309 248 373 ue
729 305 821 391 [usu

205 500 452 583 appellationem
476 499 606 562 revertit
629 520 731 584 neque
756 520 894 583 unquam
911 498 996 562 idem
1012 518 1127 562 nomeu
1146 489 1230 560 intra
1246 497 1337 562 unius

206 604 386 690 systematis
403 624 518 689 corpus
534 603 690 687 repetivit,
707 624 781 666 cum
796 603 890 667 etiam
908 604 989 667 inter
1005 622 1115 667 versus
1132 604 1172 664 56
1189 606 1222 664 et
1241 602 1292 680 62,
1308 601 1339 664 in

206 708 320 792 quibus
343 708 463 771 undum
480 707 628 772 Hieronis
652 728 768 772 nomen
783 707 911 791 legitur,
927 707 1000 771 novi
1015 706 1198 790 systematis
1214 705 1338 768 initium

205 812 323 878 lectum
343 813 392 876 sit.
429 810 550 875 Eadem
568 811 732 894 diligentia
747 812 829 876 hanc
844 810 984 896 regulam
1002 811 1033 875 in
1049 810 1186 874 carmine
1202 809 1338 895 Pythice

205 923 318 980 octavo
343 916 533 996 observavit,
557 936 613 1001 per
630 915 715 1000 quod
733 916 945 980 Aristomenis
963 914 1164 999 Aeginensis,
1180 913 1338 977 Xenarcis

205 1020 271 1102 filii,
287 1020 417 1084 victoria
434 1020 592 1085 celebrate
609 1027 666 1085 est.
704 1018 831 1083 Etenim
847 1020 935 1083 initio
952 1019 1037 1083 facto
1054 1019 1126 1081 inv.
1141 1021 1160 1082 5
1178 1017 1337 1081 avictoris

204 1124 331 1188 nomine
353 1123 482 1209 proprio
505 1131 603 1207 poeta
624 1124 655 1187 in
679 1144 707 1187 v.
734 1125 858 1187 19-20
882 1145 954 1187 eum
977 1129 1139 1208 nuncupat
1158 1119 1337 1203 Ξενάρκειον

205 1225 281 1291 υἱόν.
328 1226 392 1292 Sed
424 1233 591 1312 postquam
621 1227 652 1291 in
683 1247 710 1289 v.
742 1230 781 1291 33
812 1247 893 1292 novo
926 1227 1064 1312 quodum
1097 1226 1230 1290 artifieio
1263 1247 1339 1290 usus

207 1331 325 1396 evitato
349 1330 478 1397 nominc
501 1332 631 1415 proprio
654 1331 744 1395 illum
767 1330 881 1395 affatus
906 1340 955 1396 cst
979 1326 1078 1395 ὦπυῖ
1104 1369 1133 1377 «-
1162 1351 1242 1417 puer
1258 1330 1339 1395 enim

207 1434 426 1500 Aristomenes
447 1434 572 1520 Pythiis
601 1435 689 1500 lucta
718 1435 838 1500 vicerat
869 1472 923 1517 -‚
953 1436 984 1499 in
1008 1456 1038 1502 v.
1062 1436 1104 1500 80
1126 1455 1243 1500 nomen
1266 1453 1338 1519 pro·

206 1537 310 1624 prium
329 1539 456 1624 repetit.

309 1641 379 1705 Iam
402 1642 531 1706 veroin
560 1641 698 1707 carmine
721 1640 883 1707 Nemeaeo
914 1642 1014 1726 primo
1038 1640 1178 1706 Ohromii
1209 1643 1339 1707 victoris

205 1765 322 1809 nomen
344 1752 393 1809 ter
417 1743 575 1811 diversum
598 1746 630 1810 in
653 1744 783 1809 modum
806 1747 962 1811 variatum
995 1754 1043 1811 est
1072 1744 1118 1828 (v.
1144 1748 1161 1809 7
1185 1748 1338 1826 Χρομίου,

206 1869 234 1914 v.
259 1852 278 1913 9
300 1850 398 1913 κοίνου
420 1847 545 1932 ἀνδρός,
568 1872 597 1915 v.
620 1852 662 1915 20
685 1848 792 1931 ἀνδρὸς
815 1852 993 1934 φιλοξείνου,
1015 1871 1045 1917 v.
1068 1852 1109 1915 29
1134 1848 1340 1934 Ἁγησιδάμου

205 1950 284 2035 καῖ).
338 1953 388 2017 Ad
422 1962 618 2039 postremum
652 1963 687 2019 ut
721 1977 764 2019 ex
796 1953 953 2019 Isthmieis
987 1975 1114 2041 qnoque
1147 1956 1339 2020 carminibus

206 2056 359 2120 nonnulla
396 2078 578 2143 promamus
616 2060 779 2144 exempla,
817 2058 910 2123 odam
948 2064 1090 2143 quartam
1129 2066 1161 2122 et
1197 2060 1339 2142 quintam

207 2159 301 2224 huius
324 2160 393 2226 libri
417 2162 692 2245 perlustrabimus,
716 2163 831 2248 quibus
849 2164 880 2226 in
895 2162 1089 2246 Phylacidae
1102 2165 1339 2247 pancratiastae

206 2264 354 2328 victorias
376 2264 501 2349 scriptis
525 2272 557 2330 et
581 2265 675 2330 huius
699 2274 731 2330 et
753 2265 898 2351 Pytheae
920 2265 1033 2346 fratris,
1059 2265 1233 2351 Lamponis
1258 2267 1338 2331 filio-

205 2389 294 2448 rum,
324 2368 433 2433 laudes
463 2390 527 2433 una
556 2376 762 2455 peraguntur.
807 2370 951 2444 Quorum
975 2370 1147 2434 carminum
1176 2371 1289 2455 prioris
1307 2372 1338 2434 in

206 2493 237 2538 v.
263 2474 388 2537 16-17
412 2473 540 2537 nomina
563 2475 692 2559 propria
725 2475 858 2538 fratrum
887 2482 1072 2556 occurrunt,
1103 2473 1156 2538 sed
1188 2475 1219 2537 in
1243 2497 1272 2541 v.
1299 2477 1337 2539 19

191 2574 362 2655 ,Pindarus
386 2595 502 2659 caper
525 2577 677 2661 ambages
707 2577 752 2641 ita
784 2576 956 2661 expressit,
988 2584 1024 2640 ut
1055 2598 1128 2641 cum
1150 2576 1270 2642 Gratiis
1303 2600 1339 2642 se

206 2680 330 2744 venisse
360 2678 535 2759 Λάμπωνος
565 2679 640 2757 υἱοῖς
677 2690 814 2747 caneret.
867 2680 936 2746 Nec
965 2702 1057 2746 secus
1086 2682 1118 2745 in
1148 2700 1176 2745 v.
1200 2683 1251 2752 49,
1283 2682 1338 2747 ubi

206 2781 340 2866 legimus
369 2781 476 2863 γενεὰν
505 2784 686 2860 Κλεονίκου,
718 2786 843 2868 signum
874 2785 954 2850 latet
983 2785 1157 2870 Lamponis
1188 2786 1338 2867 filiorum,

206 2887 354 2969 quoniam
382 2884 549 2950 Cleonicus
581 2886 640 2951 fuit
671 2908 750 2952 avus
782 2887 926 2974 Pytheae
958 2897 992 2953 et
1022 2888 1226 2971 Phylacidae.
1272 2887 1340 2952 Sub

205 2989 299 3052 finem
322 2994 431 3052 autem
452 2989 599 3053 carminis
623 2988 734 3054 horum
757 2992 885 3055 nomina
907 2992 976 3075 ipsa
998 2991 1028 3054 in
1053 3012 1082 3056 v.
1100 2992 1141 3054 53
1154 2993 1228 3054 --54
1248 3012 1340 3075 repe·

205 3100 323 3156 tuntur.
368 3091 449 3154 Item
473 3092 504 3156 in
529 3093 668 3157 carmine
691 3093 843 3159 Isthmico
868 3096 995 3180 quinto,
1019 3115 1080 3180 quo
1105 3114 1176 3158 cum
1200 3093 1338 3160 filiorum

206 3202 273 3258 tum
297 3197 410 3280 patris,
434 3200 545 3283 utqui
568 3218 622 3262 eos
646 3198 685 3261 ad
719 3205 807 3261 tanta
837 3200 979 3263 facinora
1008 3199 1207 3277 educaverit,
1237 3200 1340 3282 gloria

205 3311 389 3381 exornatur,
413 3301 583 3387 Lamponia
606 3322 722 3366 nomen
745 3313 916 3389 postquam
940 3304 1022 3367 inv.
1046 3306 1065 3367 3
1088 3302 1173 3367 nude
1200 3304 1337 3388 positum

145 3401 149 3407 ’
206 3412 264 3483 cst,
287 3404 318 3468 iu
342 3427 372 3468 v.
399 3407 437 3468 16
468 3406 512 3468 ita
537 3408 692 3487 variatur,
723 3416 757 3471 ut
788 3407 841 3471 ille
870 3405 993 3470 dicatur
1024 3405 1040 3469 b
1068 3407 1232 3470 Κλεονίκου
1260 3414 1339 3484 παῖς.

205 3506 273 3572 Neo
305 3510 407 3572 minus
430 3509 558 3574 victoris
588 3510 731 3594 poterin
757 3530 784 3572 v.
811 3513 848 3574 18
879 3511 1092 3595 appellatione
1118 3508 1224 3589 ἀνίοός
1247 3513 1340 3592 φίλου

204 3617 342 3678 notatur.
387 3611 469 3677 Nam
492 3613 643 3679 dilectum
666 3615 777 3693 virum,
800 3615 890 3678 cuins
913 3615 1081 3701 postulatis
1105 3622 1139 3679 ut
1163 3615 1340 3699 obsequan-

205 3724 266 3794 tur,
289 3716 446 3781 Pindarus
461 3718 579 3782 Parcas
595 3719 680 3803 ipsas
697 3727 856 3803 precatur,
872 3719 1070 3805 Lamponcm
1088 3719 1340 3802 intellegendum

205 3840 274 3884 esse
297 3821 348 3885 vel
371 3844 411 3884 ex
435 3842 473 3886 eo
506 3831 657 3908 apparet,
690 3822 775 3908 quod
804 3824 913 3908 paullo
945 3829 1038 3886 antea
1062 3824 1234 3909 Lamponis
1257 3823 1340 3887 desi·

204 3920 324 3989 derium
347 3927 379 3989 in
401 3923 501 3988 isdem
526 3924 655 4006 studiis,
687 3926 800 4011 quibus
832 3934 896 3991 turn
929 3925 1056 3989 deditus
1084 3933 1170 4007 erat,
1203 3935 1339 3992 mortem

205 4025 342 4090 obeundi
366 4027 547 4115 expositum
570 4037 627 4094 cst.
673 4030 803 4113 Optimo
828 4040 934 4095 autem
959 4031 1026 4095 iure
1055 4030 1087 4094 in
1113 4051 1141 4095 v.
1170 4033 1211 4094 66
1240 4036 1340 4115 poeta

204 4129 243 4193 sd
267 4151 383 4195 nomeu
407 4131 571 4217 proprium
594 4135 692 4216 patris
716 4135 860 4199 recurrit.
962 4138 968 4147 '

307 4233 366 4298 His
391 4232 544 4318 exemplis
567 4235 710 4300 omnibus
735 4236 924 4316 ostenditur,
946 4246 1066 4320 quanta
1086 4237 1338 4322 appellationum

204 4335 350 4404 ubertate
368 4336 524 4405 Pindarus
550 4339 686 4407 victores
704 4362 818 4406 ornare
834 4339 998 4408 studuerit.
1038 4340 1110 4408 Uuo
1126 4348 1250 4408 tautum
1268 4341 1339 4406 loco
