2954 4808
650 277 743 363 [135]
782 258 787 263 ’

569 575 744 651 CAPUT
780 576 828 654 ΙΙ.

383 759 431 811 De
449 759 694 822 RELIQUORUM
714 759 919 822 TEMPORUM
940 758 1017 812 USU.

522 983 591 1069 tl·
637 982 876 1049 nannenus.

428 1150 476 1203 DE
496 1143 718 1203 venesensis
737 1148 965 1202 INDICATIVO.

232 1309 416 1373 Praesentis
439 1309 592 1394 temporis
617 1328 692 1372 usus
714 1308 796 1392 apud
816 1305 1020 1371 Ammianum
1036 1308 1065 1371 in
1085 1307 1267 1372 universum

130 1433 193 1487 non
216 1412 324 1476 differt
345 1410 386 1477 ab
408 1412 475 1494 illo,
498 1432 591 1496 quem
614 1411 808 1495 antiquiores
838 1411 1009 1495 scriptores
1042 1410 1269 1476 observabant.

132 1515 389 1581 Consentaneum
413 1515 581 1600 igiturest
606 1535 760 1599 nusquam
783 1515 875 1601 plura
899 1517 1077 1598 praesentio
1099 1535 1268 1580 occurrere

131 1640 226 1704 quarn
264 1621 295 1684 in
334 1618 547 1700 orationibus,
587 1640 667 1703 quus
705 1618 820 1683 multas
860 1618 1026 1682 contextui
1065 1617 1269 1683 historiarum

128 1744 258 1788 suarum
288 1721 475 1787 Ammianus
509 1720 641 1786 inseruit
672 1742 776 1794 rerum
806 1722 974 1806 scriptores
1005 1721 1058 1806 qui
1090 1728 1164 1786 ante
1196 1742 1270 1785 eum

129 1827 258 1908 fuerunt
291 1827 441 1890 imitatus.
491 1825 556 1889 Per
586 1824 762 1909 praesentis
781 1832 903 1891 autem
934 1824 1052 1890 formas
1084 1862 1124 1870 —
1154 1830 1190 1889 ut
1219 1846 1269 1890 res

130 1939 222 1996 notas
246 1931 386 1995 breviter
409 1937 538 2013 tangam
567 1962 598 1970 -
625 1929 871 2013 pronuntiantur
904 1930 1055 2009 actiones,
1090 1950 1172 2015 quae
1203 1936 1270 1993 tum

130 2034 210 2098 fiunt
233 2041 422 2118 agunturve,
446 2053 519 2097 cunr
541 2039 648 2097 orator
664 2029 816 2116 loquitur,
839 2031 870 2095 id
895 2038 942 2096 est
964 2054 1014 2096 res
1030 2055 1068 2098 co
1083 2053 1145 2116 quo
1163 2034 1270 2098 oratio

129 2137 239 2202 habita
261 2146 309 2202 est
333 2145 477 2220 tempore
500 2135 641 2199 nondum
665 2134 835 2220 perfectae.
884 2135 996 2222 Itaque
1021 2157 1082 2200 nou
1103 2137 1208 2200 solum
1224 2136 1264 2202 de

131 2263 193 2323 uno
218 2241 372 2325 temporis
396 2245 513 2324 puncto
537 2238 652 2303 dicitur
668 2260 829 2325 praesens,
853 2239 907 2303 sed
925 2240 1030 2317 etiam,
1053 2248 1088 2304 ut
1104 2239 1265 2323 Ciceronis

129 2346 232 2409 verbis
251 2352 340 2408 utar:
364 2341 566 2428 ‘intempore
584 2352 615 2407 et
630 2364 713 2429 quae
732 2344 962 2429 praeterierunt
978 2343 1218 2409 considerantur
1234 2354 1269 2409 ct

128 2451 309 2533 itemquae
337 2448 455 2512 instent
478 2449 509 2512 in
533 2447 714 2532 praesentia
741 2456 774 2513 et
804 2469 875 2512 eum
897 2448 1037 2533 maxime
1068 2447 1154 2526 fiant,
1186 2468 1268 2533 quae

130 2551 381 2635 consequantur.
419 2550 495 2615 Loci
513 2552 609 2634 igitur
631 2571 825 2628 communes,
848 2571 982 2635 quorum
999 2551 1187 2615 Ammianus
1206 2572 1271 2614 non

129 2675 244 2741 pareus
267 2661 325 2737 est,
349 2676 421 2719 cum
445 2655 557 2739 quovis
581 2662 723 2739 ternpore
741 2654 878 2735 valeant,
901 2675 957 2739 per
973 2675 1125 2740 praeseus
1141 2661 1269 2739 tempus

130 2759 360 2841 exprimuntur.
405 2757 457 2822 Ex
479 2759 632 2823 sescentis
656 2779 753 2822 unum
777 2758 936 2843 proferam
961 2757 1152 2843 exemplum,
1183 2758 1268 2844 quod

130 2862 274 2927 oratione
298 2861 339 2926 ab
362 2863 553 2946 imperatore
577 2860 765 2926 Constantio
797 2862 827 2924 iu
861 2862 1006 2926 contione
1038 2861 1122 2947 apud
1155 2862 1270 2927 milites

128 2965 236 3032 habita
267 2966 466 3031 continetur:
498 2968 547 3030 14.
582 2966 632 3043 10,
666 2968 704 3029 14
723 2971 881 3049 postremo
913 2965 947 3030 id
976 2973 1157 3050 repetentes
1187 2967 1268 3053 qood

130 3090 194 3136 non
216 3069 379 3134 decrestis
401 3070 540 3133 vincitur
562 3068 657 3150 sotus,
680 3069 735 3154 qui
756 3069 840 3133 cadit
861 3068 896 3133 in
920 3069 1007 3133 acie.
1023 3119 1030 3134 .
1044 3118 1070 3154 .,
1092 3070 1147 3135 sed
1171 3071 1269 3136 mette

128 3175 227 3239 tutius
249 3175 342 3238 etiem
366 3173 439 3238 tubo
464 3180 584 3237 tecente
606 3172 661 3238 aab
683 3174 793 3257 iuqum
816 3173 954 3237 mittitur
984 3173 1186 3240 eolrmtarius
1215 3177 1270 3260 qui

128 3279 221 3342 sentit
243 3283 388 3361 repertus
410 3297 466 3341 rece
486 3278 717 3362 fortitudinem
746 3279 779 3341 in
810 3276 933 3342 rebellia
962 3298 1017 3342 nee
1048 3278 1205 3343 lenitatem
1235 3280 1270 3344 in

128 3381 284 3466 supplices
306 3381 429 3444 animos
453 3379 565 3445 abesse.
1180 3377 1183 3386 '

232 3482 334 3548 Porro
358 3484 388 3547 iu
414 3482 627 3549 describendis
650 3483 728 3568 locis
749 3504 786 3548 ae
802 3482 995 3568 populorum
1012 3483 1153 3550 moribus
1170 3505 1269 3570 saepe

127 3589 288 3673 praesenti
322 3594 466 3672 temporo
501 3588 599 3652 utitur
634 3588 840 3669 Ammianus,
876 3588 930 3651 ubi
964 3609 1070 3652 rerum
1104 3596 1268 3672 gestarum

129 3691 272 3757 ordinem
294 3691 549 3777 narrationisque
570 3683 769 3777 ¹progressus
801 3691 1019 3776 spectantibus
1049 3691 1268 3776 imperfectum

127 3795 233 3879 aptius
256 3795 332 3881 poni
356 3795 501 3860 rideatur
517 3796 692 3878 (Praesens
708 3793 975 3880 consuetudinis).
1011 3795 1106 3870 Quod
1125 3796 1177 3861 ubi
1193 3795 1269 3861 facit

127 3898 325 3981 Ammianus,
347 3920 471 3964 morum
495 3909 527 3963 et
550 3898 693 3963 locorum
717 3897 965 3981 descriptionem
987 3898 1027 3962 ad
1058 3898 1120 3979 illa,
1151 3901 1267 3984 quibus

128 4023 177 4087 res
193 4011 304 4086 gestae
320 4012 406 4086 sunt,
421 4010 567 4087 tempora
578 4001 820 4067 accommodare
837 4002 1017 4087 neglexisse
1032 4001 1157 4069 videtur
1170 4008 1266 4089 atque

126 4105 205 4171 illud
228 4106 406 4190 significare
429 4107 577 4187 voluisse,
600 4105 665 4170 suis
690 4127 819 4191 quoque
844 4105 1038 4191 temporibus
1062 4113 1095 4170 et
1111 4128 1215 4172 mores
1235 4114 1268 4174 et

127 4210 225 4292 locos,
248 4231 329 4295 quos
353 4209 512 4292 describit,
534 4230 599 4273 non
622 4216 759 4274 mutatos
781 4230 886 4296 neque
910 4209 1053 4274 diversos
1079 4230 1151 4274 esse
1173 4209 1214 4276 ab
1229 4212 1268 4277 iis

128 4314 332 4400 temporibus,
362 4314 476 4400 quibus
509 4335 568 4395 res,
603 4334 681 4398 quas
704 4321 821 4396 narrat,
845 4321 1044 4400 gererentur.
1093 4312 1189 4381 Cuius
1220 4317 1268 4382 rei
