2954 4822
207 274 247 335 ss
644 309 684 318 -
732 270 820 358 μοι]
868 311 908 319 -

207 483 247 526 nc
289 463 321 524 iu
356 462 468 547 primis
500 462 631 547 quidem
660 463 810 527 versibus
834 463 922 527 aliud
952 471 1090 528 metrum
1123 487 1219 550 quam
1252 465 1343 549 loga-

207 567 356 630 oodicum
389 567 497 630 inesse
523 572 619 630 erunt
641 566 695 651 qui
719 570 898 632 autument.

505 705 626 769 Bacch.
653 708 779 770 ra-sr
797 739 836 760 =
855 710 1003 772 as-uu
1016 711 1039 791 ιχ

207 806 233 880 cl
254 811 373 900 μάκαρ,
399 812 490 895 ὅστις
511 809 676 899 εὐδαίμων
690 813 821 896 τελετάς
837 820 924 883 θεῶν
939 814 1034 899 εἰδὼς
1049 816 1166 905 βιοτάν
1181 815 1344 907 ἁγιστεύει

208 919 263 984 καὶ
295 915 488 985 θιασεύεται
525 915 646 1004 ψυχὰν,
681 920 713 985 ἑν
746 914 856 1006 όρεσσι
885 919 1052 1007 βακχεύων
1079 921 1185 1002 ὁσίοις
1214 930 1345 1010 καθαρ-

1091 1032 1219 1111 μοῖσιν·
1253 1060 1341 1100 τε-κτ

311 1122 352 1191 τά
375 1151 410 1193 τε
432 1122 557 1212 ματρὸς
577 1122 721 1213 μεγάλας
743 1121 838 1214 όργια
860 1129 1011 1215 Κυβέλας
1033 1126 1225 1215 θεμιτεύων,

311 1224 373 1295 άνὰ
395 1225 522 1315 θύρσον
543 1254 578 1296 τε
599 1226 761 1297 τινάσσων
783 1235 890 1320 κισσῷ
911 1259 946 1300 τε
969 1235 1196 1322 στεφανωθεὶς
1310 1270 1340 1308 30

312 1330 473 1401 Διόνυσον
496 1330 685 1418 θεραπεύει.

311 1434 361 1504 ἰ’τε
383 1433 514 1521 βάκχαι,
538 1434 587 1503 ἴτε
610 1433 740 1522 βάκχαι,
766 1435 911 1524 Βρόμιον
933 1441 1042 1507 παῖδα
1066 1437 1145 1508 θεὸν
1167 1444 1250 1509 θεοῦ

312 1538 472 1609 Διόνυσον
494 1537 696 1627 κατάγουσαι
722 1540 871 1629 Φρυγίων
894 1542 930 1624 ἐξ
951 1538 1052 1628 ὀρέων

203 1645 365 1726 Ἑλλάδος
387 1644 434 1726 εἰς
456 1641 647 1732 εὐρυχόρους
670 1640 795 1732 άγυιάς,
819 1644 876 1715 τόν
898 1645 1057 1734 Βρόμιον·

210 2379 454 2445 Discernendae
488 2386 564 2444 suut
599 2387 665 2444 tres
702 2386 828 2465 partes:
868 2377 898 2463 1)
927 2378 1146 2443 choriambico
1180 2382 1221 2445 ab
1255 2381 1345 2445 initio

211 2506 314 2569 usque
342 2484 384 2548 ad
406 2486 646 2568 καθαρμοῖσιν,
678 2486 709 2548 in
732 2483 866 2568 stropha
890 2492 923 2545 ct
952 2483 984 2546 iu
1009 2483 1214 2570 antistropha
1245 2485 1344 2549 inter-

210 2588 386 2673 punctione
416 2589 565 2672 graviorc
594 2610 614 2652 a
643 2588 801 2673 proximis
835 2586 982 2650 versibus
1018 2587 1131 2651 ionicis
1162 2596 1345 2673 scgregata.

211 2692 318 2756 Valde
350 2692 523 2756 inusitatus
556 2700 607 2756 cst
637 2691 840 2755 choriambus
868 2712 941 2753 cum
965 2733 1043 2758 c.-
1068 2698 1184 2776 quater
1213 2700 1246 2756 ct
1273 2714 1346 2756 cum

210 2839 255 2864 o.
266 2854 281 2863 .
292 2854 307 2863 .
325 2795 374 2859 bis
392 2796 593 2860 coniunctus.
629 2840 649 2862 υ
663 2855 677 2863 ,
693 2855 707 2863 .
722 2852 737 2861 .
754 2794 829 2880 quid
847 2795 889 2858 sit
905 2795 1025 2872 nescio.
1043 2795 1105 2858 nisi
1121 2795 1205 2860 forto
1223 2796 1346 2875 credas,

211 2906 248 2961 ut
270 2899 310 2962 ab
335 2897 496 2984 Eupolide
518 2899 556 2964 lr.
576 2901 746 2963 290-292
769 2899 800 2963 in
825 2899 983 2985 epionicis
1007 2898 1089 2963 haec
1112 2900 1216 2963 formu
1238 2932 1258 2965 c
1272 2959 1286 2968 .
1301 2959 1317 2967 -
1332 2959 1346 2967 .

212 3003 351 3087 pedibus
385 3003 499 3066 ionicis
537 3004 683 3091 praelixa
719 3011 771 3067 est
805 3003 859 3084 (ol.
892 3025 922 3088 p.
949 3004 988 3065 76
1001 3002 1078 3088 sq.)‚
1107 3003 1154 3067 ite
1183 3003 1245 3068 hoc
1275 3005 1346 3068 loco

213 3108 392 3171 clausulam
410 3106 669 3171 choriamborum
691 3106 838 3192 Euripidi
858 3108 1021 3192 placuisse
1040 3108 1071 3171 iu
1090 3149 1111 3174 ο
1124 3167 1139 3175 -
1152 3166 1168 3175 .
1182 3167 1197 3176 .
1221 3130 1346 3174 excun-

213 3217 288 3276 tem.
335 3210 368 3293 2)
394 3210 522 3274 Altera·
540 3210 692 3295 strophae
721 3232 796 3293 pars
819 3232 862 3274 ex
884 3211 998 3274 ionicis
1028 3217 1157 3275 constat
1183 3234 1241 3298 per

214 3323 248 3379 ct
269 3333 375 3382 cccx.
388 3374 402 3382 .
427 3315 575 3391 variatis3
603 3313 735 3377 dubium
760 3321 869 3378 eutem
895 3321 954 3391 est,
978 3321 1087 3377 utrum
1103 3316 1256 3401 strophae
1274 3339 1346 3381 vcr-

215 3439 269 3482 sus
294 3423 323 3483 l.
340 3422 370 3484 6.
389 3420 406 3480 7
429 3418 610 3481 tetrametri
636 3417 699 3480 siut
722 3438 763 3481 au
787 3417 820 3481 iu
843 3418 935 3481 binos
957 3416 1113 3482 dimetros
1128 3419 1347 3505 dispesocudi.

214 3523 247 3605 3)
271 3522 417 3586 Maxima
440 3520 630 3585 difficultate
655 3521 830 3585 obstrictus
854 3526 904 3585 cst
927 3522 1059 3585 ultimus
1083 3543 1206 3603 versus,
1230 3524 1262 3587 in
1286 3546 1348 3609 quo

215 3626 420 3690 choriambos
440 3626 546 3689 inesse
562 3625 730 3691 schcmate
748 3669 769 3692 c
781 3683 796 3692 .
809 3674 842 3691 ᾗ
867 3630 942 3689 ante
962 3624 1108 3690 ultimum
1126 3627 1348 3692 choriambum

215 3732 321 3816 posito
354 3729 485 3815 probari
514 3730 653 3795 videtur.
698 3729 763 3794 Sed
796 3751 869 3793 cum
900 3731 933 3793 iu
958 3729 1054 3794 huius
1077 3731 1232 3817 strophae
1256 3740 1348 3817 parto

216 3833 432 3898 choriambico
457 3834 555 3897 etiam
577 3876 625 3899 υ.
640 3891 656 3900 .
670 3891 685 3899 -
709 3841 874 3912 occurrat,
905 3834 988 3898 hanc
1012 3856 1139 3920 quoque
1163 3857 1347 3901 mensuram

216 3938 350 4001 duorum
376 3957 526 4000 versuum
548 3936 735 4001 ultimorum
760 3937 890 4002 tolerari
913 3958 1011 4023 posse
1035 3960 1168 4003 censeo:

654 4136 1170 4172 vv-.‚uv..a,v.--‚vus.n.

290 4249 310 4313 ¹)
330 4247 430 4312 Christ,
449 4248 573 4302 Metrik¹
593 4268 621 4319 p.
639 4249 704 4308 250:
724 4248 902 4303 Continuat
920 4267 946 4318 p.
964 4251 1006 4303 41.
