2948 4808
669 275 758 358 [aaa]
1244 274 1285 336 la

250 470 494 554 Paragraphurn
511 471 548 531 4·
564 489 634 532 oum
650 468 668 550 ἓ
684 471 719 531 4·
740 467 895 530 artissimo
912 465 1178 548 coniungendam,
1195 486 1285 550 para·

145 576 304 660 graphum
332 573 368 638 4a
399 581 508 639 autem
540 572 668 637 aliunde
697 573 846 636 insertam
878 593 948 637 esse
987 592 1024 636 ea
1054 592 1088 636 re
1119 572 1284 656 probatur,

148 680 233 766 quod
256 681 288 744 in
312 679 474 766 plerisque
495 678 583 742 libris
604 677 643 741 do
667 699 700 741 re
715 678 848 742 metrica
871 676 1108 761 paragraphum
1126 680 1163 740 4·
1178 677 1285 740 statim

144 785 264 870 excipit
286 785 504 870 paragraphus
528 787 572 847 4⁶.

250 889 339 953 intra
355 887 751 970 Pseudo-Hephaestionis
768 887 949 971 congeriem
965 886 1047 950 adeo
1062 885 1163 950 isdem
1180 884 1284 949 verbis

145 1001 333 1078 repetuntur
347 993 538 1077 paragraphi
552 997 617 1056 4··’·
628 991 835 1076 paragraphis
846 991 945 1065 21⁸⁸&
964 1000 998 1054 ut
1011 990 1164 1055 vocabula
1179 989 1198 1069 ὴ
1216 989 1285 1073 ἑξῆς

147 1098 262 1162 omissa
285 1098 315 1160 in
340 1097 444 1160 media
467 1097 669 1180 paragrapho
694 1099 731 1158 4·
754 1095 847 1159 etiam
872 1096 902 1158 in
925 1095 942 1176 ξ
970 1097 1028 1158 21·
1051 1093 1282 1159 desiderentur.

146 1200 221 1263 Duo
245 1200 299 1264 illa
315 1201 461 1284 exempla
479 1199 651 1264 Homerica
667 1199 859 1283 paragraphi
876 1201 912 1259 4·
929 1199 1023 1261 etiarn
1045 1198 1076 1261 in
1093 1195 1284 1282 paragraphi

145 1306 204 1366 43·
216 1304 305 1366 initio
318 1303 480 1387 leguntur,
497 1324 578 1387 quae
594 1303 754 1387 ceteroqui
771 1325 833 1368 non
850 1304 942 1367 nimis
959 1302 1106 1387 congruit
1122 1323 1192 1367 cum
1206 1301 1223 1383 §
1236 1304 1283 1366 4⁸.

147 1407 317 1471 Praeterea
331 1429 371 1470 ex
384 1407 472 1470 initio
487 1405 679 1491 paragraphi
691 1409 728 1469 4·
740 1414 772 1470 ct
788 1405 989 1490 paragrapho
1004 1407 1039 1467 4·
1055 1410 1180 1469 constat
1190 1427 1283 1490 para·

146 1512 287 1597 graphus
301 1513 353 1592 36,
369 1512 398 1575 in
418 1531 479 1595 qua
494 1511 616 1595 reliqua
634 1511 824 1595 paragraphi
841 1513 878 1573 4·
894 1531 968 1593 pars
985 1532 1060 1575 casu
1079 1509 1214 1595 quodam
1227 1530 1282 1573 ex·

147 1614 260 1680 cidisse
270 1615 401 1679 ridetur.
412 1652 451 1661 -
463 1614 612 1679 Ceterum
622 1615 780 1680 artissima
793 1616 984 1698 cognatione
992 1613 1028 1696 ἕξ
1038 1618 1116 1678 4a÷c
1126 1619 1283 1696 cognatae

145 1728 217 1782 sunt
244 1740 315 1782 cum
344 1719 388 1783 eis
412 1719 452 1783 de
476 1725 577 1784 metro
600 1718 729 1783 heroico
753 1718 951 1799 tractatibus,
979 1738 1058 1802 quos
1083 1716 1285 1782 enumerarit

145 1821 343 1887 Studemund
362 1820 483 1888 Anecd.
500 1820 577 1887 Var.
593 1822 610 1887 Ι
626 1842 698 1906 pag.
717 1825 774 1887 155
790 1822 830 1886 ad
848 1822 865 1904 5
888 1825 934 1903 2⁸,
957 1828 1076 1886 etcum
1092 1821 1284 1886 scholiorum

85 1942 86 1945 ’
146 1924 481 2010 Hephaestioneorum
504 1928 532 1991 B
553 1947 624 2011 pag.
652 1930 700 2008 19,
725 1929 849 2009 6-213
874 1927 977 1990 minus
1001 1932 1069 1989 arta
1094 1925 1284 2008 cognatione

141 2051 219 2094 cum
232 2029 348 2095 codicis
363 2030 483 2096 Veneti
496 2032 649 2096 Marciani
664 2034 725 2096 483
739 2035 798 2110 (ex
810 2031 955 2096 Parisino
972 2033 1053 2095 1983
1067 2029 1215 2109 derivati)
1228 2027 1285 2093 fol.

146 2138 206 2200 64*
222 2143 255 2200 et
271 2137 329 2199 65·
344 2136 437 2217 (conl.
455 2135 654 2203 Studemuud
678 2136 697 2198 1.
714 2156 740 2201 o.
757 2157 830 2220 pag.
846 2138 887 2200 89
903 2134 988 2221 sqq.)
1005 2143 1125 2200 etcum
1141 2133 1283 2198 Pseudo-

149 2238 359 2324 Moschopulo
383 2261 458 2325 pag.
482 2243 535 2323 45,
559 2244 613 2326 qui
635 2241 792 2325 copiosius
808 2262 875 2304 rem
891 2245 1015 2317 tractat,
1038 2239 1155 2305 omisso
1176 2259 1284 2304 exem·

146 2343 198 2427 plo
231 2343 380 2428 πλάγχθη
412 2342 477 2408 a'nsl
514 2345 630 2429 Τροίης
661 2366 688 2410 e.
712 2367 741 2430 q.
764 2368 800 2425 s.,
832 2354 864 2411 et
896 2366 970 2408 oum
1002 2341 1105 2408 Isaaoi
1139 2343 1284 2408 Monaohi

146 2467 219 2530 pag.
254 2448 324 2528 182,
361 2451 397 2511 15
429 2470 513 2534 sqq,
551 2450 602 2534 qui
639 2449 874 2535 paragraphum
912 2452 949 2512 4·
983 2448 1158 2534 praemittit
1193 2469 1285 2534 para·

147 2549 269 2632 grapho
294 2554 341 2616 4⁸.

654 2709 688 2793 <i
712 2707 776 2793 4⁶>

242 2858 320 2944 Ἔχει
343 2862 448 2926 δὲκαὶ
471 2864 707 2948 συνιζήσεις
735 2865 770 2929 ro*
800 2874 936 2931 τοιοῦτον
964 2867 1078 2952 μέτρον
1106 2870 1170 2933 δύο.
1203 2871 1283 2934 συνί-

146 2967 230 3049 ζησες
253 2966 287 3030 δὲ
309 2965 436 3048 λέγεται,
467 2964 541 3032 ὅταν
570 2977 652 3047 τρεῖς
678 2973 792 3056 μακραὶ
824 2975 971 3054 συλλαβαὶ
994 2974 1038 3049 εἰς
1067 2972 1121 3037 δύο
1143 2973 1283 3059 μακρρές1

144 3067 386 3150 ἁπαρτισθῶσιν,
410 3068 431 3152 ἢ
454 3078 584 3156 βραχέα
609 3074 737 3139 καὶδύο
760 3079 876 3159 μακραὶ
899 3078 941 3153 εἰς
964 3074 1017 3141 chio
1042 3077 1131 3141 πάλιν
1156 3077 1282 3158 μακράς.

145 3171 208 3238 2καὶ
231 3173 339 3258 πρώτη
362 3174 418 3256 μέν
435 3178 545 3254 sorani,
569 3174 644 3242 ὅταν
662 3207 680 3266 p
704 3178 815 3264 πρώτη
839 3180 978 3269 συλλαβή
993 3184 1054 3246 ἐστι
1070 3183 1219 3266 βραχεῖα4
1235 3179 1284 3245 καὶ

144 3277 175 3340 ai
207 3279 341 3367 ἐφεξῆςδ
371 3279 430 3344 ‹tto
460 3283 585 3362 μακραί,
616 3281 664 3346 aori
696 3291 877 3366 ourarpairor
907 3310 928 3368 η
958 3292 1084 3371 βραχεῖα
1114 3285 1193 3367 μετά
1227 3293 1284 3366 τῆς

143 3388 262 3462 μακρᾶς
285 3384 328 3460 εἷς
349 3384 424 3463 μίαν
445 3384 577 3465 μακράν,
600 3384 650 3449 aori
673 3389 807 3468 γίνονται
830 3389 861 3452 oi
889 3397 970 3474 τρεῖς
1000 3393 1145 3472 συλλαβαὶ
1174 3391 1238 3456 chlo.
1263 3388 1282 3473 ἢ

144 3481 219 3548 ὅταν
242 3488 446 3570 προηγοῦνται
470 3487 500 3551 ai
524 3489 580 3553 orto
602 3496 717 3574 prosperi
741 3490 790 3555 noi
813 3492 881 3572 μετ’
905 3492 1003 3569 αὐτάς
1022 3492 1103 3557 ἐστι6
1124 3492 1282 3577 βραχεῖαῗ.

144 3587 280 3670 δευτέρα·
296 3589 337 3671 δέ,
362 3587 437 3655 ὅταν
468 3587 522 3656 aior
547 3603 629 3673 τρεῖς
659 3594 807 3678 συλλαβαὶ
836 3594 952 3681 μακραὶ
979 3594 1028 3659 καὶ
1060 3603 1284 3681 συναιρεθιῦσιν

143 3694 187 3769 εἰς
210 3693 276 3758 δύο.

248 3826 256 3859 ¹
274 3827 367 3894 μακρᾶς
383 3826 432 3887 th
448 3828 452 3883 l
468 3826 478 3878 ¹
498 3827 594 3893 incipit
613 3827 661 3880 iol.
678 3827 740 3879 116*
755 3829 799 3890 Ml
818 3828 828 3863 ⁸
847 3830 934 3897 πρῶτο
950 3854 999 3897 μιν
1011 3827 1080 3884 r'orlr
1093 3832 1116 3893 Q
1131 3833 1136 3894 Ι
1151 3829 1282 3900 *συλλαβὴ

144 3910 195 3962 ἐστὶ
216 3918 322 3981 βραχεῖα
340 3912 400 3977 ΡΜ,
418 3914 525 3980 συλλαβή
542 3915 594 3966 ioci
613 3923 718 3985 βραχεῖα
737 3914 780 3977 Ql
814 3917 867 3969 lui
886 3914 983 3986 ἑφεξῆς]
1002 3916 1054 3984 ἕξῇς
1073 3918 1142 3980 Ql⁶
1159 3916 1283 3985 μηαυτᾶς

143 3998 195 4050 lari
215 3997 274 4077 Phi,
292 3996 347 4065 μετ’
365 3996 445 4061 αὐτᾶς
463 3999 516 4052 ε’στὶ
535 3998 576 4067 Ql
594 4003 604 4037 ⁷
621 4009 727 4072 βραχεία
746 4001 830 4064 PMQ.

251 4110 413 4196 Insipidae
443 4111 536 4177 huius
567 4112 759 4199 paragraphi
789 4113 950 4180 doctrinae
979 4116 1051 4182 lons
1082 4140 1122 4182 ex
1152 4118 1199 4199 iis,
1230 4119 1285 4204 qui

144 4212 249 4278 adhuc
274 4215 350 4279 editi
373 4224 457 4297 suut,
481 4216 520 4280 de
544 4218 677 4302 synizesi
701 4219 887 4283 tractatibus
911 4222 1062 4304 cognosci
1085 4243 1148 4286 non
1165 4230 1281 4307 potest.

144 4316 223 4380 Tros
248 4319 388 4404 syllabas
412 4322 604 4407 collaqueari
627 4344 724 4409 posse
746 4324 833 4390 nullo
853 4345 963 4388 eorum
983 4324 1132 4390 docemur
1156 4336 1283 4411 praeter
