2962 4800
685 265 755 349 [65]
1269 273 1288 334 9

152 457 251 519 Perse
276 458 338 520 172
410 454 496 520 Nam
525 457 665 537 eqaidim
695 463 723 520 te
744 455 810 521 idm
839 457 939 521 sector·
961 460 1102 539 quintam
1125 459 1208 524 tnnc
1231 483 1288 527 on·

703 562 789 643 nam,
813 579 901 642 onom
924 563 1055 645 intirea,
1080 563 1184 646 crido,

415 662 498 746 Ovis,
520 666 549 727 si
571 665 606 727 in
628 664 738 728 ladam
759 666 861 745 iret,
881 666 1036 748 pdtnisstt
1067 668 1131 730 iam
1148 667 1234 751 fieri
1256 676 1290 732 at

817 769 915 852 prdie
937 771 1059 835 titteris
1081 773 1185 836 scirit.

153 871 209 935 As.
233 873 295 935 396
415 868 565 935 Conveni:
587 871 640 935 sed
660 879 732 955 post
747 893 809 936 non
833 873 940 937 redit?
995 872 1067 938 Non
1083 875 1199 958 edepol.
1215 876 1290 957 qaid

995 977 1142 1042 volebas?
1157 1001 1186 1042 ::

411 1079 549 1161 Arpenti
570 1081 685 1162 vipinti
705 1081 817 1161 ovinas,
841 1082 869 1144 si
892 1080 1068 1161 adesset,
1092 1084 1267 1164 accepisset.

153 1180 258 1245 Minus
277 1187 362 1244 certe
378 1202 429 1245 res
445 1187 494 1246 est
516 1182 603 1248 Men.
627 1186 690 1247 238
715 1183 752 1247 Si
775 1204 876 1263 acarn,
900 1184 1001 1265 credo,
1025 1202 1197 1267 quaereres,

412 1285 515 1349 Acam
538 1287 716 1366 invenisses,
739 1289 767 1350 si
790 1295 1031 1370 appareret,
1053 1289 1119 1352 iam
1142 1289 1209 1352 dire.

255 1388 369 1472 Itaque
382 1409 452 1452 cum
464 1387 633 1453 duodecim
646 1388 709 1469 (vel
721 1389 881 1471 undecim)
895 1390 1021 1455 omnino
1033 1391 1117 1476 apud
1134 1391 1288 1455 Plautum

154 1489 247 1554 huius
278 1490 364 1554 modi
393 1492 541 1576 exempla
569 1493 719 1575 legantur
749 1491 803 1575 (cf.
829 1493 1039 1559 Rothheimer
1067 1495 1087 1559 l.
1112 1516 1137 1558 c.
1167 1516 1199 1579 p.
1224 1498 1288 1576 40),

152 1590 219 1656 fere
232 1594 364 1658 alterius
379 1594 477 1679 pertis
494 1595 684 1659 coniunctivi
699 1596 865 1679 praeteriti
881 1597 1000 1662 habent
1015 1597 1288 1681 significationem,

156 1697 286 1761 alterius
308 1696 348 1761 ad
373 1717 523 1781 praesens
546 1697 699 1763 secedere
722 1698 880 1765 videntur.

687 1984 759 2066 ss.

259 2139 484 2205 Coniunctivus
508 2140 683 2224 imperfecti
705 2140 746 2204 ed
770 2141 975 2226 praeteritum
1005 2149 1130 2223 tempus
1161 2143 1290 2225 respicit

155 2244 282 2329 saepius
297 2244 329 2308 in
344 2246 382 2309 iis
396 2265 523 2330 quoque
539 2245 720 2321 enuntietis,
739 2265 872 2329 quorum
888 2245 918 2308 in
935 2245 1057 2329 protasi
1073 2245 1290 2309 coniunctivus

153 2347 269 2431 plusq.,
288 2347 319 2409 in
337 2346 470 2433 epodosi
487 2348 567 2413 coni.
585 2347 672 2432 impf.
687 2348 811 2432 positus
828 2353 887 2412 est.
923 2347 1013 2411 Haec
1029 2345 1175 2410 conferas
1192 2347 1288 2412 velim

155 2451 319 2534 exempla:

155 2578 246 2643 Cure.
273 2580 334 2642 700
413 2577 499 2643 Nam
522 2581 551 2644 si
572 2582 601 2643 is
621 2579 778 2662 valuisset,
801 2581 1016 2664 iampridem,
1039 2598 1156 2663 quoquo
1176 2585 1291 2661 posset,

998 2684 1187 2746 mitteret.

156 2783 273 2849 Bacch.
297 2788 360 2848 433
410 2782 893 2869 <1tt>tarnmpv0nte9nes,
921 2788 949 2849 si
978 2806 1074 2848 anam
1096 2787 1291 2868 peccavisses

1022 2887 1187 2970 syllabam,

415 2988 467 3053 Fi
475 2998 557 3054 eret
581 2992 700 3054 coriam
724 2998 789 3054 tam
812 2992 1008 3055 maculosam
1024 2996 1146 3072 qnamst
1161 2991 1292 3054 metricis

1042 3095 1187 3176 palliam.

155 3194 221 3260 Mil.
246 3198 287 3260 28
827 3195 889 3260 Pot
910 3198 939 3260 si
965 3196 1086 3277 peridem

415 3299 545 3363 Conisas
568 3320 657 3381 esses,
679 3320 737 3381 per
760 3301 891 3380 coriam,
911 3301 1114 3382 perviscera
1154 3352 1156 3355 .

412 3403 532 3484 Perque
555 3423 589 3467 os
612 3403 767 3486 elephanti
789 3404 1091 3467 transmineret
1114 3403 1288 3469 trachiam.

258 3532 464 3595 transtineret
486 3531 620 3611 Ritschl,
650 3533 872 3596 transmineret
895 3553 912 3595 e
943 3531 1052 3596 codice
1082 3533 1235 3617 rescripto
1260 3533 1290 3596 A

156 3639 188 3697 et
220 3654 237 3695 c
268 3633 410 3715 vestigiis
435 3634 465 3698 in
491 3635 645 3699 Palatinis
669 3635 760 3698 codd.
785 3635 902 3698 relictis
927 3635 1011 3697 eruit
1035 3633 1235 3698 Studsmund
1259 3636 1291 3698 in

155 3735 296 3800 Hermae
321 3737 383 3802 vol.
408 3738 425 3801 Ι
448 3758 479 3822 p.
503 3741 576 3803 293.

154 3863 250 3931 Mero.
274 3868 336 3929 993
416 3867 453 3930 Si
474 3867 576 3931 inercie
598 3869 754 3932 scivissem
776 3868 839 3930 sive
861 3867 937 3930 adeo
953 3867 1054 3930 iocaio
1070 3866 1200 3931 dixisset
1214 3866 1292 3931 miti

415 3969 566 4034 Seritam
588 3991 708 4051 amare,
730 3987 901 4051 namqaam
920 3971 1122 4053 facerem,
1144 3975 1179 4033 at
1202 3971 1290 4033 ittam

733 4090 740 4100 ·
850 4074 972 4136 amanti
993 4072 1187 4137 obducerem.

155 4174 247 4259 Capt.
271 4178 330 4239 871
408 4173 519 4259 Ipitnr
541 4177 615 4239 otim
638 4176 667 4240 si
690 4176 892 4258 advenissem,
924 4177 1028 4259 mapis
1056 4182 1090 4239 ta
1120 4182 1186 4240 tam
1209 4177 1291 4242 istae

1013 4280 1185 4347 diceres.
