2970 4814
560 269 821 363 -mss-
1218 275 1258 340 α

125 464 350 557 κοιλαινομένη
373 468 409 535 δὲ
428 465 512 535 κατὰ
527 461 671 557 βάθοςῆ
689 463 857 555 πολαιστῆ
882 462 1029 555 κοτύλη
1054 460 1258 551 ὠνόμασται·

60 610 63 615 >
125 568 204 638 ὅθεν
227 572 283 639 καὶ
305 575 344 638 τό

388 655 658 749 ,,κοτυλῆριτον*)
682 649 787 744 αἷμαιι
812 660 864 741 (ΙΙ.
887 662 920 723 Ψ
932 658 999 743 34),

125 767 234 838 διὰτὸ
250 771 284 838 έν
298 774 345 860 τηῖ
360 770 462 860 κοίλῳ
484 775 544 862 τῆς
557 768 664 860 χειρὸς
679 767 883 859 ἀρύεσθαδγ
907 770 964 836 καῖ
981 772 1001 837 δ
1006 796 1024 837 ο
1029 767 1104 860 χμῆ
1121 769 1257 858 λέγεται,

126 871 177 942 ὅτι
205 873 332 964 πλαγίᾳ
364 879 404 964 τῇ
430 875 512 963 χειρὶ
541 878 734 964 μετροῦμεν·
762 875 886 962 λέγεται
917 874 953 941 δέ
980 871 1084 964 δοχμῆ
1114 873 1173 940 ἐπὶ
1201 876 1260 963 τῆς

125 981 358 1070 παλαιστῆςλ).
401 974 471 1048 ἀπὸ
495 980 532 1047 δὲ
552 982 612 1047 τοῦ
633 982 752 1066 μικροῦ
774 976 935 1045 δακτύλου
958 976 1176 1062 διϊσταμένων
1195 980 1261 1043 τῶν

125 1080 292 1149 δακτύλων
320 1083 382 1164 ἕως
407 1087 466 1151 τοῦ
498 1078 677 1171 ἆντῖχειρος
704 1083 831 1171 λέγεται
862 1079 1063 1171 σπιθυμή,
1098 1078 1191 1169 παρὰ
1220 1078 1258 1148 τὸ

126 1179 354 1271 ἀποσπασμὸν
390 1192 501 1255 ποιεῖν
531 1191 596 1254 τοῖν
625 1184 861 1274 δακτύλωνῑογ
902 1182 947 1267 ὡς
977 1187 1013 1254 δέ
1045 1183 1257 1274 Χρύσιππος,

125 1286 218 1378 παρὰ
239 1288 278 1358 τὸ
300 1292 516 1359 διασπᾶσθαι
539 1291 595 1358 καὶ
621 1289 790 1358 τείνεσθαι
818 1288 877 1380 τῆν
899 1287 975 1379 ὅλην
996 1290 1148 1375 χεῖραῑῑ).
1182 1292 1200 1377 ἦ
1224 1289 1260 1355 δέ

125 1392 285 1485 σπιθαμῆ
300 1400 394 1462 ποιεῖ
408 1395 468 1480 μέν
483 1395 673 1476 παλαιστὰς
688 1401 783 1483 τρεῖς,
809 1392 988 1475 δακτύλους
1005 1395 1042 1461 δὲ
1057 1391 1112 1481 ιβ’,
1136 1388 1206 1460 ἀπὸ
1223 1393 1259 1459 δὲ

123 1499 182 1563 τοῦ
197 1495 339 1584 μεγάλου
353 1496 513 1567 δακτύλου
529 1497 614 1588 πρὸς
633 1497 691 1567 τὸν
706 1496 836 1582 λιχανὸν
856 1494 954 1585 ῖῖκρον
973 1503 1066 1566 ποιεῖ
1081 1494 1259 1575 δακτύλους

125 1601 218 1683 δέκα,
249 1603 306 1669 καὶ
335 1597 496 1670 ἀπὸτοῦ
528 1597 671 1691 ἆγκιῖινος
700 1600 785 1689 πρὸς
813 1601 852 1670 τὸ
880 1611 940 1671 τοῦ
968 1604 1070 1688 μέσου
1099 1598 1259 1669 δακτύλου

125 1701 223 1793 ι’ῖκρον
252 1704 383 1797 πήχεως
409 1708 541 1796 μέτρον·
571 1703 699 1796 υῖγκών
729 1708 766 1775 δέ
795 1705 920 1798 εἴρηται
949 1705 1033 1774 κατὰ
1058 1703 1260 1794 Χρύσιππον

124 1804 194 1878 υῖπό
226 1814 285 1879 τοῦ
312 1811 483 1899 ἐγκεῖσθαι
511 1815 559 1900 τηῖ
587 1809 685 1900 έτέρηι
715 1805 818 1898 ὀστέῳ
847 1808 885 1878 τὸ
909 1810 1030 1899 λ’τερον·
1060 1806 1198 1900 ῆπαρὰ
1219 1806 1257 1876 τὸ

124 1908 193 1980 κατ’
220 1909 318 1982 αὐτὸν
347 1909 489 2002 ι’ῖγεσθαι
519 1913 576 2004 τῆν
603 1920 710 2000 χεῖρα,
743 1906 813 1981 οἷον
840 1909 1019 2002 ι’ῖγνυσθαι·
1052 1911 1073 2003 ῆ
1100 1911 1194 2002 παρὰ
1219 1910 1258 1980 τὸ

125 2012 256 2100 ἀνέχειν,
281 2015 299 2086 δ
321 2019 409 2085 ἐστιν
431 2018 612 2106 έξέχεινη).
645 2021 769 2107 πῆχυς
791 2018 835 2099 δέ,
861 2012 930 2085 ἀπὸ
952 2021 1012 2086 τοῦ
1033 2018 1216 2108 πεπηγέναι
1239 2013 1260 2106 ῆ

124 2128 337 2210 περιχεῖσθαι
357 2118 446 2211 ῖύιρηυ
467 2127 515 2212 τῷ
529 2122 736 2212 βραχίονιῑῧ).
768 2117 838 2190 ἀπὸ
854 2123 890 2189 δέ
904 2125 963 2189 τοῦ
978 2117 1159 2208 ιῖλεκράνου
1173 2119 1259 2210 πρὸς

124 2223 162 2292 τὸ
181 2229 240 2292 τοῦ
259 2234 378 2313 μικροῦ
393 2224 634 2314 μετακονδύλου
657 2223 779 2314 πυγιύν,
803 2226 839 2307 ἐξ
853 2215 898 2292 ὧν
912 2227 930 2292 ὁ
946 2228 1059 2315 πῆχυς,
1081 2225 1256 2310 σπιθαμαὶ

124 2326 191 2410 δύο,
217 2330 338 2416 δοχμαὶ
361 2330 397 2396 δὲ
419 2328 463 2411 έξ,
488 2327 642 2397 δάκτυλοι
667 2331 703 2398 δὲ
725 2326 786 2398 κδ’.
831 2324 1051 2418 οῖλέκρανον
1074 2330 1110 2396 δὲ
1131 2329 1257 2416 λέγεται

124 2426 195 2498 ἀντὶ
213 2436 272 2499 τοῦ
295 2427 412 2521 ὠλένης
433 2431 559 2519 κρύνον,
583 2436 641 2500 τοῦ
663 2431 795 2523 πήχεως
816 2430 942 2523 κεφαλή
954 2435 1007 2522 ¹⁴).
1052 2428 1190 2519 πυγών
1212 2432 1257 2513 δέ,

124 2531 168 2615 ὡς
191 2530 260 2603 ἀπὸ
284 2539 342 2626 τῆς
372 2539 511 2626 πυγμῆς,
542 2537 616 2604 ἐπεὶ
646 2534 691 2626 μὴ
715 2534 827 2622 ὥσπερ
854 2539 999 2626 ὁπῆχυς
1020 2533 1106 2624 πρὸς
1127 2535 1258 2602 ἐκτετα-

123 2639 239 2724 μένους
272 2645 440 2728 μετρεῖται
477 2638 685 2722 δακτύλους,Ι
718 2635 802 2707 ἀλλὰ
838 2640 1127 2726 συνεσταλμένους,
1174 2636 1258 2706 ὥστε

123 2740 258 2811 ἔλαττον
284 2737 367 2812 εἶναι
397 2747 495 2812 τοῦτο
523 2741 562 2825 τὸ
584 2745 702 2831 μέτρον
730 2748 789 2812 τοῦ
812 2741 957 2834 πῆχεως·
992 2748 1040 2833 τη]
1062 2745 1098 2811 δὲ
1121 2739 1261 2830 ὀνόματι,

76 2844 434 2937 wwmmm

211 2957 357 3047 ,βόθρον
379 2956 624 3050 ὀρύσσοντες**)
644 2957 861 3049 πυγούσιον
882 2958 966 3028 ἔνθα
989 2961 1044 3028 καὶ
1068 2957 1172 3027 ἔνθαί

551 3066 627 3155 (Od.
647 3092 666 3131 κ
685 3067 762 3153 517)
789 3065 813 3153 ).

124 3175 326 3245 ἕκταθεισυῖν
356 3178 393 3245 δέ
422 3181 487 3246 των
516 3176 574 3246 δύο
608 3181 722 3267 χειρῶν
751 3178 787 3260 ἐξ
809 3171 954 3267 ἀλλήλων
984 3175 1031 3259 εἰς
1057 3175 1099 3244 τὰ
1121 3175 1257 3266 πλάγια,

124 3274 268 3367 ὀργυιὰ
306 3282 448 3370 λέγεται,
489 3280 545 3350 διὰ
583 3280 621 3351 τὸ
658 3277 779 3371 ὀρέγειν
816 3282 872 3348 καὶ
911 3280 1063 3349 ἐκτείνειν
1095 3279 1137 3348 τὰ
1170 3288 1257 3369 γυῖα,

123 3385 271 3451 τουτέστι
294 3383 336 3452 τὰ
358 3392 423 3452 τοῖν
441 3393 555 3475 χειροῖν
574 3386 665 3475 μέλη.
707 3391 801 3474 γυῖα
823 3383 883 3474 γὰρ
898 3384 1018 3473 κυρίως
1038 3385 1097 3471 μὲν
1120 3385 1258 3452 ἐπὶτῶν

124 3490 237 3555 ποδῶν
264 3488 405 3576 λέγεται,
435 3487 528 3578 παρὰ
557 3491 595 3557 τό
618 3489 676 3556 ἐπὶ
706 3492 765 3579 τῆς
791 3487 868 3579 γύης
892 3487 989 3571 ἰέναι,
1020 3488 1169 3556 τουτέστι
1198 3491 1258 3576 τῆς

124 3595 191 3681 γῆς,
215 3589 367 3660 τάττεται
390 3594 504 3661 δὲκαὶ
529 3593 588 3660 ἐπὶ
611 3596 676 3660 τῶν
696 3596 818 3681 χειροῖν,
843 3588 888 3674 ὡς
909 3593 965 3660 καὶ
983 3589 1149 3682 Ὅμηρος

206 3711 302 3794 ,γυῖα
325 3701 356 3773 δ’
374 3703 492 3795 έθηκεν
514 3702 649 3795 ἐλαφρά,
674 3702 783 3786 πόδας
804 3706 860 3772 καὶ
883 3711 993 3794 χεῖρας
1014 3703 1179 3791 ύπερθεν“

376 3812 1015 3900 ωτωευυεἨωη

187 3908 328 3915 «ψῃ-..ι

211 3973 236 4039 ¹¹)
255 3970 337 4039 Apud
356 3969 504 4023 Homerum
523 3972 590 4022 ante
608 3959 678 4038 αἷμα
695 3968 823 4022 additum
843 3972 886 4022 est
903 3966 1004 4041 ἔρρεεν.

133 4116 134 4119 ,
197 4058 236 4125 *Ἴ
255 4056 337 4126 Apud
356 4056 505 4110 Homerum
524 4056 601 4109 2517
616 4055 732 4124 legitur:
755 4055 857 4127 βόθρον
870 4051 966 4126 ὀρύξαι
978 4053 1045 4107 ὅσον
1057 4072 1086 4108 τε
1095 4093 1256 4120 .........

124 4143 200 4212 apud
225 4142 343 4196 eundem
366 4145 446 4196 225:
474 4143 577 4213 βόθρον
601 4138 678 4213 ὄρυξ’
697 4140 782 4194 ὅσσον
803 4161 833 4195 τε
846 4181 954 4194 ......
991 4141 1112 4195 Soranus
1137 4142 1258 4210 priorem

123 4233 215 4286 locum
235 4228 345 4282 videtur
363 4229 527 4299 significare.
545 4261 576 4268 —
596 4229 649 4283 Cfr.
669 4246 752 4298 supra
770 4247 796 4298 p.
811 4230 852 4283 16.
