2956 4822
218 301 258 363 ro
739 299 828 383 [172]

213 489 382 578 Aegyptiis
406 489 566 576 quondam
589 511 609 554 a
625 490 784 576 Cambyse
801 491 928 556 sublata
944 498 1045 575 erant,
1069 513 1177 557 secum
1192 491 1318 557 ferebat
1329 491 1350 556 ¹.

214 595 329 659 Paucis
352 601 460 659 autern
483 596 573 659 aunis
597 602 672 659 anto
696 594 882 660 Theodotus
906 596 1096 662 Bactrianae
1123 596 1305 684 praefectus
1329 618 1348 660 a

212 698 349 765 Seleuco
374 699 528 763 defecisse
551 706 584 762 et
605 719 664 762 rex
686 699 865 785 appellatus
882 721 952 765 esse
972 700 1108 768 uidetur.
1152 701 1347 766 Parthorum

212 802 436 867 rebellantium
472 803 656 888 imperium,
695 802 821 868 sublato
860 805 949 888 regio
992 804 1170 888 praefecto,
1207 808 1347 869 Arsaces

212 916 395 991 susceperat
427 904 523 990 (248)
546 910 569 987 ).
621 905 782 992 Utrcsque
813 915 925 972 contra
956 908 1124 973 Seleucum
1155 909 1349 974 rebellantes

213 1010 254 1074 ad
277 1011 499 1075 Ptolemaeum
523 1009 646 1095 legatos
668 1010 791 1075 misisse
815 1012 949 1096 eiusque
971 1012 1101 1096 imperio
1124 1033 1158 1076 se
1174 1012 1348 1076 subiecisse

212 1113 449 1179 emonumenfi
473 1113 639 1178 Adulitani
662 1136 691 1178 v.
719 1116 756 1177 19
781 1137 828 1199 sq.
853 1115 995 1182 conicias.
1022 1151 1059 1162 -
1084 1116 1150 1182 Sed
1172 1115 1252 1181 fanis
1273 1136 1347 1200 pro·

211 1219 294 1284 fanis
309 1218 428 1304 ubique
443 1217 588 1303 direptis,
611 1217 749 1283 motibus
766 1218 950 1284 domesticis
966 1220 1095 1286 tandem
1114 1221 1146 1284 in
1162 1222 1350 1306 Aegyptum

212 1322 389 1407 Euergetes
417 1329 586 1388 reuocatus
617 1331 666 1388 est
696 1320 838 1406 (244l3).
883 1324 1036 1408 Ingentes
1064 1326 1139 1389 auri
1163 1332 1196 1390 et
1225 1328 1349 1410 argenti

212 1428 331 1512 copias,
362 1448 440 1513 quas
470 1427 662 1492 tributorum
686 1428 814 1492 nomine
837 1427 877 1491 ab
901 1429 1011 1494 ineolis
1032 1430 1158 1494 illarum
1181 1431 1352 1515 regionum
1420 1503 1425 1507 g

212 1539 375 1616 exegerat,
399 1531 528 1596 domum
552 1532 748 1617 reportauit:
771 1531 872 1596 terras
895 1540 1003 1599 autem
1027 1535 1113 1618 ipsas
1141 1540 1269 1619 praeter
1292 1532 1351 1616 Sy·

212 1636 289 1699 riam
323 1657 393 1700 cum
424 1656 458 1701 se
488 1637 626 1701 retinere
656 1657 719 1700 uon
752 1657 846 1721 posse
879 1637 1097 1723 intellegeret,
1129 1636 1349 1722 superioribus

212 1740 310 1804 Asiae
344 1740 529 1827 regionibus
559 1739 781 1826 Xanthippum
811 1741 969 1826 quendam
1001 1742 1169 1827 praefecit,
1204 1741 1351 1806 Ciliciam

212 1844 373 1910 Antiocho
398 1845 540 1911 donauit.

315 1949 364 2014 Eo
399 1956 508 2013 autem
542 1957 706 2032 tempore,
740 1970 804 2033 quo
835 1948 1040 2014 Ptolemaeus
1071 1951 1104 2014 in
1133 1949 1351 2034 superioribus

213 2053 310 2118 Asiae
332 2052 476 2138 partibus
498 2051 698 2135 uersabatur,
731 2052 885 2118 Seleucus
915 2053 955 2117 ab
979 2053 1140 2118 Antiocho
1173 2060 1205 2119 et
1227 2053 1353 2118 Mithri-

213 2157 287 2222 date
312 2157 477 2222 Gallorum
501 2177 563 2240 cpe
586 2164 675 2222 tanta
703 2157 793 2222 clade
825 2156 911 2241 apud
935 2157 1094 2241 Aneyram
1126 2157 1271 2222 deuictus
1303 2164 1353 2223 est

214 2261 318 2344 (244),
342 2269 378 2326 ut
401 2263 457 2327 uix
480 2270 568 2327 trans
590 2260 730 2327 Taurum
754 2261 924 2327 euaderet:
948 2260 1144 2345 quinetiam
1173 2262 1242 2347 ipse
1268 2264 1350 2328 occi·

214 2369 296 2434 disse
321 2367 512 2433 credebatur
521 2366 544 2432 ².
591 2367 663 2441 Quo
688 2374 833 2451 tempore
856 2387 909 2430 aas
932 2365 1079 2432 ciuitates
1094 2365 1192 2431 Asiae
1215 2366 1349 2450 quaein

212 2475 295 2558 regis
326 2472 389 2537 fide
421 2479 676 2555 permanserant,
705 2470 800 2535 ualde
831 2471 870 2534 ab
901 2467 1044 2534 hostibus
1078 2478 1143 2534 tam
1178 2469 1347 2556 Aegyptiis

213 2600 309 2663 quam
341 2574 492 2641 Antiochi
519 2575 670 2640 militibus
701 2581 733 2640 et
763 2576 906 2659 ipsorum
933 2573 1045 2638 uicinis
1076 2574 1130 2659 qui
1160 2594 1180 2638 a
1209 2574 1346 2640 Seleuco

213 2682 412 2761 defecerant,
445 2699 614 2765 oppressas
637 2679 731 2745 esse³
758 2685 1006 2743 consentaneum
1030 2685 1093 2760 est,
1122 2699 1227 2764 neque
1255 2679 1352 2744 mira·

213 2787 326 2865 bimur,
351 2785 375 2850 si
392 2784 558 2868 Smyrnaei
573 2784 605 2847 in
620 2783 716 2849 laude
732 2784 791 2848 sibi
807 2789 939 2869 ponunt,
963 2783 1049 2869 quod
1066 2789 1132 2846 tum
1149 2783 1301 2869 temporis
1317 2782 1351 2848 in

212 2892 377 2977 proposito
401 2890 646 2976 perseuerarint.
690 2890 763 2954 Rex
786 2910 843 2974 per
860 2889 1022 2954 ciliciam*
1045 2888 1172 2973 fugiens
1191 2888 1223 2951 in
1240 2888 1351 2952 Seleu·

213 2995 315 3060 cidem
338 2995 500 3080 profectus
525 3002 583 3059 est.
629 2993 798 3058 Exercitus
821 2994 971 3079 reliquias
1001 2992 1167 3079 paullatim
1199 2992 1352 3057 collectas

213 3120 321 3164 secum
344 3098 445 3163 duxit.

317 3203 429 3289 Syriae
452 3203 581 3289 quidem
603 3202 863 3289 septentrionalis
892 3201 1037 3267 ciuitates
1069 3199 1223 3287 quasdam
1254 3201 1353 3266 etiam

214 3315 280 3372 turn
303 3307 334 3371 in
358 3314 518 3393 potestate
540 3308 690 3372 habuisse
712 3306 848 3371 uidetur.
894 3305 933 3370 Iu
956 3306 1072 3390 quibus
1091 3303 1228 3369 Aradios
1251 3305 1352 3370 fuisse

215 3435 378 3492 censeam,
412 3433 493 3497 quos
526 3420 638 3476 contra
669 3411 866 3476 Antiochum
900 3409 1030 3475 fratrem
1063 3409 1198 3474 Seleuco
1232 3409 1353 3474 fauisse

214 3516 328 3581 Strabo
354 3515 521 3581 testatur5.
567 3516 708 3580 Primum
733 3515 859 3601 quidem
892 3535 963 3579 eum
995 3533 1122 3598 operam
1155 3511 1282 3578 dedisse
1315 3521 1351 3577 ut

214 3619 414 3685 Seleucidem
437 3628 538 3684 totam
561 3627 779 3706 recuperaret,
803 3619 869 3683 ueri
893 3618 995 3683 simile
1019 3621 1067 3681 est
1090 3616 1168 3698 (244
1190 3614 1265 3702 sq.).

217 3730 222 3733 ι
319 3764 326 3796 ¹
346 3760 388 3813 cf.
401 3761 483 3812 ctiam
496 3760 605 3811 titulum
620 3759 786 3825 Aegyptium
800 3756 895 3817 lliolrs,
910 3759 956 3809 Gr.
970 3756 1040 3808 Hist.
1054 3757 1140 3808 lusor.
1155 3754 1205 3808 179
1223 3772 1248 3807 r.
1264 3755 1297 3808 10
1309 3771 1351 3824 sq.

317 3847 447 3898 ²Euseb.
467 3848 485 3898 1.
504 3862 526 3897 o.
563 3845 658 3898 lustin.
679 3863 701 3896 e.
721 3844 745 3904 2,
767 3846 805 3898 11.
843 3843 926 3909 Trogi
954 3844 1023 3909 prol.
1060 3844 1133 3894 Plut.
1155 3842 1189 3893 de
1215 3842 1279 3893 frat.
1299 3858 1352 3895 am.

214 3933 347 4000 pessa.
379 3932 560 4000 Polyaen.IV
574 3931 599 3996 9,
612 3932 637 3984 6.
669 3928 1352 3996 Phylaroh.aphtheu.X1115930=Polyaen

216 4020 285 4072 vm
304 4022 373 4157 6³¹ln
387 4121 479 4157 aarum
494 4120 605 4155 numero
617 4102 752 4170 Erythras
765 4117 875 4170 quoquc
887 4102 971 4153 fuisse
985 4098 1056 4152 haud
1070 4101 1142 4152 male
1155 4099 1354 4166 Lamprechtus

219 4193 337 4246 coniecit
355 4208 370 4244 e
390 4192 468 4244 titulo
487 4192 642 4259 Erythraeo
662 4189 783 4243 Dittenb.
803 4189 869 4257 Syll.
889 4188 948 4243 172.
985 4189 1110 4256 Droysen
1129 4188 1172 4240 111
1192 4188 1214 4247 1,
1234 4185 1294 4240 393.

319 4278 483 4344 ⁴Polyaen.
502 4277 541 4329 1v
564 4277 587 4340 9,
606 4275 630 4331 6.

322 4366 331 4403 ³
350 4362 416 4418 XVI
435 4363 492 4417 too.
