2954 4816
563 283 802 375 211-

494 501 623 566 mom.
648 501 679 581 (1
705 503 732 580 1,
757 463 877 583 o-'rq
964 561 966 565 ,

124 646 172 718 31,
197 647 216 706 9
239 642 429 727 defrutare]
494 640 583 741 1117,
607 644 648 704 29
675 640 815 725 partirem]
884 644 972 719 l525,
997 644 1015 704 5
1040 637 1229 721 ticinensum]

495 754 497 879 p
883 733 989 834 land
1020 744 1073 807 ille
1107 744 1260 806 unciatim

495 884 497 981 p
920 849 977 911 aix
1000 848 1142 911 dunecan
1164 867 1221 909 ouo

122 954 222 1016 Suam
237 948 417 1038 defrudans
431 974 481 1036 qe·
495 1025 496 1041 2
510 953 611 1017 Suum
678 952 859 1034 defrutoue
882 1032 883 1055 Χ
900 953 1000 1015 Saum
1013 950 1194 1033 defrudans
1209 972 1260 1032 pe·

142 1059 230 1120 nium
288 1050 497 1140 conspersio
531 1059 654 1141 panium
676 1079 733 1121 coa
742 1080 757 1121 s
760 1079 785 1141 p
794 1058 884 1134 arsit}
920 1057 1009 1118 icium
1025 1056 1183 1137 comparsit
1203 1057 1260 1118 rici·

141 1163 236 1224 miser
494 1110 496 1219 b
533 1164 626 1225 miser
881 1135 883 1264 j
919 1177 970 1221 ser

121 1264 323 1348 defraudans
367 1222 712 1347 tuoe-luefmcaans
736 1271 781 1333 L.
881 1260 1109 1345 ldcfraudoue
1131 1267 1180 1329 H
1184 1287 1196 1346 ;

120 1369 232 1431 icium
268 1367 481 1450 confersit
920 1368 1103 1449 comperssit
1126 1371 1174 1435 P.

122 1474 239 1538 11¹1).

887 1582 899 1610 b

225 1627 351 1703 Quibus
374 1629 405 1692 in
429 1630 626 1703 testimoniis,
645 1652 729 1716 queo
744 1631 923 1715 promiscue
940 1650 998 1714 par
1014 1638 1119 1694 totum
1142 1629 1257 1694 librum

120 1731 303 1796 Nonianum
332 1753 445 1816 sparsa
475 1741 559 1811 sunt,
590 1732 674 1819 quod
705 1734 828 1797 nullum
856 1732 973 1817 legitur
1007 1733 1188 1818 exemplum
1217 1755 1257 1797 ex

120 1835 251 1921 Hecyra
286 1843 464 1920 sumptum,
496 1857 595 1901 unum
626 1859 667 1901 ex
700 1836 1084 1917 Heautontimorumeno,
1114 1837 1145 1900 id
1176 1837 1258 1900 bene

121 1938 255 2023 quadrat
279 1939 320 2002 ad
343 1961 390 2018 ea,
416 1961 498 2024 quae
522 1961 619 2025 supra
641 1962 671 2026 p.
688 1942 706 2001 b
731 1939 807 2004 dixi.

225 2040 321 2116 Quod
344 2048 450 2105 autern
483 2044 637 2108 nonnulla
659 2043 842 2108 testimonia
876 2043 921 2105 ita
951 2043 1087 2127 repetita
1119 2049 1257 2123 exstent,

122 2153 156 2209 ut
177 2147 322 2230 pleniora
344 2145 407 2208 sint
430 2146 532 2210 altero
555 2147 637 2227 loco,
662 2146 810 2211 breuiore
834 2146 946 2226 altero,
976 2146 1007 2209 id
1031 2144 1126 2210 Nonii
1161 2147 1193 2209 in
1217 2147 1258 2208 ci-

121 2251 217 2312 tando
252 2248 400 2312 breuitati
431 2257 464 2314 et
494 2250 620 2315 lenitati
648 2250 895 2315 condonandum
928 2257 986 2314 eet.
1046 2249 1129 2314 Sane
1163 2250 1259 2334 longe

121 2353 256 2439 plurima
279 2354 471 2436 testimonia,
496 2375 579 2439 quae
603 2354 651 2418 bis
674 2362 766 2419 terne
789 2364 928 2436 exstant,
961 2354 1089 2418 omnino
1119 2355 1201 2418 inter
1224 2375 1258 2417 se

120 2458 332 2534 consentiunt,
362 2467 459 2541 atque
489 2459 588 2522 sicubi
620 2459 819 2539 dissentiunt,
848 2458 1048 2523 librariorum
1081 2459 1175 2541 culpa
1197 2458 1258 2522 dis-

120 2561 277 2640 sentiunt,
309 2569 447 2645 excepto
480 2582 542 2625 uno
581 2560 724 2626 alteroue
760 2562 909 2645 exemplo
946 2570 1109 2645 tamquam
1146 2560 1257 2626 subse·

121 2667 192 2728 oiuo
226 2665 282 2745 (de
315 2686 377 2749 quo
407 2665 627 2752 exemplorum
654 2686 772 2750 genere
805 2664 887 2730 infra
919 2666 979 2728 erit
1013 2663 1257 2745 disserendum).

121 2768 206 2852 quod
241 2791 280 2832 ox
313 2768 500 2853 antiquioris
531 2770 730 2854 grammatici
760 2764 990 2833 commenta‘rio
1020 2789 1039 2832 a
1069 2767 1174 2833 Nonio
1205 2767 1258 2832 de·

122 2882 304 2956 promptum
327 2873 457 2937 uidetur
481 2894 562 2938 esse.

652 3010 723 3092 §4.

224 3124 440 3189 Librariorum
476 3125 569 3211 culpa
608 3146 701 3210 quam
736 3124 819 3189 male
852 3124 977 3189 habitus
1012 3124 1052 3189 sit
1087 3131 1258 3189 contextus

121 3228 226 3310 Nonii,
251 3251 322 3293 cum
346 3230 409 3292 alia
433 3228 550 3294 docent
576 3238 641 3293 tum
666 3229 762 3293 haec:

225 3334 360 3399 Duobus
385 3335 462 3399 locis
492 3334 523 3397 in
554 3335 708 3418 exemplis
744 3334 935 3399 eTerontio
969 3332 1107 3397 laudetis
1135 3353 1258 3397 errores

120 3441 182 3504 iam
206 3449 302 3503 autea
324 3440 364 3503 ab
388 3439 567 3505 hominibus
590 3441 691 3504 doctis
715 3439 927 3504 animaduersi
953 3448 1045 3503 sunt:
1090 3438 1157 3502 Sub
1180 3439 1256 3501 lem·

121 3552 204 3609 mate
227 3544 351 3628 babere]
386 3547 501 3623 318‚19
532 3565 603 3608 curn
634 3544 704 3608 libri
734 3544 941 3629 manuscripti
974 3543 1045 3607 Ter.
1069 3542 1259 3607 Heautonti-

120 3669 299 3713 morumeno
325 3669 382 3733 pro
407 3648 478 3713 Ter.
502 3648 677 3733 Hecyra
702 3647 886 3728 exhibeant,
909 3648 972 3712 iam
996 3645 1158 3710 Mercerus
1183 3646 1258 3731 quid

121 3775 231 3817 uerum
256 3753 296 3818 sit
319 3753 487 3818 intellexit.
549 3752 608 3817 Cui
631 3752 763 3817 similem
796 3752 998 3817 librariorum
1029 3772 1169 3816 errorem
1192 3760 1254 3815 sta·

122 3859 274 3921 tuendum
297 3879 366 3922 esse
395 3856 555 3923 Rothius¹
592 3858 758 3943 perspexit
786 3857 847 3922 sub
880 3858 1028 3921 lemmate
1060 3855 1257 3942 confidentia]

120 4014 274 4082 Hominem,
294 4032 354 4067 oum
372 4015 449 4068 libris
469 4015 643 4066 Terentianie
664 4012 785 4066 Continui
803 4015 881 4066 bodie
900 4015 1051 4065 wasciacus
1070 4013 1116 4077 (ol.
1137 4014 1255 4065 Nonium

120 4102 218 4167 mona
236 4122 256 4152 s.
270 4104 287 4154 l.
301 4099 471 4167 corticanireJ)
486 4102 595 4153 minime
609 4102 761 4154 consociari
776 4117 857 4169 posse
876 4102 929 4151 iarn
948 4101 1087 4153 bleramus
1106 4101 1257 4153 aduolauit.

120 4190 235 4241 Videtur
255 4189 339 4255 igitur
358 4188 471 4254 Nonius,
497 4205 552 4255 qua
571 4196 630 4240 erat
649 4189 774 4253 leuitate,
800 4187 889 4239 locum
917 4189 963 4256 qui
990 4192 1079 4239 exstat
1098 4188 1124 4238 in
1147 4189 1256 4240 Phorm.

120 4274 261 4340 iv-1,31):
281 4274 393 4340 Offendi
410 4276 569 4332 adueniens.
606 4276 722 4339 Quocum
740 4274 860 4326 uolebam
879 4290 940 4341 sqq.
959 4274 987 4326 in
1008 4275 1099 4327 animo
1118 4274 1256 4326 babuisse.

226 4365 232 4397 ¹
255 4362 360 4414 Nonius
380 4361 537 4426 Marcellus,
557 4359 600 4413 od.
620 4361 739 4415 Gerlach
760 4365 788 4413 et
806 4360 889 4413 Roth.
925 4362 1043 4414 Basilice
1063 4359 1138 4414 1842.
