2956 4822
661 291 753 376 [rsa]
1235 296 1274 358 ar

140 490 248 569 pretor
278 505 371 569 quam
402 484 444 550 de
467 486 552 567 agris
574 484 726 549 militibus
750 486 929 570 assignatis,
954 488 1009 572 qui
1033 507 1071 550 ea
1093 486 1277 553 condicione

141 590 185 653 eis
209 588 400 651 commodati
426 589 553 670 fuerint,
578 595 612 651 nt
636 589 779 652 militiam
794 597 1000 672 praestarent,
1026 591 1148 654 fructus
1168 600 1275 654 autem

140 714 287 776 agrorum
306 693 452 777 stipendii
469 692 538 756 loco
550 701 665 757 essent.
695 693 901 757 Immunitate
914 695 1120 778 uectigalium
1134 703 1164 758 et
1178 697 1277 759 tribn-

139 805 243 860 torum
268 797 399 860 colonos
422 818 496 860 usos
519 817 597 875 osse,
621 796 772 860 docemur
790 797 873 860 tituli
896 818 924 860 r.
952 800 1130 863 ruo-102.
1169 800 1277 883 Atque

140 900 258 965 eisdem
289 902 356 963 fere
387 899 624 963 condicionibus
654 907 767 984 postea
808 902 1018 983 imperatores
1052 902 1216 965 Romanos
1246 903 1277 965 in

142 1003 254 1066 finibus
291 1003 413 1087 imperii
445 1004 559 1065 milites
590 1003 765 1066 collocasse
797 1004 1016 1068 Gotlrofredus
1051 1004 1091 1067 ad
1127 1006 1173 1070 tit.
1208 1004 1277 1070 eod.

140 1107 299 1171 Theodos.
325 1107 362 1170 dc
395 1107 488 1170 terris
518 1106 688 1170 limitaneis
720 1107 763 1187 (l,
790 1109 842 1184 15)
875 1108 1013 1172 docuit12
1045 1110 1113 1171 siue
1144 1110 1279 1192 impera·

140 1218 225 1275 tores
249 1211 292 1274 illi
317 1232 429 1293 regum
446 1210 660 1273 Macedonum
683 1212 866 1295 exemplum
892 1212 1040 1275 consulto
1064 1213 1178 1275 imitati
1194 1219 1278 1294 sunt,

140 1317 207 1378 siue
231 1316 317 1379 casui
340 1315 421 1378 hacc
445 1313 618 1377 similitudo
644 1315 787 1378 debetur.
834 1317 941 1399 Atque
966 1325 1000 1378 ut
1024 1316 1065 1378 ab
1088 1315 1150 1379 illis
1179 1323 1279 1379 statu·

140 1425 207 1480 tum
240 1428 307 1497 est,
344 1439 384 1481 ne
416 1439 553 1502 unquam
583 1418 650 1501 agri
682 1419 833 1481 militibus
866 1420 1020 1502 assignati
1052 1420 1167 1502 priuati
1201 1420 1277 1483 iuris

140 1523 267 1600 fierent,
291 1523 432 1585 similiter
457 1522 513 1585 hos
538 1543 633 1606 agros
657 1523 777 1586 colonis
802 1544 864 1585 non
888 1523 919 1586 in
944 1525 1172 1608 patrimonium
1205 1523 1278 1600 dati,

139 1626 248 1689 sedin
280 1626 418 1689 dominio
451 1625 534 1708 regis
565 1625 663 1689 fuisse
695 1626 860 1699 uidentur,
891 1626 1042 1689 militibus
1074 1627 1160 1710 quasi
1191 1624 1279 1689 feudi

141 1731 223 1810 loco,
259 1737 294 1792 ut
325 1730 515 1794 Gotlrofrcdi
552 1730 656 1793 uerbis
687 1737 775 1807 utar,
806 1731 921 1793 traditi.
975 1731 1179 1815 Quapropter
1208 1752 1279 1794 cunr

140 1833 308 1917 Magnetes
324 1835 433 1896 militia
447 1855 482 1896 se
498 1832 682 1897 abdicantes
699 1835 784 1897 ciues
798 1835 963 1919 Smyrnaei
980 1837 1067 1910 fiant,
1085 1837 1153 1897 iura
1169 1855 1280 1898 eorum

136 1920 170 2000 in
194 1959 290 2020 agros
307 1938 475 2001 deficiunt:
500 1937 621 2003 colonia
645 1939 728 2001 cuim
745 1939 869 2001 militari
887 1939 1012 2002 sublata
1029 1940 1098 2021 agri
1114 1937 1154 2000 ad
1170 1960 1279 2020 regem

141 2042 286 2123 redeunt,
310 2043 400 2127 quasi
424 2040 554 2104 feudum
580 2042 812 2106 uacuefactum.

243 2146 392 2231 Denique
416 2145 455 2209 de
479 2146 639 2230 equitibus
664 2153 696 2209 et
719 2145 889 2229 peditibus,
913 2166 1046 2229 quorum
1071 2153 1280 2229 utrorumque

141 2249 269 2333 quidam
292 2252 322 2312 in
348 2250 445 2326 urbo,
478 2249 608 2334 quidam
631 2251 663 2312 in
688 2251 798 2313 eastris
829 2249 1027 2329 habitabant,
1057 2270 1125 2313 ev.
1152 2253 1209 2312 101
1235 2271 1279 2333 sq.

141 2355 201 2419 hoc
217 2354 297 2417 effici
313 2361 430 2438 potest,
454 2354 613 2437 equitibus
637 2356 758 2417 maiora
781 2375 876 2438 quam
894 2354 952 2416 illis
970 2354 1100 2417 heredia
1120 2354 1280 2436 assignata

55 2479 58 2485 ’
140 2457 247 2522 fuisse.
274 2493 311 2501 —
337 2457 458 2519 Urbani
483 2466 590 2518 autem
615 2463 647 2520 et
670 2467 848 2519 castrenses
876 2477 977 2540 aeque
1001 2478 1104 2519 rerum
1135 2456 1280 2519 coloniae

141 2561 352 2642 regendarum
376 2562 547 2644 participes
573 2568 677 2638 crant,
708 2560 833 2643 utrique
869 2561 951 2623 enirn
982 2581 1044 2623 una
1075 2566 1175 2643 agunt
1207 2581 1279 2622 cum

141 2666 325 2750 Smyrnaeis
350 2676 397 2746 tr.
425 2664 513 2746 12⁵2).

245 2768 395 2831 Ceterum
413 2767 598 2831 colonorum
614 2766 797 2849 Magnesiae
813 2768 954 2830 solorum
967 2774 1160 2851 potestatem
1173 2767 1280 2848 fuisse,

142 2874 253 2935 ceteris
277 2872 386 2934 incolis
410 2872 440 2934 in
465 2870 612 2953 regendis
637 2871 732 2934 rebus
755 2871 890 2956 publicis
915 2873 983 2934 iura
1007 2871 1109 2946 nulla,
1132 2891 1172 2933 ne
1194 2871 1280 2954 ipsos

142 2976 269 3060 quidem
292 2978 324 3038 in
350 2976 449 3040 tribus
472 2976 524 3037 uel
549 2975 675 3037 ordines
700 2973 883 3038 distributos
909 2973 1023 3049 fuisse,
1054 2994 1158 3058 neque
1183 2976 1280 3056 magi-

142 3088 259 3144 stratus
283 3080 450 3156 habuisse,
484 3101 523 3141 ex
547 3080 614 3163 ipso
639 3080 732 3141 titulo
757 3085 899 3163 apparet.
946 3077 996 3140 nd
1030 3078 1163 3141 colonos
1195 3081 1279 3142 enim

143 3184 308 3269 Smyrnaei
341 3184 466 3265 legatos
497 3185 647 3263 mittunt,
684 3183 787 3247 coloni
818 3184 914 3245 totius
939 3184 1123 3267 Magnesiae
1154 3184 1280 3247 nomine

142 3297 251 3371 agunt,
275 3289 378 3352 coloni
404 3289 484 3371 pacti
510 3288 712 3352 condiciones
738 3310 807 3351 cum
829 3288 1012 3370 Smyrnaeis
1032 3288 1238 3363 constituunt,
1263 3310 1281 3350 a

143 3393 262 3456 colonis
286 3393 451 3475 eliguntur
467 3393 525 3455 uiri
550 3394 603 3476 qui
621 3400 798 3457 ceterorum
822 3393 951 3455 nomina
974 3391 1014 3455 ad
1033 3391 1279 3476 Smyrnaeorum

143 3497 347 3578 magistratus
372 3495 518 3559 deferant
542 3494 591 3577 (ΙΙ
616 3496 632 3574 ξ
656 3494 709 3577 6),
734 3495 837 3556 coloni
861 3495 969 3578 cippos
994 3501 1132 3576 ponunt,
1165 3495 1280 3578 quibus

144 3611 270 3685 pactum
294 3600 483 3663 inscribatur
507 3598 630 3683 (gi-14).
679 3601 827 3662 Attamen
853 3608 981 3681 pactum
1006 3600 1108 3680 ipsum
1132 3600 1281 3661 conuenit

143 3704 223 3767 inter
244 3703 437 3788 Smyrnaeus
462 3727 500 3767 ex
527 3706 637 3781 altera,
663 3726 702 3766 ex
726 3704 826 3766 altera
850 3709 941 3787 parte
965 3699 1034 3777 τούς
1057 3705 1209 3777 κατοίκους
1232 3705 1280 3765 ani

144 3807 213 3884 τούς
236 3806 345 3884 ἄλλους
370 3806 506 3890 οἰκητάςε
531 3810 576 3871 ita
600 3818 634 3871 ut
658 3808 689 3870 hi
715 3808 805 3893 quasi
829 3807 860 3871 in
884 3805 1061 3890 appendice
1095 3806 1280 3870 colonorum

144 3913 213 3977 sint.
254 3912 455 3996 Quamquam
479 3913 574 3995 igitur
598 3912 636 3974 ael
662 3911 865 3974 condiciones
888 3910 1125 3974 constituendas
1149 3910 1280 3988 adhibiti

143 4037 206 4079 non
232 4025 332 4094 crant,
357 4024 462 4080 tamen
487 4037 549 4080 una
573 4016 720 4080 cumillis
743 4017 958 4099 paciscuntur,
982 4015 1060 4078 etin
1083 4014 1167 4096 pacti
1184 4016 1280 4078 uerba

249 4259 305 4310 1ΙΙ
332 4276 356 4325 p.
374 4257 427 4311 398
445 4275 505 4324 sqq.
530 4258 573 4310 ed.
599 4258 695 4309 Ritter.
733 4257 773 4308 Ol.
794 4257 883 4320 Kaira,
911 4256 1083 4309 Staodtiscbc
1111 4257 1282 4327 Vorfassnng

86 4399 92 4412 ,
146 4348 192 4399 des
212 4362 295 4399 roem.
317 4344 418 4399 Reiclrs
438 4346 449 4395 Ι
470 4362 494 4415 p.
517 4344 565 4399 139
583 4362 643 4397 curn
664 4346 731 4398 loeis
752 4345 788 4396 ibi
808 4344 908 4398 citatis.
