2956 4822
681 277 771 365 [ras]
1257 277 1299 343 ss

157 476 271 543 fecisse
304 475 465 541 uidentur.
509 465 630 538 Eorum
661 473 779 538 alteros
808 494 868 538 rex
889 474 996 559 priore
1029 471 1133 538 edicto
1164 473 1302 536 iusserat

158 582 256 646 tribus
287 580 400 645 diebus
427 579 528 643 Coum
560 578 718 662 proficisci
750 576 795 660 (u.
821 581 861 642 62
885 577 961 664 η).
1007 578 1123 663 Itaque
1157 598 1228 641 cum
1260 597 1298 640 eo

158 693 302 771 tempore
334 705 398 768 quo
422 685 483 748 hoc
514 685 649 747 alterum
679 683 818 746 edictum
842 682 964 747 editum
989 690 1053 751 est,
1084 681 1103 744 i.
1128 703 1154 744 e.
1178 681 1300 765 aliquot

157 789 320 852 mensibus
352 795 444 873 post,
473 786 609 873 proiecti
642 785 783 850 nondum
808 793 930 867 essent,
954 787 1048 850 etiarn
1073 785 1166 849 huius
1191 805 1300 849 morae

158 913 285 957 causam
320 892 436 973 fuisse,
470 890 552 975 quod
587 891 668 953 inter
699 889 793 954 Teios
830 898 861 953 et
891 889 1052 954 Lebedios
1087 887 1205 973 aliquid
1237 908 1301 951 non

157 997 370 1078 conuenisset,
388 996 570 1075 comeaeris,
588 1013 779 1079 quamquam
796 993 872 1078 quid
888 993 950 1059 hoc
965 994 1073 1074 fuerit,
1091 1015 1130 1057 ex
1144 990 1301 1076 Antigoni

159 1101 266 1165 uerbis
289 1100 373 1165 effici
397 1122 459 1163 non
483 1106 600 1184 potest.

260 1205 354 1269 Iubet
385 1206 468 1268 enim
499 1205 623 1286 legatos
653 1202 741 1280 illos,
774 1209 805 1265 et
829 1223 910 1287 quos
944 1202 985 1266 ad
1015 1203 1236 1267 aestimatores
1267 1205 1299 1264 et

158 1329 238 1394 quos
268 1307 308 1371 ad
332 1308 421 1392 leges
445 1305 650 1371 arcessendas
675 1305 754 1368 mitti
780 1306 962 1390 oportebat,
987 1306 1061 1390 eligi
1083 1305 1137 1369 ubi
1161 1304 1298 1389 primunr

156 1414 246 1497 leges
269 1411 421 1493 pristinae
439 1411 615 1492 abrogatae
638 1409 710 1471 sint.
749 1407 822 1472 Hoc
847 1408 943 1473 modo
961 1407 1089 1473 uidetur
1106 1405 1298 1491 explicanda

157 1538 227 1581 esso
243 1512 434 1598 ἀιιοψήᾳισις
450 1515 512 1591 ilia,
537 1533 618 1597 quae
635 1512 708 1596 quid
727 1512 787 1575 sibi
812 1512 888 1575 nolit
904 1513 1031 1575 minime
1047 1511 1148 1596 primo
1166 1516 1300 1594 aspectu

158 1627 310 1706 apparet,
343 1640 413 1682 cum
446 1618 605 1701 inpriore
637 1616 741 1679 edicto
774 1616 813 1679 de
837 1638 875 1680 ea
898 1618 998 1681 uerba
1027 1617 1113 1681 facta
1135 1635 1200 1681 non
1224 1614 1298 1679 sint.

157 1723 239 1786 Nam
262 1721 469 1806 α’ποψηᾳίζειν
501 1727 548 1784 est
572 1719 730 1803 suffragiis
762 1720 929 1803 abrogare.
977 1720 1056 1783 Cum
1089 1730 1195 1786 autem
1219 1726 1300 1790 haec

157 1826 324 1910 abrogatis
360 1846 432 1888 curn
464 1825 580 1908 legatis
613 1825 775 1888 mittendis
810 1824 965 1889 artissime
1001 1828 1232 1912 coniungatur,
1261 1851 1299 1894 ac

66 2015 69 2018 .
157 1932 213 1994 uix
245 1929 376 2015 cogitari
401 1931 519 2013 possit,
542 1950 605 2013 quo
629 1928 725 1991 modo
751 1913 922 1992 cohaereat
945 1950 1016 1993 cum
1040 1932 1299 1998 aestimatoribus

157 2034 326 2098 domorum
350 2034 558 2113 arcessendis,
582 2045 715 2119 apparet
738 2033 778 2096 ad
794 2032 882 2115 leges
907 2054 977 2096 eam
995 2033 1192 2100 referendam
1216 2060 1297 2105 osse.

157 2139 271 2223 Itaque
301 2140 487 2222 priusquam
519 2138 607 2222 loges
638 2137 724 2201 Coae
755 2146 1007 2219 arcesserentur,
1038 2140 1187 2223 pristinas
1210 2141 1299 2227 leges

156 2241 307 2305 Teiorum
331 2239 531 2324 abrogandas
554 2240 652 2305 fuisse
676 2240 791 2303 iudico.
830 2239 923 2314 Quod
948 2249 1055 2303 autem
1083 2242 1236 2328 suffragia
1259 2244 1298 2309 de

160 2366 197 2410 ea
219 2365 253 2408 re
276 2343 471 2421 serebantur,
496 2343 573 2407 dieis
597 2365 692 2407 causa
712 2346 819 2429 potius
835 2343 955 2406 factum
981 2365 1049 2408 osse
1065 2345 1202 2431 uidetur,
1226 2369 1297 2413 cum

158 2449 342 2534 Antigonus
366 2447 598 2512 dubitationem
622 2448 740 2511 nullam
765 2447 938 2533 relinquat,
968 2458 1075 2512 utrum
1097 2450 1186 2535 leges
1211 2449 1297 2517 Coae

158 2560 358 2618 arcessantur
382 2573 491 2617 necne.

260 2658 314 2720 Sin
339 2658 472 2740 quaeras
489 2678 543 2719 cur
566 2655 646 2719 hacc
662 2656 829 2738 abrogatis
854 2658 1063 2741 coniungatur
1086 2681 1157 2722 curn
1180 2661 1295 2743 legatis

157 2763 211 2846 qui
233 2761 274 2826 ad
290 2761 509 2825 aestimatores
526 2761 734 2824 arcessendos
757 2760 935 2842 mittuntur,
960 2763 1028 2825 eius
1044 2764 1088 2827 rai
1107 2764 1295 2848 explicatio·

156 2888 227 2929 narn
252 2865 371 2930 nullam
396 2865 502 2945 uide0,
526 2866 584 2927 nisi
610 2866 704 2927 etiam
728 2865 950 2929 aestimatores
968 2888 985 2929 a
1000 2865 1139 2930 Ooorum
1164 2867 1295 2932 ciuitate

156 2969 294 3052 eligendi
327 2976 436 3049 erant,
468 2977 665 3054 quapropter
694 2975 830 3054 utraque
863 2969 982 3053 legatio
1007 2978 1043 3033 ut
1066 2993 1130 3035 una
1152 2971 1295 3056 proficis·

107 3051 118 3075 ’
156 3081 246 3136 catur
268 3073 420 3136 statuitur
444 3072 499 3154 (cf.
523 3095 554 3157 p.
582 3071 647 3156 19).

258 3177 405 3261 Denique
428 3184 464 3239 ut
498 3177 606 3240 statim
637 3176 796 3261 eligantur
829 3178 889 3241 uiri
921 3177 974 3262 qui
1003 3178 1115 3244 domos
1145 3179 1295 3244 Lebediis

154 3281 330 3346 seeundum
343 3282 360 3362 ξ
372 3283 392 3344 2
405 3280 526 3344 dandas
538 3280 719 3365 quindecim
735 3282 848 3345 dicbus
863 3282 1071 3364 dinumerent,
1088 3285 1293 3370 praecipitur.

156 3386 247 3459 Quae
271 3408 321 3449 ros
345 3386 473 3450 uidetur
497 3387 540 3448 ita
564 3386 731 3450 efficienda
746 3387 855 3468 fuisse,
878 3395 914 3450 ut
937 3408 1001 3450 una
1024 3407 1169 3472 quaeque
1193 3388 1293 3453 tribus

154 3492 270 3573 parem·
306 3490 471 3554 domorum
508 3511 676 3553 numerum
709 3491 857 3555 Lebediis
889 3491 1097 3556 consederet:
1135 3493 1244 3577 itaque
1268 3494 1293 3556 si

153 3601 240 3658 recta
264 3594 526 3677 Waddingtonus
554 3616 682 3658 uersum
709 3597 769 3658 126
794 3596 942 3676 restituit,
966 3596 1025 3660 uiri
1049 3595 1092 3658 illi
1116 3617 1135 3660 a
1158 3597 1292 3681 singulis

153 3697 298 3762 tribubus
323 3697 489 3780 eligantur.
