2956 4822
669 294 758 379 [279]
1238 296 1275 360 41

149 489 330 552 delectaret.
362 487 560 571 Quamquam
577 493 704 570 praeter
719 487 780 549 hoc
792 486 855 551 duo
871 493 994 551 tautum
1008 491 1155 574 exempla
1168 492 1277 557 talium

149 592 180 655 in
203 592 281 656 locis
311 590 392 655 inter
419 613 453 654 se
475 591 738 676 respondentibus
764 592 990 675 repetitionum
1019 615 1059 658 ex
1088 596 1279 661 carminibus

149 694 324 759 Pindaricis
352 695 457 778 colligi
486 703 629 779 possunt.
675 695 822 780 Namque
847 696 898 763 01.
922 696 938 760 Ι
963 698 1001 759 69
1027 705 1058 760 et
1081 699 1122 760 80
1145 700 1278 764 verbum

149 798 248 881 γάμον
269 809 301 863 et
323 800 434 864 Isthm.
451 799 517 862 Vll
534 803 574 863 40
591 808 623 884 pt
638 803 679 863 50
696 800 887 864 vocabulum
904 801 1005 864 πεδίον
1027 802 1057 865 in
1075 801 1188 866 eadem
1203 803 1279 868 seda

148 905 318 989 repetitum
348 911 404 969 est.
457 905 528 979 Qua
556 907 586 970 in
618 908 838 991 exemplorum
868 908 1029 989 paucitate
1061 905 1191 970 dubium
1222 913 1279 983 est,

147 1031 224 1073 uum
251 1010 409 1075 Pindarus
438 1009 516 1074 illud
547 1011 728 1091 artificium,
762 1011 848 1096 quod
880 1012 965 1096 apud
997 1017 1108 1096 poetas
1141 1012 1279 1095 tragicos

148 1136 211 1178 nou
236 1122 305 1179 erat
326 1116 520 1196 inusitatum,
543 1116 686 1182 consulto
710 1116 913 1202 appetiverit.

252 1218 314 1283 Sed
345 1219 511 1285 redeamus
542 1220 580 1283 ad
613 1223 817 1306 propositum,
864 1218 1152 1284 AGAMEMNON
1184 1220 1280 1304 igitur

149 1323 296 1387 carminis
319 1324 444 1407 Pythici
467 1324 623 1387 undecimi
645 1327 676 1387 in
699 1345 729 1389 v.
748 1327 797 1404 17,
821 1327 891 1389 cum
909 1325 1031 1389 Orestis
1047 1345 1144 1408 supra
1158 1325 1278 1389 mentio

146 1426 231 1489 facta
253 1429 303 1507 sit,
326 1427 537 1510 appellatione
559 1426 673 1509 πατρός
696 1428 911 1509 introductus,
937 1433 1104 1512 postquam
1128 1429 1158 1491 iu
1185 1448 1212 1491 v.
1238 1430 1279 1492 20

148 1550 264 1594 nomen
289 1532 354 1595 eius
376 1531 420 1594 ita
437 1531 595 1594 redditum
612 1539 670 1608 est,
694 1541 730 1595 ut
746 1532 858 1596 umbra
873 1553 893 1595 a
908 1531 1161 1616 Clytaemnestra
1179 1552 1280 1595 uxore

148 1632 293 1697 trucidati
325 1632 555 1715 Ἀγαμεμνονία
580 1633 669 1716 ψυχά
694 1635 869 1714 diceretur,
899 1637 931 1698 ln
958 1655 985 1698 V.
1010 1637 1047 1698 31
1080 1634 1169 1698 audit
1197 1632 1279 1717 ἥρως

147 1735 315 1817 Ἀτρ113ας.
577 1812 580 1815 ¹

251 1840 319 1906 Nec
341 1841 533 1907 dissimiliter
556 1827 887 1906 BELLEROPHON
907 1842 938 1906 in
960 1842 1105 1906 carminis
1121 1841 1280 1927 Olympici

149 1945 231 2010 tertii
255 1944 369 2011 decimi
392 1965 419 2011 v.
443 1949 484 2010 59
507 1947 611 2012 verbis
635 1945 784 2030 σφετέρου
807 1944 921 2029 πατρός
951 1953 1079 2011 notatus
1112 1954 1176 2030 est,
1208 1969 1280 2012 cum

149 2048 307 2113 Glaucum
329 2069 387 2113 sua
411 2070 429 2112 a
444 2049 693 2133 Bellerophonte
715 2049 836 2133 origine
852 2069 956 2113 coram
973 2048 1092 2113 Danais
1109 2050 1279 2133 gloriatum

149 2174 220 2218 esse
249 2154 308 2217 hoc
338 2154 409 2217 laco
439 2160 534 2238 poeta
565 2153 731 2219 rettulerit.
777 2153 901 2218 Deinde
930 2162 1099 2237 postquam
1132 2154 1161 2217 in
1185 2173 1214 2218 v.
1239 2156 1279 2220 65

148 2258 290 2322 Minerva
312 2277 444 2320 auream
466 2256 551 2320 illam
575 2257 732 2321 habenam
755 2256 795 2320 ad
814 2255 974 2339 Pegasum
998 2255 1192 2320 domandum
1208 2277 1281 2340 por·

148 2368 220 2426 tans
249 2380 321 2423 eum
351 2359 485 2423 allocuta
516 2365 565 2424 est
596 2361 749 2444 „Alollas
779 2354 934 2441 daoelrffl,
966 2360 995 2422 in
1027 2380 1055 2422 v.
1080 2363 1116 2422 81
1153 2359 1281 2424 demum

148 2465 310 2550 proprium
334 2465 468 2548 legimus
492 2463 749 2549 Bellerophontis
773 2484 898 2528 nomeu.

251 2569 317 2633 Iam
342 2589 418 2634 vero
441 2570 472 2633 in
495 2569 634 2634 carmine
658 2569 825 2655 Olympico
857 2573 949 2632 sexto
982 2590 1053 2632 cum
1083 2568 1210 2631 victoris
1240 2588 1280 2631 ex

147 2673 340 2739 Iamidarum
374 2681 470 2757 gente
506 2673 685 2738 celebrandi
722 2695 818 2738 causa
854 2672 955 2737 Ialss
990 2671 1030 2736 ab
1065 2671 1215 2757 Apolline
1250 2676 1282 2734 at

147 2776 281 2842 Euadne
304 2783 391 2842 ortus
415 2777 597 2862 diligentius
621 2784 785 2842 enarratus
809 2777 858 2855 sit,
882 2784 978 2863 poeta
994 2782 1153 2842 auctorem
1172 2775 1279 2840 claria-

147 2882 218 2946 simi
240 2882 324 2945 illius
346 2883 471 2966 generis
496 2883 579 2945 inv.
604 2884 644 2946 36
671 2887 756 2946 θεοῖο
779 2879 868 2963 γόνον
890 2887 922 2947 et
950 2883 981 2946 in
1005 2901 1033 2944 v.
1058 2882 1096 2944 41
1125 2877 1280 2964 θεόφρονα

147 2991 255 3066 κοῦρον
277 2985 367 3050 dixit.
402 2984 492 3049 Idem
516 2991 683 3071 postquam
705 2987 737 3049 in
758 3005 786 3049 r.
804 2988 844 3049 43
861 2985 945 3050 nudo
963 2984 1088 3049 nomine
1104 2982 1280 3068 appellatus

149 3096 207 3169 est,
230 3090 260 3153 in
284 3110 312 3154 r.
338 3092 378 3153 57
403 3110 520 3153 novum
544 3090 609 3155 eius
634 3090 760 3172 signum
783 3089 1060 3173 deprehendimus.
1096 3086 1178 3151 Nam
1196 3088 1280 3151 τοῦτ’

148 3190 233 3274 ὄνομ’
258 3192 428 3270 ἀθάνατον,
453 3192 538 3279 quod
561 3213 674 3258 nomen
692 3192 825 3258 Euadne
849 3194 913 3258 filio
930 3215 987 3257 sno
1004 3191 1135 3257 dederat
1152 3198 1281 3276 propter

147 3298 257 3380 violas,
281 3296 394 3382 quibus
418 3303 520 3361 tectus
542 3297 692 3379 iacuerat,
717 3303 766 3362 est
788 3318 902 3362 nomen
919 3294 1032 3377 Ἴαμος.
1077 3295 1281 3360 Postremum

148 3403 178 3464 iu
203 3420 233 3468 v.
257 3404 298 3465 62
322 3401 428 3466 Iamus
451 3402 617 3486 imperium
641 3402 767 3486 aliquod
792 3409 938 3485 precatus
960 3401 1000 3464 ab
1017 3398 1167 3484 Apolline
1190 3405 1282 3483 patre

147 3505 361 3592 appellatione
384 3505 469 3583 τέκος
491 3507 593 3590 ipsum
610 3505 791 3591 Olympiam
816 3507 904 3591 sequi
927 3507 1030 3569 iussus
1048 3508 1108 3586 est,
1132 3503 1187 3567 ubi
1202 3501 1280 3565 rati·

148 3609 273 3676 cinaudi
296 3631 410 3674 munus
434 3610 520 3695 apud
544 3610 629 3674 Iovis
652 3631 740 3674 aram
763 3610 931 3674 maximam
955 3608 1124 3693 acciperet.

250 3712 374 3778 Minore
398 3734 490 3795 cura,
514 3735 573 3779 nec
596 3724 701 3778 tamen
724 3714 926 3800 paucioribus
948 3710 1160 3777 locutionibus
1183 3713 1280 3793 poeta

147 3816 325 3882 IASONIS
357 3837 473 3882 nomen
502 3818 533 3881 in
567 3819 705 3881 carmine
729 3816 864 3902 Pythice
895 3821 1007 3900 quarta
1041 3813 1192 3894 variavit,
1226 3810 1280 3874 ubi

147 3924 262 4007 legitur
295 3924 326 3985 in
357 3943 386 3987 v.
423 3926 482 3987 119
516 3920 646 3999 Ἰάσονα,
680 3944 711 3987 v.
745 3925 806 3985 123
838 3918 927 4002 γόνον
958 3917 1117 3982 κάλλιστον
1151 3913 1281 3996 ἀνδρῶν,

148 4049 178 4091 v.
204 4029 262 4090 127
287 4022 416 4102 ἀνεψιόν
444 4025 523 4104 (scil.
548 4024 730 4108 Ἀδμήτου),
761 4047 790 4089 v.
817 4026 877 4088 128
902 4020 1011 4098 Ἰάσων,
1042 4042 1072 4084 v.
1104 4021 1165 4082 132
1193 4016 1281 4099 ἀνήρ,

147 4153 177 4195 v.
205 4131 264 4194 136
294 4127 404 4205 Ἰάσων,
434 4149 463 4192 V.
496 4131 556 4192 169
589 4126 700 4206 Ἰάσιον,
733 4151 763 4194 v.
794 4130 854 4191 189
885 4124 997 4202 Ἰάσων,
1030 4144 1060 4188 V.
1085 4125 1146 4187 194
1176 4118 1280 4204 ἀρχός,

147 4254 176 4299 v.
194 4235 254 4297 217
272 4231 368 4317 captiv
386 4233 615 4310 Aioovt'd'uv,‚V.
632 4235 693 4297 229
711 4232 860 4315 βασιλεύς,
876 4228 957 4306 ὅστις
973 4226 1059 4312 ἄρχεο
1076 4224 1156 4303 ναός,
1173 4246 1202 4290 v,
1219 4226 1280 4289 232

148 4335 263 4415 lutcus,
285 4358 316 4402 v.
333 4340 394 4401 236
409 4333 517 4420 ficarola
539 4335 628 4420 ἀνήρ,
651 4360 681 4402 v.
699 4338 760 4400 239
782 4331 928 4417 καρτερόν
943 4330 1046 4415 ἄνδρα.
1093 4331 1157 4396 Ubl
1173 4349 1281 4417 quam·
