2956 4822
65 275 69 282 ’
148 317 152 329 ·
213 292 253 354 ⁷4
735 299 825 384 [170]

211 490 236 554 si
253 489 334 555 duos
350 497 474 556 tanturn
492 513 593 558 annos
609 493 829 559 Ptolemaeum
845 496 876 561 in
893 498 1100 583 peragrandis
1114 500 1204 585 regni
1217 501 1350 568 Asiatici

213 597 303 660 terris
323 598 559 681 consumpsisse
577 597 764 683 faceremus,
784 600 865 664 duos
883 623 984 666 annos
1003 605 1225 688 tranquillitati
1245 611 1277 670 et
1293 607 1350 672 Se·

211 699 293 764 leuci
315 701 512 786 expeditioni
528 703 794 780 adtribueremus,
811 714 916 771 tamen
933 706 973 770 ad
989 729 1105 774 annum
1123 710 1186 773 242
1202 712 1350 794 perueni-

212 826 328 886 remus,
351 827 414 890 quo
437 828 502 891 pax
525 807 607 871 facta
630 816 725 873 esset.
769 809 860 884 Quae
884 832 955 875 cum
979 812 1023 876 ita
1047 812 1119 892 sint,
1148 813 1255 878 facere
1285 836 1349 879 non

211 912 340 996 poteris,
353 912 430 995 quin
441 912 572 977 Eusebii
585 913 696 994 uerba,
712 914 826 998 quibus
840 912 1021 979 Orthosiam
1037 920 1083 999 (et
1094 916 1313 982 Damascum?
1324 918 1350 998 ¹)

211 1035 294 1079 anno
319 1016 413 1093 242s1
443 1017 623 1083 obsessione
645 1017 811 1083 liberatam
836 1040 907 1084 esse
931 1019 1016 1099 dicit,
1043 1018 1161 1085 referas
1184 1019 1224 1084 ad
1247 1022 1350 1106 ipsam

215 1119 456 1204 expeditionem
472 1120 595 1185 Seleuci
619 1123 649 1185 in
668 1121 787 1187 Coelen
803 1122 927 1209 Syriam
943 1125 1071 1190 factam.
1109 1124 1223 1211 Neque
1246 1125 1351 1191 minus

212 1223 335 1305 dubito,
367 1228 443 1313 quin
466 1227 529 1292 huc
559 1227 727 1292 referenda
758 1230 799 1292 sit
833 1230 934 1294 altera
966 1252 1074 1294 earum
1107 1229 1351 1315 expeditionum

213 1328 338 1396 Seleuci
361 1332 392 1396 in
421 1332 536 1418 quibus
561 1339 644 1398 teste
666 1334 759 1397 titulo
784 1332 959 1418 Smyrnaeo
992 1332 1036 1417 (x.
1060 1337 1090 1401 2.
1117 1338 1171 1416 12)
1209 1358 1248 1400 ex
1271 1336 1352 1400 Asia

212 1436 335 1501 minore
367 1436 509 1503 Taurum
541 1438 682 1521 traiecit3
714 1460 809 1524 quam
840 1441 1021 1505 memineris
1056 1448 1235 1526 susceptam
1270 1461 1351 1524 esse,

215 1561 287 1605 cum
310 1542 376 1606 eius
400 1563 450 1608 res
472 1545 504 1607 in
529 1546 693 1611 meliorem
717 1544 935 1611 condicionem
958 1546 1106 1610 redactae
1131 1551 1245 1611 essent.

316 1647 432 1713 Restat
467 1655 502 1712 ut
530 1649 679 1735 Koeppio
708 1649 935 1736 respondeam,
969 1652 1024 1735 qui
1053 1649 1235 1715 Eusebiano
1272 1657 1353 1715 tem·

212 1775 325 1838 porum
343 1752 444 1817 ordini
461 1753 583 1819 diffisus
594 1776 733 1839 pugnam
747 1757 950 1840 Ancyranam
962 1763 1036 1840 post
1049 1754 1219 1820 Orthosiae
1236 1755 1353 1820 libera·

216 1858 334 1922 tionem
352 1859 550 1923 commissam
574 1880 644 1923 esse
662 1860 786 1925 conicit.
820 1859 903 1924 Nam
920 1882 990 1924 cum
1006 1859 1091 1924 facta
1111 1859 1151 1923 sit
1172 1859 1227 1922 illa
1242 1880 1353 1944 pugna

215 1968 289 2026 ante
320 1962 444 2028 Seleuci
473 1963 712 2047 expeditionem
745 1985 841 2049 quam
871 1963 1038 2049 Babylone
1073 1968 1181 2029 contra
1210 1962 1353 2026 Parthos

215 2068 364 2152 suscepit,
378 2090 472 2153 quarn
486 2068 723 2154 expeditionem
735 2069 922 2154 Droysenus
940 2071 985 2152 (p.
997 2071 1060 2133 400
1076 2065 1165 2151 adn.)
1178 2068 1354 2133 rectissime

214 2191 298 2235 anno
322 2174 384 2235 239
409 2172 527 2253 tribuit,
549 2170 715 2257 Koeppius
739 2194 777 2239 eo
794 2172 943 2237 redactus
959 2179 1016 2254 ost,
1041 2177 1076 2236 ut
1091 2191 1203 2255 pacem
1223 2171 1352 2256 quidem

217 2279 276 2341 241
302 2277 417 2343 factam
449 2300 536 2360 esse,
569 2278 682 2342 deinde
706 2278 824 2343 bellum
847 2278 1024 2341 fraternum
1056 2276 1161 2341 denuo
1194 2278 1353 2341 exarsisse

217 2380 310 2462 dicat,
333 2383 365 2445 in
390 2404 452 2467 quo
477 2381 630 2446 Seleucus
653 2379 738 2466 apud
755 2380 915 2466 Ancyram
932 2380 1076 2444 deuictus
1092 2379 1141 2444 sit.
1179 2378 1262 2442 Tum
1278 2388 1354 2463 post

218 2484 299 2549 lranc
322 2481 445 2550 cladem
467 2487 569 2571 ipsam
594 2484 764 2550 Seleucum
789 2490 899 2548 contra
919 2482 1059 2547 Parthos
1081 2482 1260 2568 profectum
1283 2503 1355 2547 esse

217 2596 371 2654 autumat.
417 2589 490 2664 Qua
511 2589 543 2653 in
558 2611 592 2653 re
609 2590 670 2653 hoo
694 2589 807 2674 opinor
824 2587 976 2672 neglexit,
996 2585 1165 2651 Seleucum
1182 2590 1356 2670 antequam

216 2692 385 2781 Babylone
422 2698 533 2757 contra
570 2691 709 2757 Parthos
747 2692 1019 2776 proficisceretur,
1051 2688 1232 2754 necessario
1266 2688 1357 2752 Xan·

218 2798 365 2882 tlrippum
395 2818 563 2882 superasse
594 2802 626 2862 et
655 2796 868 2881 Babyloniam
899 2795 930 2858 in
960 2799 1153 2878 potestatem
1183 2813 1274 2857 suam
1306 2814 1356 2857 re·

220 2902 362 2986 degisse:
392 2900 476 2986 quod
500 2899 618 2964 lactum
650 2921 722 2965 esse
745 2907 810 2962 tam
834 2897 923 2961 breui
954 2904 1098 2982 tempore
1128 2901 1202 2982 post
1231 2894 1356 2961 cladem

218 3009 319 3090 ipsam
343 3008 375 3070 in
398 3007 477 3071 Asia
499 3007 623 3070 minore
655 3010 830 3087 acceptam,
862 3003 988 3066 minime
1018 2999 1146 3085 probari
1174 3005 1291 3084 potest.
1317 3035 1354 3047 -

220 3110 369 3176 Ceterum
394 3111 505 3195 quanti
527 3110 566 3174 ad
591 3106 828 3191 chronologiam
851 3107 964 3170 harum
986 3126 1093 3170 rerum
1116 3111 1202 3168 recte
1231 3103 1358 3168 intelle·

219 3215 355 3300 gandam
385 3214 539 3279 momenti
569 3213 608 3279 sit
638 3212 752 3277 Iustini
775 3214 827 3292 41,
846 3215 876 3291 4,
899 3208 1067 3295 Koeppius
1099 3209 1168 3294 ipse
1197 3227 1256 3271 suo
1288 3207 1358 3272 iure

218 3323 343 3386 monuit
365 3341 396 3404 p.
419 3322 482 3384 227
506 3341 553 3404 sq.

323 3422 458 3488 Accedit
475 3432 511 3487 ut
526 3443 625 3507 supra
635 3420 893 3496 commemoraui,
911 3418 994 3503 quod
1004 3418 1113 3502 paullo
1126 3422 1199 3502 post
1215 3435 1359 3498 pugnam

221 3528 426 3615 Ancyranam
461 3528 558 3593 etiam
592 3525 759 3610 Magnesia
797 3522 1013 3607 (Maeandria)
1050 3523 1083 3586 in
1120 3519 1358 3604 Aegyptiorum

220 3638 384 3720 potestate
408 3639 487 3696 erat.

322 3736 469 3820 Denique
494 3755 564 3798 cum
588 3739 661 3819 post
676 3732 763 3796 illam
778 3728 899 3794 cladem
918 3729 1088 3795 Seleucum
1113 3736 1200 3791 trans
1216 3725 1360 3790 Taurum

220 3840 341 3925 fugisse
365 3847 499 3917 constet,
521 3858 585 3901 non
608 3837 718 3901 dubito
740 3833 803 3898 huc
825 3833 943 3898 reterre
966 3832 1050 3897 tituli
1082 3831 1183 3895 uerba
1211 3826 1359 3911 npo'rrpo'r

220 3969 254 4009 τε
277 3942 348 4007 καθ’
371 3941 406 4007 ὃν
428 3938 568 4024 καιρόνό
595 3939 734 4022 βασιλεύς
758 3936 902 4012 Σέλευκος
930 3933 1115 4016 ὑπερέβαλεν
1144 3935 1186 4009 εἰς
1215 3928 1275 4014 τήν
1304 3935 1362 3996 Σε-

221 4047 342 4110 troxtrt'a
365 4045 409 4127 (v.
433 4043 480 4128 2),
504 4065 576 4108 oum
600 4063 638 4107 eo
662 4049 807 4127 tempore
831 4039 978 4104 nimirum
1001 4060 1054 4103 res
1071 4037 1206 4102 Seleuco
1229 4035 1260 4099 in
1282 4035 1362 4100 Asia

223 4151 346 4215 minore
369 4150 616 4216 aduersissimas
639 4146 767 4211 fuerint.

318 4284 339 4326 '¹
361 4290 403 4342 De
427 4305 461 4341 ea
480 4288 608 4341 Zohrabii
633 4296 660 4339 ct
679 4285 853 4337 Petermanni
877 4283 1019 4336 uersionea
1037 4281 1210 4334 Eusebianae
1234 4278 1307 4329 iuter
1333 4293 1364 4332 se

224 4374 398 4429 dissentiunt.
