2956 4822
661 290 748 374 [rer]
1231 300 1271 360 es

135 484 273 550 foederis
295 484 403 570 iniqui,
426 505 488 550 non
513 484 603 569 quasi
619 484 731 548 loedus
748 486 810 549 boc
830 491 960 569 pactum
978 495 1072 564 esset,
1094 509 1156 572 quo
1174 488 1274 553 multo

135 592 234 654 artius
247 590 411 674 Magnetes
427 610 499 653 cum
513 588 698 670 Smyrnaeis
715 589 961 672 coniunguntur,
977 590 1033 654 scd
1049 591 1094 653 ita
1109 599 1145 654 ut
1161 590 1274 656 foedus

136 695 276 778 iniquum
307 701 468 776 tamquam
491 691 689 755 fundamenti
715 691 786 756 loco
814 692 855 754 sit
886 692 1088 777 sympolitiae
1121 701 1153 755 et
1175 694 1275 776 ipsius

136 799 243 882 iniqua
267 797 450 861 condicione
474 796 589 874 initae,
617 796 735 880 qnippe
766 817 829 880 qua
853 797 1019 880 Magnesia
1052 798 1096 861 rei
1129 797 1275 883 publicae

137 901 211 979 loeo
231 921 300 965 esse
324 900 458 980 desinat,
482 900 648 984 Magnetes
674 921 782 963 omnes
803 901 878 963 iuris
903 901 1068 985 Smyrnaei
1093 901 1180 964 fiant.
1336 902 1339 907 ’

239 1002 310 1087 §sl
334 1004 379 1068 Ut
412 1003 443 1066 in
476 1005 559 1088 pacti
592 1003 692 1067 uerba
725 1004 849 1087 utrique
883 1004 998 1069 iurent.
1060 1003 1130 1077 Qua
1165 1005 1204 1068 de
1239 1026 1273 1069 re

136 1110 171 1191 ἓξ
196 1110 321 1172 11—-13
346 1108 525 1171 accuratius
549 1108 664 1189 agitur.
1260 1112 1265 1118 ’

240 1212 256 1294 ξ
280 1216 308 1275 5.
334 1212 367 1275 Si
391 1211 441 1275 cui
463 1211 494 1273 in
521 1211 604 1276 bello
630 1210 715 1296 quod
739 1212 821 1274 inter
837 1212 1029 1297 Smyrnaeus
1056 1223 1087 1278 et
1104 1214 1271 1297 Magnetes

135 1325 263 1403 gestum
286 1323 364 1391 erat,
388 1315 518 1379 alterius
542 1315 680 1379 ciuitatis
704 1315 767 1379 ciui
796 1315 908 1399 aliquis
940 1319 1092 1400 nocuerit,
1114 1313 1155 1381 'ne
1178 1317 1273 1381 liceat

136 1444 172 1487 eo
194 1421 333 1498 nomine,
358 1427 526 1502 postquam
550 1418 579 1480 in
604 1419 688 1502 pacti
712 1417 811 1482 uerba
834 1419 961 1503 utrique
991 1420 1178 1503 iurauerint,
1209 1441 1274 1484 arn·

42 1565 49 1579 ·
136 1527 217 1612 plius
242 1541 437 1610 quemqnam
461 1524 609 1608 persequi
633 1543 738 1606 neque
761 1522 878 1587 iudicio
907 1545 1012 1607 neque
1045 1525 1107 1587 alio
1136 1545 1275 1609 quocun·

137 1653 197 1716 que
221 1628 332 1693 modo:
356 1627 383 1690 si
406 1626 474 1711 quis
490 1625 578 1689 litem
594 1626 775 1707 intenderit,
799 1627 886 1690 irrita
910 1633 944 1691 nt
959 1629 1009 1691 sit.
1034 1664 1073 1672 —
1098 1627 1173 1690 Iura
1193 1648 1274 1711 quac

137 1759 154 1801 c
189 1731 405 1798 contractibus
439 1730 593 1810 oriuntur,
625 1731 772 1814 persequi
791 1753 886 1794 nemo
920 1739 1057 1797 notatur.
1113 1729 1159 1796 Cf.
1193 1752 1275 1816 quae

136 1858 232 1923 supra
254 1836 389 1921 exposui
411 1836 451 1898 ad
476 1835 559 1897 tituli
582 1834 649 1897 Teii
673 1835 690 1915 ξ
715 1837 733 1896 6
759 1858 786 1919 p.
805 1837 856 1900 26.
1119 1903 1120 1906 ¹

238 1941 255 2022 ξ
279 1939 371 2027 63111
394 1939 453 2002 bac
476 1947 567 2022 parte
590 1960 713 2002 summa
736 1940 834 2001 totius
850 1939 896 2002 rei
912 1946 1067 2003 uersatur.
1109 1938 1168 2004 Est
1189 1939 1272 2003 enirn

52 2052 56 2060 '
136 2046 232 2111 haec:
258 2052 292 2107 ut
315 2043 346 2104 in
371 2043 533 2105 ciuitatem
557 2041 805 2127 Smyrnaeorum
829 2044 1023 2126 recipiantur
1041 2043 1219 2126 Magnetes,
1243 2050 1274 2106 et

135 2149 237 2214 coloni
258 2154 289 2210 et
312 2147 454 2231 inquilini
471 2148 651 2231 quicunque
675 2146 767 2210 liberi
792 2154 823 2211 et
839 2147 953 2210 Graeci
969 2147 1040 2224 sint,
1064 2148 1132 2210 inre
1148 2148 1272 2229 integro

135 2260 167 2316 et
190 2274 292 2336 aequo
325 2272 386 2335 quo
418 2250 540 2334 pristini
574 2251 728 2336 Smyrnae
760 2251 844 2314 ciues
874 2251 1031 2315 fruantur.
1062 2290 1101 2300 —-
1136 2250 1274 2314 Nomina

136 2356 322 2420 colonorum
345 2354 386 2418 ad
410 2355 613 2439 magistratus
633 2355 824 2441 Smyrnacos
841 2355 967 2419 deferre
986 2356 1135 2419 iubentur
1151 2356 1273 2419 scribae

136 2461 322 2540 cohortium,
347 2469 526 2525 ceterorum
539 2460 713 2523 incolarum
736 2460 793 2522 uiri
818 2480 898 2544 quos
914 2459 953 2521 ad
978 2459 1059 2521 banc
1076 2481 1142 2522 rem
1166 2460 1272 2523 coloni

135 2618 447 2683 Aphrodisienses
467 2614 503 2677 (v.
523 2617 617 2679 supra)
644 2617 835 2680 imperatorum
863 2621 955 2665 notate
975 2612 1054 2675 (9896
1073 2631 1112 2681 sq.
1141 2645 1171 2655 -
1195 2613 1272 2667 9835.

236 2703 305 2755 9836
323 2724 354 2745 =
371 2703 408 2753 Le
428 2703 481 2753 Bas
508 2701 583 2754 1633.
608 2699 697 2754 98364·
723 2700 883 2753 98403116
910 2701 963 2751 Bas
991 2700 1063 2754 1637.
1092 2700 1167 2753 9849.
1195 2700 1272 2754 9843.

236 2789 312 2842 9848.
339 2789 373 2840 cl.
398 2787 474 2840 9ῖ66.
503 2787 579 2840 9778,
608 2788 684 2841 9786.
712 2787 789 2840 9789.
815 2787 890 2839 9791.
917 2786 991 2841 9814.
1038 2788 1074 2838 Le
1098 2787 1151 2837 Bes
1182 2786 1271 2839 16091.

238 2875 311 2929 1639.
331 2876 426 2928 16416.
463 2873 524 2925 010
543 2873 629 2926 ‘aeson
642 2896 672 2916 z
685 2875 721 2924 Le
743 2874 795 2925 Bas
817 2873 890 2926 1643.

136 2964 303 3014 Iascnscs
327 2967 424 3030 quarto
445 2979 469 3012 a.
491 2960 551 3012 cnr.
579 2964 689 3013 saeculo
709 2961 795 3026 (Bull.
820 2960 852 3011 do
879 2961 953 3012 Corr.
982 2960 1054 3011 Hell.
1074 2960 1097 3010 V
1118 2978 1142 3028 p.
1169 2960 1220 3013 493
1240 2983 1270 3003 =

236 3050 360 3100 Dittenb.
379 3047 447 3114 Syll.
467 3049 525 3113 77);
546 3050 587 3100 111
606 3050 618 3100 Ρ
638 3050 748 3099 soeculo
775 3047 964 3110 (9673-9675.
983 3048 1078 3112 9677);
1105 3046 1139 3097 lI.
1160 3063 1185 3098 a.
1206 3048 1269 3098 Chr.

235 3137 345 3187 soeculo
371 3134 418 3197 (ot.
444 3134 634 3199 Wnddington
664 3136 689 3186 in
710 3136 746 3187 Le
768 3136 827 3194 llas,
846 3136 911 3186 Asis
939 3135 1001 3185 urin.
1022 3151 1046 3199 p.
1074 3133 1107 3185 87
1132 3151 1172 3202 sq.
1210 3134 1270 3185 010

235 3221 346 3273 9679Ξ
358 3221 395 3271 Le
415 3222 468 3272 Bas
487 3221 549 3285 901)
568 3225 747 3290 στεφανηφόρῳ
766 3228 794 3272 et
812 3221 918 3281 scribu;
937 3224 1115 3290 στεφανηφόρῳ
1135 3226 1162 3269 et
1175 3220 1270 3290 dymno-

236 3311 300 3372 θέτη
324 3307 376 3372 (Le
402 3309 455 3358 Bas
479 3306 627 3361 rau-299:
654 3309 689 3358 cl.
714 3306 774 3358 010
799 3306 886 3370 9681).
923 3306 959 3358 11.
981 3323 1006 3372 p.
1034 3306 1096 3357 Cbr.
1124 3323 1193 3358 saec.
1222 3307 1270 3368 (Le

238 3394 290 3445 Bas
309 3392 380 3456 300)-
651 3429 654 3436 -

132 3479 340 3546 Olymenses
360 3479 542 3545 (Mylasenses
552 3481 575 3542 ?)
595 3485 686 3532 aetate
701 3480 806 3531 incerta
826 3479 875 3539 (Le
891 3478 942 3529 Bas
961 3478 1020 3530 393.
1038 3478 1097 3532 939.
1116 3476 1175 3531 338.
1195 3478 1270 3542 339).

133 3566 357 3633 Mylasenses
387 3566 416 3617 ll
447 3568 558 3619 sacculo
591 3584 615 3618 a.
648 3567 710 3617 Chr.
742 3567 932 3634 στεφανηφόρῳ,
969 3566 1062 3618 scriba
1095 3571 1222 3630 senntns,
1254 3566 1270 3615 3

241 3653 420 3705 archontibus
456 3654 504 3714 (Le
531 3654 585 3705 Bas
616 3653 694 3716 394);
726 3658 816 3705 aetate
846 3654 971 3704 Romana
1004 3654 1051 3713 (ib.
1078 3652 1139 3715 368)
1169 3668 1271 3702 summo

236 3738 380 3791 sacerdote
405 3744 432 3789 et
457 3746 642 3810 στεφανηφόρῳ.
666 3772 700 3779 -
726 3747 817 3791 netste
837 3740 942 3790 ineerta
967 3739 1029 3801 (403
1048 3736 1122 3805 [010
1146 3737 1217 3790 9963
1242 3736 1268 3802 (Ἰ
1289 3801 1294 3807 ἱ

236 3856 266 3864 -
285 3824 344 3878 409.
380 3825 473 3877 llo:
487 3826 547 3878 010
567 3826 652 3879 99636
672 3827 707 3877 ct.
727 3824 797 3889 348).

132 3910 429 3963 Stratonicenses
449 3913 462 3963 1
481 3929 506 3977 p.
526 3912 554 3962 0.
574 3913 686 3963 saeculo
706 3910 778 3970 (010
798 3910 958 3964 etlazte
979 3912 1030 3962 Bas
1049 3910 1121 3974 619).

129 3996 392 4064 (lrrlymncnses
421 3998 434 4048 l
463 3999 520 4048 sere
550 4015 574 4064 p.
604 3998 633 4048 C.
662 3999 773 4049 saeculo
803 3999 921 4050 Journal
948 4000 978 4048 ol
1005 3999 1133 4049 Hellenic
1164 3996 1272 4047 Studien

237 4083 272 4136 11.
292 4102 317 4150 p.
338 4084 396 4137 369.
419 4111 449 4118 -
469 4084 496 4135 11
515 4101 588 4137 suec.
608 4103 633 4150 p.
648 4085 676 4136 0.
691 4083 804 4136 Newton
821 4085 905 4136 inser.
919 4085 950 4135 ot
962 4085 1028 4136 Brit.
1044 4083 1111 4135 Mus.
1126 4081 1218 4133 CCCX
1232 4100 1271 4148 sq.

233 4169 377 4222 cccxlv.
415 4173 514 4221 Aetate
542 4171 645 4222 incerta
666 4171 773 4223 CCCVI
792 4173 817 4222 d.
849 4170 889 4221 Cf.
910 4171 975 4222 ibid.
995 4169 1135 4222 ccxxxi
1154 4168 1208 4230 (ΙΙΙ
1227 4168 1271 4219 uel

235 4256 263 4308 11
281 4272 354 4309 saec.
375 4274 398 4309 a.
419 4256 447 4308 0.
467 4273 493 4311 v.
512 4258 617 4323 supra).
654 4257 818 4310 0011017111
838 4274 862 4310 v.
875 4257 908 4311 64
928 4262 994 4319 (sot.
1015 4257 1090 4318 ine).

129 4341 216 4410 Syrii
242 4342 276 4396 M.
298 4345 402 4396 Aurelii
423 4346 594 4412 temporibus
613 4343 686 4407 (010
705 4344 773 4398 9347
792 4344 830 4410 k).
