2970 4814
645 323 687 335 -
733 281 821 373 [ara]
868 323 909 334 -

686 508 792 576 (ieeur
814 509 873 575 Vl.

245 631 385 697 Sorani
415 627 510 717 περὶ
540 625 696 719 φύσεως
722 623 940 717 ἀνθρώπου
968 652 1065 718 quac
1094 642 1312 720 supersunt

390 733 619 818 fragmenta
642 734 905 819 etymologici
927 736 1161 821 argumenti.
1263 782 1268 792 .

296 846 369 922 Qua
397 869 474 911 usus
508 847 569 910 sim
594 847 719 911 ratione
750 846 784 910 in
819 846 1005 911 ordinandis
1036 849 1083 913 eis
1113 847 1229 913 Sorani
1259 849 1347 936 frag-

208 945 338 1031 mentis,
362 950 478 1037 quibus
494 950 668 1015 verborum
689 950 925 1035 originationes
941 952 1204 1017 continentur-
1220 959 1348 1018 ceteros

209 1057 295 1120 euim
319 1055 456 1120 Soranei
478 1056 552 1121 libri
575 1056 748 1141 reliquias,
780 1077 863 1141 quoe
886 1057 919 1120 in
941 1056 1066 1122 Meletii
1088 1058 1210 1143 scripto
1234 1058 1348 1139 latent,

208 1142 321 1223 omitto
338 1196 389 1241 -,
413 1159 526 1245 paucis
550 1180 724 1246 exponam.

297 1260 458 1336 Quoniam
482 1261 522 1327 de
547 1262 661 1328 ordine
678 1284 774 1349 quem
791 1262 1015 1328 observaverit
1031 1262 1175 1329 Soranus
1193 1264 1225 1329 in
1242 1266 1348 1351 expli-

209 1365 321 1431 candis
351 1367 495 1453 corporis
526 1366 673 1452 partibus
707 1367 739 1431 iu
771 1366 855 1431 libro
886 1364 964 1452 περὶ
997 1361 1126 1453 φύσεως
1155 1359 1347 1453 ἀνθρώπου,

208 1471 305 1536 hodie
329 1471 408 1535 nihil
432 1471 658 1552 certissimus,
682 1470 766 1537 duae
788 1477 902 1558 patent
924 1471 997 1536 viae
1021 1471 1061 1552 ei,
1084 1472 1137 1556 qui
1161 1471 1347 1557 fragmenta

209 1575 305 1640 huius
327 1574 402 1640 libri
430 1576 685 1640 reconstruenda
714 1576 906 1663 susceperit.
951 1576 1019 1640 Aut
1042 1577 1127 1640 enim
1151 1568 1222 1642 ἀπὸ
1244 1599 1348 1665 κτηνο-

208 1678 267 1766 λῆς
288 1677 350 1757 ἕως
370 1678 484 1744 ποδοῖν
506 1679 599 1765 (Μοί.
623 1682 652 1762 3,
669 1679 702 1762 3)
727 1701 767 1745 ea
790 1681 974 1745 enumerari
997 1687 1144 1767 possunt,
1169 1687 1235 1764 aut,
1260 1681 1347 1767 quod

209 1784 307 1867 vulgo
330 1782 402 1847 fieri
424 1782 524 1862 solet,
548 1782 728 1848 secundum
751 1782 897 1849 ordinem
921 1785 1117 1849 litterarum:
1142 1805 1237 1869 quam
1262 1786 1348 1849 viam

209 1907 268 1951 nos
291 1888 429 1972 ingressi
452 1909 573 1953 sumus.
608 1888 681 1953 Hoc
700 1911 800 1954 unum
824 1898 914 1955 certo
938 1897 1075 1970 constat,
1098 1890 1257 1955 Soranum
1281 1912 1344 1956 uon

210 1990 339 2075 singula
363 1993 498 2057 seorsim
514 1992 654 2057 frustula
670 1994 853 2080 protulisse,
877 2015 988 2058 verum
1005 1994 1239 2080 originationes
1255 1995 1350 2059 unius

210 2096 421 2182 eiusdemque
453 2097 591 2162 membri
621 2100 781 2184 partium,
812 2121 897 2186 quoe
927 2100 1047 2165 artiore
1077 2098 1216 2185 quodam
1247 2101 1349 2164 conti-

209 2206 327 2265 nentur
350 2201 489 2282 vinculo,
524 2202 744 2283 coniunxisse,
775 2203 861 2290 quod
884 2205 1005 2289 optime
1028 2203 1189 2267 evincitur
1212 2202 1349 2267 articulo

209 2299 419 2393 παλαιστή
442 2304 513 2390 (Or.
541 2309 616 2384 129,
634 2305 706 2391 25),
736 2307 793 2371 ubi
818 2302 1005 2395 colatorii,
1029 2301 1144 2394 δοχμή,
1176 2302 1348 2394 σπιθαμή,

211 2401 324 2495 ὀργυιά
346 2432 375 2475 κ.
398 2433 426 2474 τ.
450 2409 478 2474 λ.
502 2411 674 2475 coniuncto
697 2411 860 2496 leguntur,
893 2418 926 2476 et
954 2412 1089 2476 articulo
1118 2405 1245 2498 κεφαλή
1276 2408 1348 2495 (Or.

211 2513 450 2598 81‚10-23)‚
490 2515 546 2578 ubi
579 2535 644 2579 uuo
677 2522 869 2580 enarrantur
898 2522 1011 2581 tenore
1038 2510 1175 2603 κεφαλή,
1211 2508 1343 2601 κελύφη,

209 2611 304 2703 κάρα,
329 2611 443 2702 aprico,
467 2613 608 2703 κρανίον.

209 2772 271 2845 περὶ
290 2763 321 2826 οὗ
344 2772 505 2842 διελάβομεν
527 2772 557 2826 ἐν
575 2774 613 2844 rqi
630 2772 692 2844 περὶ
710 2775 864 2845 σπέρματος
882 2775 963 2845 λόγῳ.
1000 2774 1070 2828 129:
1093 2773 1129 2832 ule
1146 2774 1176 2827 ἐν
1195 2774 1233 2846 rqi
1250 2780 1267 2841 β
1284 2771 1346 2844 περὶ

210 2858 375 2928 κοινοτήτων
385 2858 557 2928 ἐσελογίσθη.
584 2859 667 2914 1157:
685 2860 716 2913 ἐν
727 2863 767 2933 τῷ
778 2860 840 2934 περὶ
853 2860 1016 2931 νοσημάτων
1026 2860 1108 2931 τόπῳ.
1130 2861 1201 2915 132:
1220 2858 1348 2931 καθάπερ

211 2946 241 2999 ἐν
258 2947 297 3018 τῷ
314 2945 426 3016 ὑγιεινῷ
444 2944 489 2997 did
507 2944 641 2999 πλειόνων
658 2941 857 3012 ἀποδέδεικται,
875 2948 933 3016 (cfr.
953 2947 1031 3017 140).
1059 2947 1144 3001 1128:
1164 2935 1202 2999 aiv
1220 2945 1350 2999 ἁπάντων

210 3031 261 3102 την
279 3031 414 3089 ἐπιδέξιον
430 3034 531 3106 χρῆσιν
548 3033 579 3087 ἐν
595 3034 651 3094 τοῖς
662 3032 724 3103 περὶ
737 3034 922 3103 βοηθημάτων
933 3034 1130 3105 ὑπομνήμασιν
1143 3033 1348 3104 ἐφωδεύκιιμεν.

211 3120 301 3173 1125:
320 3117 365 3171 καὶ
383 3118 430 3171 decl
448 3120 526 3172 τοῦτο
543 3118 574 3172 ἐν
592 3120 648 3179 τοῖς
665 3115 739 3178 ὀξέσι
756 3120 805 3173 τόν
822 3119 907 3172 πολῠν
924 3119 986 3191 περὶ
999 3117 1082 3190 αὐτῆς
1094 3120 1177 3189 λόγον
1189 3118 1348 3190 §porsina-

210 3224 264 3276 μεν
286 3206 345 3273 (cir.
363 3205 459 3274 1158);
483 3206 560 3260 alibi.
597 3206 771 3275 Quamquam
797 3210 891 3261 autem
910 3207 1000 3261 tribus
1018 3207 1086 3262 locis
1105 3208 1142 3276 (p.
1159 3208 1184 3261 8.
1201 3207 1240 3259 19.
1253 3206 1287 3259 93
1305 3204 1349 3259 ed.

212 3292 362 3359 Ermerins)
382 3293 566 3362 etymologias
579 3294 685 3362 profert
702 3293 832 3359 Soranus,
853 3297 947 3349 tamen
965 3312 1100 3363 nusquam
1118 3293 1193 3347 illius
1209 3291 1274 3346 libri
1286 3289 1349 3364 περὶ

212 3379 321 3451 φύσεως
340 3375 488 3451 ἀνθρώπου
500 3379 671 3434 mentionem
689 3379 765 3445 facit,
783 3380 813 3434 in
832 3398 887 3450 quo
906 3398 1000 3436 omues
1019 3380 1141 3450 corporis
1152 3378 1267 3433 humani
1286 3395 1350 3449 par·

211 3467 283 3521 tium
308 3466 510 3536 originationes
534 3466 656 3535 collegit.
693 3466 733 3520 Ex
758 3484 813 3536 quo
837 3470 886 3522 tuo
910 3468 971 3522 iure
995 3466 1142 3537 suspiceris
1166 3483 1198 3519 eo
1216 3468 1349 3533 tempore,

212 3572 268 3622 quo
291 3552 352 3626 περὶ
376 3553 539 3623 γυναικείων
564 3555 663 3612 ποθῶν
685 3552 797 3623 scripsit
821 3553 954 3616 Soranus,
984 3552 1046 3624 περὶ
1068 3552 1178 3625 φύσεως
1201 3547 1350 3622 ἀνθρώπου

211 3640 313 3694 librum
331 3639 455 3693 nondum
469 3640 552 3694 luisse
572 3639 767 3710 couscriptum.
793 3639 846 3705 Qui
865 3657 925 3694 cum
945 3639 1001 3694 iarn
1020 3642 1086 3693 unte
1100 3655 1185 3708 quam
1197 3640 1349 3692 tractatum

211 3725 273 3799 περὶ
296 3727 460 3795 γυναικείων
482 3728 582 3778 παθῶν
604 3725 711 3795 publici
739 3725 807 3780 iuris
834 3727 950 3791 laceret,
977 3729 1039 3781 octo
1062 3725 1210 3779 minimum
1238 3723 1350 3793 scripta,

212 3830 284 3882 quae
309 3813 338 3866 in
362 3813 434 3868 libro
460 3831 487 3865 π.
512 3832 538 3881 γ.
563 3831 591 3865 τι.
614 3812 773 3875 laudantur,
796 3812 994 3876 elaboraverit,
1021 3812 1133 3866 videtur
1159 3811 1260 3865 librum
1288 3808 1350 3880 περὶ

212 3900 321 3970 φύσεως
339 3896 487 3971 ἀνθρώπου
499 3898 671 3968 provectiore
686 3897 796 3951 demum
812 3901 906 3952 uetute
922 3898 1123 3967 conscripsisse.
1143 3896 1266 3963 Quocum
1280 3895 1350 3949 bene

211 3986 283 4041 illud
301 3986 429 4054 quadrat,
447 3984 521 4053 quod
540 3987 584 4038 tot
601 3983 706 4052 scripta
721 3982 901 4051 antiquorum
914 3983 1158 4052 grammaticorum
1177 3981 1256 4036 novit
1274 3983 1303 4033 et
1321 3980 1351 4033 in

212 4072 315 4126 littoris
332 4071 439 4141 graecis
454 4088 510 4124 non
527 4069 703 4124 mediocriter
714 4072 853 4123 versatum
867 4086 925 4122 sese
938 4071 1071 4138 praestat.
1100 4066 1203 4134 Quodsi
1217 4066 1350 4121 hariolari

212 4158 309 4226 liccat,
328 4158 417 4227 possit
434 4156 573 4226 quispiam
596 4156 632 4210 ud
650 4172 711 4208 eam
729 4155 828 4209 adduci
849 4154 1023 4224 opinionem,
1043 4154 1177 4207 Soranum
1197 4152 1248 4205 sub
1268 4152 1349 4205 linem

212 4244 288 4299 vitae
315 4243 414 4297 medici
443 4242 540 4296 ollieiis
569 4241 732 4312 postpositis
761 4244 853 4295 totum
878 4258 907 4294 se
931 4240 985 4294 arti
1010 4238 1209 4309 grammaticae
1233 4237 1350 4291 dedisse.
