2954 4822
298 858 476 946 Ohoeplr
503 849 729 937 7897-793-
746 861 935 929 scr-830

554 966 620 1095 πρὸ
643 971 680 1051 δὲ
685 969 742 1063 δὴ
763 966 959 1057 χθροῖνυν

554 1071 611 1143 τὸν
633 1072 760 1143 ἔσωθεν
780 1034 1053 1163 nemeen-Ze&

466 1178 468 1181 ’
555 1179 665 1261 θὲς,’
649 1176 724 1248 επεί
738 1177 795 1247 νιν
815 1176 961 1268 μίγαν”
939 1207 1021 1269 αρας

349 1279 471 1368 nicena
493 1272 550 1350 καί
573 1285 697 1371 τριπλᾶ
719 1281 933 1369 παλίμποινα
955 1283 1065 1350 θέλων
1087 1277 1235 1369 ἀμείψει.
1330 1315 1376 1355 rer

247 1699 366 1765 Int
310 1720 352 1764 en
353 1700 514 1787 tietrophe
536 1699 600 1764 duo
622 1702 730 1766 ultimi
750 1723 865 1767 verens
887 1644 926 1796 lri
945 1708 1034 1766 eunt:

442 1827 498 1868 ·’
608 1817 735 1907 πατρὸς
757 1817 848 1909 ἔργῳ,
861 1816 1022 1945 θροοίοᾳ

246 1918 331 2009 πρὸς
347 1921 391 2004 σί,
408 1921 527 2006 τέκνον,
551 1918 679 2011 πατρὸς
692 1918 807 2006 αὐδὰν,
829 1923 886 1991 καί
902 1921 1067 2012 περαίνων
1081 1919 1275 2011 ἒπίμομφον
1290 1916 1381 2006 iiras,

247 2216 372 2282 Neutra
400 2218 513 2284 harum
544 2220 719 2285 formarum
750 2222 893 2305 genuina
921 2219 1051 2285 videtur
1079 2241 1159 2284 esse.
1204 2218 1384 2285 ¹Sententia

247 2322 361 2387 horum
391 2325 534 2389 locorum
563 2324 663 2390 dubia
690 2346 756 2390 non
785 2332 850 2405 est,
882 2346 965 2411 quae
992 2325 1027 2389 in
1057 2324 1191 2410 strophe
1213 2323 1295 2388 haec
1319 2330 1382 2388 eet:

246 2427 418 2512 dupliciter
447 2435 480 2492 et
508 2428 679 2514 tripliciter
709 2430 768 2493 tibi
791 2429 934 2494 libenter
965 2428 1093 2503 reddet;
1123 2429 1155 2493 in
1179 2428 1384 2513 antistrophe

245 2529 341 2608 haec:
365 2530 558 2608 reclamans,
583 2532 627 2598 mi
642 2530 699 2609 fili,
723 2533 815 2616 operi
830 2532 932 2618 petris
948 2537 982 2596 et
998 2532 1039 2613 ei,
1063 2531 1119 2616 qui
1144 2531 1246 2619 patrie
1270 2551 1383 2597 vocem

247 2639 280 2725 te
308 2631 720 2720 audirefeeitspe‘rficias
739 2634 853 2700 liram
885 2635 1029 2700 caedem.
1082 2634 1198 2720 Itaque
1225 2635 1297 2699 loco
1326 2633 1383 2698 de-

249 2742 380 2890 sperato
404 2737 473 2801 fere
496 2737 557 2803 hoc
581 2746 677 2826 pecto
699 2741 843 2809 succurri
868 2760 966 2828 posse
990 2739 1131 2806 conieci:
1154 2740 1187 2805 in
1212 2738 1361 2824 strophe:

318 2853 487 2924 δισσὰ
510 2857 567 2924 καὶ
590 2860 714 2947 τριπλᾶ
737 2856 950 2944 παλίμποινα
972 2857 1081 2927 θέλων
1103 2853 1252 2946 ἀμείψει.

248 3025 365 3151 (irena
381 3063 438 3130 καί
460 3066 584 3151 τριπλα
606 3069 757 3154 legitur
748 3090 782 3132 rn
804 3068 1029 3154 Lycophronis
1049 3010 1241 3133 Alexandra
1267 3086 1296 3129 v.
1317 3056 1384 3148 695,

248 3170 281 3233 in
305 3170 523 3257 antistropha:
1381 3198 1382 3207 ¹

558 3272 685 3364 πατρὸς
706 3273 797 3365 ἔργῳ,
819 3271 947 3360 πατρὸς
969 3268 1071 3341 αὐδὰν

352 3376 437 3467 πρός
458 3403 495 3448 οε
517 3376 678 3469 θροούσᾳ,
701 3379 758 3446 καί
781 3375 945 3465 περαίνων
966 3375 1163 3467 ἕπίμομφον,
1183 3372 1274 3445 ίίταν.

248 3649 299 3714 De
317 3651 466 3716 clausule
485 3694 657 3719 ......
680 3650 765 3733 infre
786 3671 818 3736 p.
842 3631 880 3714 81
907 3649 1008 3714 verbe
1029 3647 1181 3714 faciende
1203 3653 1307 3713 erunt.

292 3782 312 3812 ³
334 3761 408 3828 Duo
433 3763 616 3850 exempla
608 3783 642 3826 in
664 3761 857 3847 fragmentis
880 3761 1037 3846 Aeschyli
1056 3759 1184 3824 inveni:

645 3899 682 3965 fr.
706 3902 748 3964 66
772 3898 822 3965 ed
841 3897 997 4008 Dindcrl
1079 3894 1082 3897 “

713 4004 780 4077 ενθ

403 4114 461 4182 ἐπὶ
484 4116 643 4199 δοσμαῖοι
665 4115 741 4182 τεοῦ

405 4215 532 4307 πατρὸς
549 4213 811 4308 Ἡφαιστοτοκὲς
