3030 4816
681 340 771 423 [395]
1258 345 1298 404 49

263 534 327 596 Pro
348 532 512 617 aphaeresi
530 531 702 596 secundum
718 531 913 596 Ahrensium
931 531 1027 595 orasis
1043 532 1215 614 statuenda
1231 540 1297 598 est:

262 677 289 718 a.
322 661 410 738 post
433 654 654 718 articulum:
680 652 697 733 ἦ
722 653 832 716 'hirom
857 651 954 738 Soph.
978 653 1055 715 Ant.
1077 656 1138 716 389
1161 683 1202 706 =
1226 653 1298 735 ἡπί-

327 784 392 821 ι·οια
415 764 473 821 eto.

263 862 292 926 b.
326 872 410 946 post
442 860 667 925 relatiuum:
702 859 726 923 di
755 859 963 944 ’φυτεύσαμεν
997 861 1036 926 Ο.
1068 860 1107 926 R.
1143 863 1224 925 1504
1256 889 1297 913 =

330 963 551 1058 uigerrreriouprer
576 974 635 1029 ele.

262 1091 287 1133 c.
327 1079 420 1153 posi
443 1074 504 1154 μήτ
526 1066 572 1150 μή
596 1068 640 1130 ’πί
661 1070 735 1131 Am.
762 1070 841 1131 1061
867 1097 909 1119 =
931 1067 1016 1150 μήπί
1036 1075 1095 1130 otc.

262 1190 290 1254 d.
325 1200 414 1274 post
435 1188 471 1275 ἥῐ
497 1187 513 1271 ἢ
539 1188 651 1273 'moires‘
673 1189 725 1253 Αἰ.
751 1192 808 1253 751
836 1217 876 1240 =
901 1185 1025 1271 ἢφάνην
1049 1194 1109 1252 ete.

262 1334 287 1375 e.
325 1320 415 1396 post
437 1310 474 1397 ἥς
502 1306 519 1394 ἦ
543 1310 727 1394 'rotgericorte
750 1311 833 1374 Phil.
856 1312 920 1374 369
945 1339 984 1362 =
1017 1308 1213 1394 η’τολμήσατε
1238 1317 1297 1372 etc.

263 1433 283 1496 f.
323 1441 409 1518 post
432 1429 506 1512 ἐγώτ
541 1431 601 1511 ἐγώ
632 1430 744 1515 ’privpv
774 1431 811 1496 Ο.
836 1430 870 1495 C.
895 1435 957 1495 454
983 1460 1023 1482 =
1047 1427 1210 1513 ἰγώφᾰνην
1237 1436 1296 1493 etc.

328 1575 366 1583 -
397 1538 546 1599 Attamen
583 1546 689 1598 seruat
723 1535 910 1619 aphaeresin
942 1536 1026 1598 idem
1056 1534 1234 1598 Ahrensius
1264 1533 1295 1595 in

327 1642 479 1724 exemplis
511 1639 597 1719 eripui
629 1637 767 1719 ’ξελὲγξαι
800 1639 877 1704 Eur.
911 1639 934 1702 l.
966 1638 1002 1702 Τ.
1036 1641 1109 1703 953.
1162 1634 1246 1718 κάγώ
1270 1636 1297 1698 ’ν

326 1744 464 1829 τοσούτῳ
489 1744 588 1807 Arist.
612 1743 670 1827 Eq.
695 1744 758 1805 420
782 1751 842 1808 etc.

260 1871 290 1932 g.
325 1849 414 1911 Idem
438 1869 611 1930 pronomen
641 1843 719 1926 ὲγιό
750 1867 823 1909 suo
855 1847 978 1911 uerbo
1011 1847 1296 1932 postpositum

328 1973 385 2037 per
409 1952 509 2015 crasin
533 1973 604 2014 curn
635 1972 673 2014 eo
704 1953 788 2015 coire
821 1951 991 2014 arbitratur
1022 1950 1108 2036 apud
1140 1949 1294 2032 tragicos:

325 2054 473 2136 tlarrbyur',
496 2052 710 2136 yaroyooprhyui,
735 2052 857 2136 ἔχώγιό,
880 2056 949 2118 sim.

261 2176 355 2268 Certe
371 2174 627 2258 adstipulandum
646 2182 693 2237 est
709 2175 868 2238 Ahrensio
889 2176 1040 2239 iudicanti
1060 2175 1158 2237 orasin
1178 2172 1295 2256 aphae-

157 2282 219 2344 resi
242 2279 486 2364 praeferendam
511 2301 589 2355 esse,
613 2279 794 2364 ubicunque
818 2286 952 2364 utraque
974 2281 1073 2342 statui
1096 2299 1191 2362 posse
1207 2277 1293 2340 uide·

157 2391 245 2455 atur;
270 2406 375 2468 neque
401 2393 506 2447 tamen
530 2383 660 2445 modum
682 2390 789 2446 seruat
811 2384 842 2446 in
859 2383 1071 2447 emendando.
1110 2381 1224 2446 Omnia
1239 2380 1294 2443 illa

158 2488 314 2572 exempla,
338 2510 421 2573 quae
437 2488 612 2551 Ahrensius
637 2489 716 2551 crasi
734 2489 853 2570 tribuit,
879 2488 992 2550 eodem
1008 2487 1076 2549 iuro
1092 2494 1188 2570 atque
1211 2485 1292 2548 adeo

156 2593 287 2655 meliore
308 2614 364 2676 per
394 2592 580 2675 aphaeresin
614 2592 707 2653 scribi
740 2600 883 2673 possunt.
929 2590 1011 2653 Nam
1046 2591 1070 2652 si
1106 2588 1293 2673 aphaeresin

155 2697 338 2777 statuimus,
371 2696 408 2759 ad
442 2717 540 2758 unum
573 2697 678 2757 omnia
712 2695 772 2757 hac
805 2697 926 2758 ratione
959 2694 1112 2777 explicari
1147 2696 1291 2776 possunt;

157 2799 331 2863 Ahrensius
356 2820 431 2862 uero
460 2800 586 2883 saepius
618 2800 823 2881 exceptiones
854 2798 1024 2860 admittere
1056 2795 1170 2876 debet,
1202 2796 1293 2859 uelut

155 2901 241 2983 ahyto*
271 2901 412 2983 ’ξελέγξαι
436 2901 532 2979 dedit,
565 2923 627 2964 non
660 2899 886 2981 κιίγώξελέγξαι.
933 2900 1040 2974 Quare
1073 2921 1133 2983 ego
1166 2899 1293 2984 quidem

155 3009 271 3087 omnia,
295 3028 376 3090 quae
400 3006 576 3069 Aluensius
598 3007 629 3068 in
652 3006 714 3068 fine
736 3005 832 3068 libelli
856 3027 913 3090 per
937 3006 1039 3070 crasin
1068 3003 1162 3070 scribi
1193 3004 1292 3084 iubet,

156 3109 304 3193 exempla
327 3109 494 3193 aphaeresi
518 3088 665 3172 t'ribuam.

259 3231 289 3293 A
313 3252 461 3315 prosae
485 3231 693 3294 orationis
719 3230 1002 3314 scriptoribus
1026 3229 1209 3312 aphaeresis
1226 3227 1293 3292 lere

156 3336 260 3399 aliena
283 3341 341 3414 est,
366 3335 391 3397 si
408 3336 576 3398 recesseris
593 3357 611 3397 a
627 3335 784 3399 uocabulo
801 3334 911 3409 ἐκεῖνος
927 3342 959 3397 et
975 3333 1014 3395 ab
1031 3330 1094 3413 ἐγώ
1111 3331 1293 3415 pronomine

156 3439 314 3502 rarissime
336 3446 407 3522 post
430 3435 452 3520 ἦ
475 3438 667 3523 particulam
690 3446 722 3501 et
745 3460 843 3502 uoces
866 3439 898 3500 iu
922 3461 957 3518 -η
981 3442 1035 3498 aut
1062 3434 1294 3520 diphthongum

155 3551 309 3606 exeuntes
326 3542 495 3605 collocato.
533 3541 649 3614 Qualia
666 3543 718 3605 nel
734 3549 807 3624 post
823 3543 936 3605 breues
954 3540 1082 3603 uooalcs
1098 3538 1292 3603 Kuehnerus

157 3645 304 3723 admittit,
328 3646 410 3707 male
432 3665 504 3707 mea
528 3644 653 3728 quidem
678 3646 846 3709 sententia.

257 3747 415 3833 Exempla
438 3745 585 3812 ‘elisionis
607 3748 762 3812 inuersae'
785 3748 869 3832 apud
887 3758 1034 3811 auctores
1051 3745 1206 3832 pedestris
1225 3766 1293 3808 ora·

155 3854 246 3917 lionis
269 3859 342 3916 sunt
366 3851 463 3916 bueo:
486 3849 506 3933 ἢ
531 3851 642 3929 ’κείνως
665 3854 748 3916 Plat.
764 3853 827 3936 Rp.
844 3853 878 3916 ll
901 3874 953 3936 pg.
970 3853 1032 3915 370
1049 3871 1077 3914 a.
1096 3845 1170 3930 -ἢ
1192 3848 1294 3924 ’κεῖνος

153 3956 195 4022 id.
221 3955 319 4041 Soph.
345 3958 406 4019 258
432 3977 458 4020 c.
483 3992 523 4001 —
546 3952 566 4038 ἢ
591 3955 699 4031 ’κείνας
723 3957 821 4019 lsoor.
846 3955 928 4018 Phil.
953 3958 1003 4030 89,
1021 3957 1071 4019 36.
1099 3992 1135 4001 -
1153 3950 1172 4034 ἦ
1193 3951 1294 4014 ’κεῖνοι

153 4060 193 4124 de
216 4060 290 4122 Pac.
314 4058 331 4137 ἓ
358 4062 426 4122 115.
450 4059 542 4122 Dein.
568 4059 640 4124 (lor.
663 4060 680 4139 ξ
707 4063 776 4124 178.
803 4096 840 4104 -
866 4056 886 4141 ἢ
910 4055 1008 4144 ’κείνῳ
1032 4057 1074 4121 id.
1099 4056 1158 4119 Ph.
1182 4053 1203 4116 α’
1226 4055 1242 4135 ξ
1263 4058 1293 4119 4.

155 4198 193 4207 -
217 4159 239 4245 ἢ
269 4162 374 4224 ’κείνου
405 4161 488 4224 Xon.
522 4159 624 4226 Gonu.
648 4165 677 4239 4,
704 4165 752 4224 12.
780 4198 815 4205 -
848 4159 927 4242 αὕτη
957 4161 1048 4241 ’κείνη
1079 4159 1161 4223 Plat.
1191 4158 1253 4242 Rp.
1277 4158 1294 4221 I

154 4269 215 4330 337
241 4288 269 4330 a.
294 4303 334 4313 -
358 4274 417 4327 παῖ
437 4266 544 4329 ’aar'rov
567 4266 649 4329 Plat.
672 4266 757 4329 Phil.
783 4268 822 4329 36
848 4264 877 4329 d.
924 4265 1004 4328 Post
1026 4264 1153 4326 uocales
1180 4263 1294 4326 breues

154 4369 346 4434 Kuehnerus
369 4369 555 4453 aphaeresin
571 4371 683 4433 statuit
699 4371 730 4432 iu
752 4372 818 4448 περὶ
835 4370 950 4432 ’κείνων
965 4368 1047 4432 Plat.
1065 4366 1166 4450 Gorg.
1183 4369 1246 4432 r's‘tb
1266 4386 1304 4442 a„
