2954 4822
250 249 290 313 aa
684 283 726 295 -
773 242 861 334 [ιιι]
909 282 948 293 -

248 442 294 506 At
323 441 461 506 fortasse
506 439 636 505 omnino
665 438 806 505 alienum
834 444 886 504 est
911 440 973 504 hoo
1001 438 1219 524 fragmentum
1252 435 1293 501 ab
1322 434 1387 503 illis

248 547 359 610 metris
383 552 481 631 atque
505 545 552 609 sie
574 545 682 631 potius
706 543 930 609 dividendum:

606 690 622 699 -
635 675 743 700 ....
750 671 1042 715 ὐυ-.,υυ--,

249 753 289 817 de
313 774 376 839 qua
398 752 501 818 forma
523 752 608 817 infra
630 752 735 818 dioam
760 752 800 817 ad
823 752 941 817 Aesoh.
966 751 1075 816 Prom.
1095 753 1273 816 128-135.

334 926 488 991 Fortasse
521 926 584 990 huo
616 927 758 1013 pertinet
781 925 930 990 Tunnsrrs
958 945 1086 1010 quoque
1112 924 1331 1009 fragmentum
1357 929 1387 1006 5,

251 1031 337 1117 quod
360 1032 406 1095 ita
428 1031 549 1115 legitur
572 1032 605 1094 iu
628 1030 733 1095 libris:

404 1136 536 1219 Πρῶτοι
561 1129 654 1221 παρὰ
677 1135 843 1223 κρατῆρας
860 1125 1021 1197 Ἑλλάνων
1043 1128 1076 1195 ἐν
1098 1119 1212 1208 αὖλοῖς

402 1236 587 1305 συνοπαδοὶ
610 1233 771 1317 Πέλοπος
792 1232 917 1322 ματρὸς
939 1231 1050 1320 ὀρείας

407 1337 548 1429 Φρύγιον
570 1336 685 1408 ιἰἐισαν
707 1335 822 1425 νόμον·

401 1444 454 1511 τοὶ
477 1444 512 1511 δ’
528 1439 711 1534 ὀξυφώνοις
733 1441 902 1533 πηκτίδων
925 1442 1075 1527 ψαλμοῖς
1098 1438 1209 1527 κρέκον

401 1545 531 1616 Λύδιον
554 1545 663 1634 ὕμνον.
1230 1569 1234 1584 ·

247 1997 404 2083 Epitritos
431 1998 491 2062 hos
520 2020 633 2063 versus
662 2019 735 2064 esse
761 1999 865 2063 voluit
893 1998 1053 2061 Christius
1081 1997 1225 2060 Metrik¹
1255 2017 1286 2080 p.
1315 1998 1389 2079 166,

247 2108 280 2167 at
303 2104 420 2167 melius
444 2104 489 2167 siu
512 2104 765 2189 coniunguntur,
788 2111 825 2167 ut
848 2104 970 2189 primus
994 2125 1106 2166 versus
1131 2107 1205 2186 post
1229 2098 1384 2178 Πέλοπος

247 2207 386 2288 finiatur,
411 2208 574 2272 secundus
597 2215 672 2293 post
695 2202 809 2291 νόμον;

248 2644 441 2709 quamquam
476 2623 720 2686 eoncedendum
747 2631 797 2685 est
821 2631 949 2707 poetam
979 2643 1082 2706 paene
1114 2622 1272 2704 migrasse
1304 2620 1384 2682 fines

248 2726 494 2808 licentiarum.¹)

334 2898 384 2962 Ex
409 2920 582 2964 ‹rouruonuu
606 2920 793 2965 renarrans
817 2900 899 2964 haeo
922 2900 1048 2963 notavi:

669 3020 798 3085 Cannam
822 3022 859 3085 fr.
888 3023 959 3084 172:

246 3126 365 3218 ι’ίνδρας
397 3134 520 3221 σοφοδς
551 3129 610 3222 χρὴ
639 3127 678 3197 τὸ
711 3128 819 3217 παρὸν
852 3135 988 3219 πρᾶγμα
1022 3132 1129 3209 καλῶς
1162 3126 1209 3209 εἰς
1244 3125 1382 3212 δύναμιν

1118 3231 1297 3300 τίθεσθαι·

246 3429 301 3492 ubi
324 3469 576 3506 .........
605 3429 637 3491 in
667 3429 757 3491 initio
789 3449 903 3492 versus
933 3428 1069 3512 legitur,
1103 3436 1299 3511 quamquam
1333 3423 1380 3486 in-

247 3538 371 3596 uentum
396 3539 456 3614 est,
480 3554 556 3596 num
580 3532 707 3598 initium
731 3532 792 3597 hoo
814 3534 912 3597 fuerit
935 3532 1098 3616 strophae.

332 3637 486 3701 Fortasse
520 3637 619 3699 otiam
649 3636 824 3720 fragmenti
855 3641 917 3699 240
946 3636 1068 3722 primns
1105 3655 1219 3698 versus
1248 3632 1297 3695 his
1324 3631 1380 3695 ad-

246 3740 466 3804 numerandus
491 3744 557 3803 est:
968 3723 970 3728 λ
1303 3754 1305 3758 “

317 3855 434 3938 στάσις
456 3857 570 3924 δὲκαὶ
594 3855 813 3948 πρεσβυγενὴς
835 3853 960 3944 Κρόνος
983 3851 1153 3947 ἀλλήλοισι
1176 3855 1319 3944 μιγέντες

247 3981 304 4045 sed
341 4004 412 4046 omn
446 3989 549 4046 totum
580 3982 797 4066 fragmentum
832 3977 919 4045 vario
953 3981 1047 4045 modo
1079 3980 1236 4065 explieari
1267 3979 1380 4063 possit,

246 4083 379 4148 dubium
403 4091 462 4165 ost,
486 4108 562 4151 num
585 4094 675 4150 reete
698 4086 760 4148 hoo
784 4086 856 4149 looo
880 4091 1162 4150 commemoretur.

318 4243 336 4306 ¹)
357 4241 524 4307 Bernhardy.
545 4240 649 4309 grieoh.
670 4239 985 4307 Littoraturgesehiohte
1005 4240 1039 4299 ΙΙ,
1060 4241 1098 4292 1²
1117 4257 1143 4308 p.
1162 4238 1219 4292 757.
