2970 4814
198 270 240 334 οε
631 266 896 356 -μω-

285 456 352 526 221
378 453 521 546 σπληντ
546 447 617 525 οἷον
632 452 728 544 σπήν,
752 452 846 543 παρὰ
862 451 900 523 τὸ
916 455 1135 524 ἐπισπᾶσθαι
1158 453 1205 537 εἰς
1220 453 1337 525 ἑαυτὸν

198 558 240 629 τὰ
265 561 491 651 φαυλισθέντα
513 565 577 629 τῶν
599 557 710 649 ῦχρών.
755 562 833 629 Mel.
861 565 992 642 103‚13.
1038 563 1094 629 Or.
1114 567 1184 646 143,
1198 567 1248 628 27.

286 675 357 743 222
381 670 578 763 σταφυλήε
616 697 646 741 v.
671 669 789 759 στόμα.

287 778 357 848 223
381 777 566 866 στέρφοςε
600 775 750 866 σημαίνει
772 774 810 845 τὸ
834 776 952 865 δέρμα,
981 775 1075 863 παρὰ
1097 775 1155 867 τὴν
1177 768 1337 868 στρυφνά-

198 909 280 969 τητα
302 880 359 948 καὶ
381 878 584 970 πυκνότητα·
597 876 628 969 ἢ
649 877 742 967 παρὰ
758 877 796 948 τὸ
815 880 939 970 ε’ρέφειν
954 880 1010 948 καὶ
1026 880 1160 950 σκέπειν
1174 878 1213 950 τὸ
1229 885 1336 968 σῶμα,

200 983 315 1075 ἔρεφος
342 985 398 1052 καὶ
422 985 577 1073 στέρεφος
599 984 656 1051 καὶ
679 983 831 1074 στέρφος·
863 983 895 1052 οὶ
919 982 1069 1073 δὲπαρά
1092 981 1130 1053 τὸ
1154 986 1294 1075 στέφειν,
1319 983 1339 1054 ὅ

199 1090 268 1157 ἐστι
286 1085 475 1186 σκεπάζειν,
506 1088 626 1177 στέφος
651 1087 708 1154 καὶ
731 1090 930 1179 πλεονασμῷ
957 1092 1015 1157 τοῦ
1027 1095 1062 1176 Ιρ
1084 1088 1234 1180 στέρφος.
1281 1093 1336 1159 Or.

202 1192 666 1276 mmmmmm

286 1298 359 1368 224
381 1296 558 1384 στίρνονε
592 1319 622 1363 v.
646 1299 780 1385 στῆθος.
1101 1382 1102 1386 ¹

286 1404 357 1474 225
380 1406 545 1492 στῆθοςτ
577 1402 703 1490 λέγεται
732 1402 789 1470 καὶ
821 1402 951 1497 στέρνον
978 1403 1035 1470 καὶ
1069 1401 1199 1489 θώραξ,
1228 1403 1259 1473 εἰ
1281 1403 1339 1472 καί

200 1533 283 1588 τινες
312 1508 494 1594 διαιροῦσιν
520 1501 613 1574 αῦτά.
659 1505 815 1593 στέρνον
836 1505 903 1591 μέν,
934 1502 1051 1575 διὰτὸ
1075 1503 1204 1594 στερεόν
1214 1511 1247 1592 ¹),
1279 1508 1337 1575 καὶ

200 1615 351 1701 στῆθος
373 1607 466 1698 παρὰ
487 1609 525 1679 τὸ
549 1605 638 1693 αῦτό,
663 1607 714 1678 δτι
735 1610 866 1700 ἕστηκεν
880 1605 1075 1679 ἀσάλευτον·
1099 1606 1191 1679 δλλοι
1214 1612 1259 1695 δέ,
1284 1609 1336 1680 δτι

200 1714 233 1782 ἓν
255 1710 344 1804 αῦτηῦ
365 1712 403 1784 τὸ
427 1712 616 1804 ἡγεμονικὸν
637 1715 782 1805 ἕστηκεν·
806 1714 842 1796 ἐξ
865 1703 903 1781 οῦ
925 1714 982 1781 καὶ

526 1833 681 1919 ,,στεῦται’
702 1862 753 1916 τις
774 1832 925 1925 λωβῆσαί
948 1842 1015 1917 σε“,

201 1949 272 2024 οἷον
300 1957 332 2024 ἓν
362 1962 433 2037 τοῖς
460 1954 599 2046 στήθεσι
623 1955 804 2025 διανοεῖταί
833 1984 884 2037 τις
907 1952 1063 2047 ἀδικῆσαι
1090 1954 1111 2046 ἢ
1131 1954 1262 2045 βλάψαι
1286 1982 1338 2027 σε·

200 2057 245 2143 ὡς
266 2060 323 2129 καί
347 2057 431 2149 παρ’
451 2056 586 2150 ’Ὁμήρῳ

243 2186 388 2272 ,στῆθος
410 2182 445 2249 δὲ
468 2178 597 2272 πλήξας
619 2179 753 2270 κραδίην
775 2175 926 2271 ἠνίπαπε
947 2177 1069 2269 μῦθην“
1093 2182 1168 2265 (Od.
1192 2209 1210 2248 v
1237 2185 1306 2269 17)·

201 2301 221 2395 ἢ
252 2301 303 2373 δτι
332 2299 372 2372 δι’
399 2298 499 2371 αῦτοῦ
527 2299 547 2391 ἢ
568 2300 710 2392 πλησίον
737 2297 838 2369 αὐτοῦ
863 2299 905 2369 τὰ
934 2300 1025 2369 σιτία
1049 2304 1239 2384 διωθεῖται,
1268 2295 1339 2371 οἷον

203 2407 410 2494 σιτίωθοςλ).
463 2403 602 2492 θώραξ
624 2406 676 2488 δέ,
707 2397 777 2473 οἷον
799 2400 883 2492 ώρδς
910 2406 966 2473 καὶ
990 2403 1098 2496 φύλαξ
1119 2409 1178 2473 τοῦ
1200 2410 1337 2494 θερμοῦ,

204 2509 223 2601 ἢ
245 2515 303 2602 τῆς
325 2506 462 2599 ὀροάσης
488 2505 560 2598 ἤτοι
584 2506 740 2599 πηδώσης
761 2508 914 2596 καρδίας·
943 2505 1043 2598 ἢτοῦ
1067 2508 1162 2577 θείου
1186 2509 1242 2576 καὶ
1264 2515 1338 2600 ἡμε-

205 2620 342 2703 μονικοῦ
369 2618 427 2704 τῆς
451 2616 569 2703 ψυχῆς,
598 2616 657 2680 τοῦ
679 2617 832 2699 θυμικοῦ,
864 2606 1110 2701 οἶονθυώραξ·
1144 2609 1165 2703 ἢ
1187 2608 1339 2682 ἀπὸτοῦ

205 2723 274 2787 πᾶν
296 2722 434 2807 πρᾶχμα
456 2723 623 2785 κινεῖσθαι
650 2714 707 2785 διά
732 2721 791 2785 τοῦ
813 2717 1043 2805 περιεχομένου
1065 2714 1172 2786 τόπου
1195 2712 1262 2785 ῦπό
1284 2721 1342 2807 τῆς

204 2822 353 2910 καρδίας,
384 2826 576 2912 ἡγεμονικοῦ
605 2817 711 2905 ὄντος,
747 2815 818 2890 οἷον
848 2819 1027 2909 θεώραξθ).
1088 2817 1204 2909 θώραξ
1236 2813 1292 2890 οῦν
1323 2825 1341 2890 ὁ
1412 2873 1416 2883 .

206 2924 353 3008 δεκτικὸς
374 2930 432 3017 τῆς
445 2930 568 3016 τροφῆς
582 2922 695 3009 τόπος,
721 2921 776 3016 ἀφ’
802 2915 840 2994 οὗ
862 2926 918 2993 καὶ
940 2922 978 2994 τὸ
995 2922 1085 2993 οἴνου
1100 2923 1341 3012 ἐμπίπλασθαι

205 3029 426 3122 θωρήξασθαι
450 3031 597 3119 λέγομεν·
620 3031 677 3099 καὶ
695 3026 917 3119 Ἱπποκράτης
939 3032 1139 3119 (Aphorism.
1164 3031 1197 3095 ΙΙ
1221 3031 1276 3115 21)

539 3149 714 3237 ,,λοιμόν*)
738 3147 883 3239 θώρηξις
904 3147 1004 3232 λάει“,

205 3272 263 3364 την
299 3269 511 3341 πολυποσίαν
544 3272 659 3359 λέγων·
698 3266 742 3352 ὡς
779 3272 835 3339 καὶ
872 3266 1014 3356 ἀλλαχοῦ
1048 3270 1213 3357 Πίνδαρος
1243 3273 1341 3340 διθυ-

205 3375 380 3468 εᾶμδεν**)

238 3493 366 3587 ,ἀλόχῳ
389 3496 473 3564 ποτὲ
495 3494 683 3584 θωρηχθεὶς
705 3494 832 3578 ἐπεῖχεν
854 3490 1009 3585 ἀλλοτρίᾳ
1035 3491 1185 3584 (Ὠαρίων
1193 3498 1242 3581 ?)“
1250 3499 1320 3580 ***)

594 3601 724 3686 (fragm.
750 3603 790 3663 72
812 3601 950 3686 Bergk).

206 3719 323 3810 θώραξ
345 3721 459 3789 δὲκαὶ
482 3717 520 3788 τὸ
544 3716 647 3787 ὅπλον
667 3723 880 3808 μετωνυμικῷ
902 3716 1030 3811 τρόπφ·
1056 3716 1100 3802 ὡς
1122 3721 1179 3787 καὶ
1196 3717 1342 3809 Ὅμηρος

325 3847 413 3929 ,πῦρ
436 3845 526 3911 δαῖεν
548 3837 618 3912 άπὸ
641 3840 759 3933 κρατός
780 3869 816 3911 τε
838 3843 895 3910 καί
918 3839 1036 3930 ώμων“
1059 3844 1113 3933 (Il.
1137 3848 1167 3910 Ε
1188 3845 1232 3931 7),

338 4034 469 4102 Hippocr.
487 4031 575 4103 λιμόν.

295 4037 308 4065 ι

283 4037 322 4188 **))
340 4120 515 4175 scn'bendum
534 4122 587 4174 est:
612 4119 791 4191 διθυράμβων
808 4119 915 4192 πρώτῳ,
933 4120 981 4176 cfr.
1000 4121 1043 4175 Et.
1061 4121 1098 4175 M.
1116 4120 1176 4185 460,
1188 4122 1230 4175 35.

270 4208 323 4274 m)
343 4207 392 4262 cfr.
410 4207 505 4261 adnot.
523 4205 637 4277 Bergkii
656 4207 692 4262 αδ
711 4207 826 4263 Pindari
845 4208 944 4278 fragm.
963 4208 1004 4262 72.
