2956 4822
276 1302 359 1366 Aata
382 1304 508 1387 publiea
532 1303 657 1369 Graeoa
680 1305 718 1367 ad
744 1305 899 1369 ineundos
931 1305 1146 1388 synoeeismos
1169 1312 1202 1369 et
1224 1325 1306 1389 sym·

171 1407 298 1490 politias
326 1407 515 1493 pertinentia
538 1427 621 1492 quaa
636 1409 667 1470 in
685 1408 840 1493 lapidibus
860 1417 989 1473 seruata
1011 1414 1093 1489 suut,
1116 1429 1186 1471 eum
1210 1409 1306 1473 intor-

172 1513 289 1596 pretari
327 1512 402 1574 milri
441 1511 676 1596 proposuerim,
715 1533 833 1597 operae
871 1512 1006 1598 pretium
1044 1511 1112 1575 fore
1151 1511 1306 1590 existimo,

171 1622 340 1700 antequam
371 1615 411 1679 ad
436 1615 545 1681 titulos
567 1616 653 1700 ipsos
676 1617 857 1698 aggrediar,
884 1617 1022 1680 breuiter
1045 1637 1218 1700 exponere,
1243 1637 1306 1701 qua

170 1722 202 1784 in
225 1742 259 1783 re
284 1721 422 1784 maxime
458 1723 594 1804 positam
625 1742 695 1785 esse
727 1722 865 1786 iudicem
897 1722 1086 1807 synoeoismi
1117 1731 1150 1785 st
1178 1741 1305 1806 sympo-

171 1825 257 1888 litiae
280 1825 353 1887 uim.
400 1823 471 1897 Qua
495 1823 534 1888 de
564 1845 597 1888 re
620 1825 713 1908 plura
743 1824 893 1888 disseruit
916 1846 1039 1889 summa
1071 1824 1251 1889 eruditione
1274 1831 1306 1888 et

172 1927 334 2010 diligentia
370 1928 523 1991 Aemilius
556 1927 694 2006 Kuhn¹;
729 1948 920 2013 quamquam
954 1935 1028 1993 suut
1063 1949 1146 2013 quae
1175 1929 1215 1991 ab
1246 1927 1306 1992 hoo

172 2032 240 2096 uiro
258 2031 440 2095 doctissimo
458 2037 520 2095 tam
539 2032 656 2096 reotius
678 2054 774 2117 quam
791 2034 904 2097 elarius
921 2033 1069 2117 exposita
1093 2053 1162 2096 esse
1178 2031 1305 2096 uellem.

274 2133 356 2199 Nam
381 2156 452 2198 oum
485 2135 614 2219 ineipiat
642 2136 709 2200 fere
742 2136 871 2202 historia
894 2137 1017 2201 Graeca
1040 2159 1059 2201 a
1082 2137 1158 2200 satis
1188 2156 1304 2220 magno

172 2259 304 2303 numero
336 2239 514 2302 ciuitatium
545 2239 626 2302 inter
657 2260 691 2303 se
720 2260 850 2324 prorsus
874 2246 1112 2325 separatarum,
1136 2260 1173 2302 eo
1197 2246 1304 2303 autem

174 2350 327 2426 tempore,
343 2363 405 2425 quo
423 2341 556 2406 Graecia
573 2364 592 2406 a
608 2342 761 2407 Romanis
779 2343 904 2406 deuicta
922 2351 978 2421 est,
991 2343 1119 2406 interra
1134 2342 1306 2407 continenti

173 2444 322 2530 Europae
345 2466 408 2508 aon
432 2447 503 2528 plus
528 2467 623 2531 qaam
640 2467 757 2512 nouem
781 2469 831 2510 res
854 2447 1000 2532 publicae
1022 2446 1140 2510 liberae
1163 2446 1304 2510 Graeoae

173 2548 388 2626 inueniuntur,
413 2548 496 2613 baud
514 2549 607 2614 facile
625 2549 792 2634 diligenter
808 2550 846 2613 de
864 2550 923 2614 haa
939 2572 972 2614 re
989 2556 1176 2634 quaerentes
1192 2548 1304 2631 fugiat,

173 2653 261 2715 nulla
284 2651 346 2715 alia
368 2659 540 2715 retentam
563 2675 668 2716 rerum
685 2654 930 2717 immutationem
949 2653 1095 2718 effaetam
1117 2673 1187 2716 esse
1210 2673 1305 2738 quam

173 2756 377 2840 synoeoismis
402 2765 434 2819 et
457 2757 648 2841 sympolitiis
672 2758 754 2821 inter
778 2757 918 2840 singulas
943 2757 1088 2822 ciuitates
1112 2756 1303 2822 ooustitutis.

176 2859 296 2933 Quodsi
321 2861 391 2945 quis
415 2860 511 2924 altius
536 2871 715 2944 temporum
737 2862 919 2926 memoriam
943 2870 1155 2946 persequatur
1171 2868 1203 2924 et
1217 2861 1303 2925 unde

174 2971 263 3027 ortae
296 2964 358 3026 sint
386 2964 460 3028 illae
492 2984 572 3048 quae
602 2965 632 3027 in
664 2965 739 3049 ipsis
773 2963 924 3030 historiae
952 2965 1096 3030 Graecas
1126 2965 1303 3049 originibus

172 3067 263 3132 nobis
298 3078 468 3133 occurrunt
501 3070 649 3134 ciuitates
685 3071 844 3154 requirat,
879 3070 973 3135 etiam
998 3068 1110 3134 harum
1134 3069 1304 3133 maximam

172 3180 293 3257 partem
318 3173 521 3256 synoeoismis
544 3172 687 3238 conditas
712 3194 783 3237 esse
804 3173 954 3238 inueniet.

276 3277 511 3360 Antiquissimis
527 3278 611 3342 enim
628 3276 825 3363 temporibus
842 3277 983 3341 Graecos
999 3298 1104 3362 neque
1125 3277 1156 3339 in
1173 3274 1305 3339 urbibus

173 3378 333 3444 habitasse
356 3402 459 3466 neque
482 3382 513 3446 in
544 3381 689 3446 ciuitates
713 3381 911 3446 contributos
934 3380 1054 3462 fuisse,
1088 3382 1170 3446 inter
1194 3400 1304 3445 omnes

172 3483 238 3548 iere
272 3485 414 3548 homines
450 3484 559 3550 doctos
594 3486 656 3548 iam
680 3478 815 3550 constat.
861 3484 925 3549 Sed
957 3485 1084 3550 uicatim
1107 3484 1303 3562 habitabant,

172 3587 266 3651 nullis
299 3587 367 3651 fere
398 3589 458 3652 nisi
490 3588 652 3672 religionis
688 3589 820 3653 uinculis
855 3588 1023 3653 ooniunoti.
1079 3587 1199 3652 Postea
1232 3606 1303 3650 oum

171 3699 284 3774 gentes
311 3691 470 3754 incurias
501 3698 532 3757 et
555 3692 655 3755 tribas
689 3713 723 3756 se
747 3692 1004 3770 coniunxissent,
1037 3690 1178 3777 pagatim
1201 3709 1304 3773 noque

278 3937 285 3971 ¹
311 3923 388 3987 llbar
412 3934 455 3987 dia
486 3935 656 4001 Entstabung
685 3934 733 3986 dar
758 3931 855 3986 Stridte
881 3932 1042 3985 derauso.
1090 3931 1199 3996 Lipsiae
1231 3928 1303 3983 1878.

171 4020 211 4071 cr.
231 4020 311 4071 earam
338 4020 378 4073 w.
402 4021 529 4085 visensi,
555 4009 630 4072 baar
657 4021 700 4072 ure
728 4021 846 4087 aaruung
872 4036 925 4071 von
950 4020 1062 4070 stanton
1098 4019 1152 4068 unu
1180 4017 1302 4068 nrrnasn.

171 4106 229 4156 Sor.
250 4107 312 4157 mia.
333 4105 415 4159 1308
430 4137 436 4140 -
450 4107 508 4159 381.
545 4106 579 4157 K.
598 4107 626 4158 F,
646 4106 793 4165 Hermann,
814 4107 853 4157 lla
872 4104 993 4172 syntalia
1010 4104 1038 4154 in
1056 4103 1116 4153 iure
1135 4101 1301 4153 Graaoorum

171 4191 290 4257 publico.
317 4190 377 4244 Ind.
403 4192 488 4244 solsol.
517 4191 641 4259 Gotting.
662 4191 736 4245 1853.
809 4190 902 4244 llustal
930 4189 964 4241 da
989 4188 1161 4256 Coulaagaa‚
1187 4186 1228 4239 La
1247 4183 1303 4241 aira

171 4277 292 4345 antique.
329 4279 397 4330 livre
415 4278 451 4330 11.
471 4278 522 4331 ΙΙΙ.
