2962 4800
246 1278 438 1342 Graecorum
462 1276 643 1341 sacerdotes
666 1299 736 1340 curn
767 1277 841 1342 inde
874 1278 913 1340 ab
938 1277 1162 1362 antiquissimis
1194 1285 1274 1342 tem·

145 1381 273 1466 poribus
303 1388 359 1445 aut
388 1402 430 1444 ex
460 1382 554 1444 certis
583 1383 731 1464 gentibus
762 1388 817 1445 aut
838 1381 989 1466 suffragio
1022 1388 1077 1446 aut
1108 1383 1273 1447 sortitione

144 1486 309 1551 constituti
341 1487 415 1567 sint,
449 1487 502 1568 qui
534 1508 574 1548 ex
600 1486 647 1549 his
670 1485 852 1549 sacerdotes
883 1484 1011 1550 creandi
1042 1486 1144 1549 modis
1167 1492 1273 1551 aetate

148 1591 267 1674 primns
283 1589 389 1671 luerit,
413 1587 540 1653 difficile
563 1595 610 1653 est
633 1588 813 1653 diiudicatu.

250 1696 357 1779 Atque
372 1694 531 1777 gentilicia
556 1691 685 1777 quidem
701 1693 880 1758 sacerdotia
896 1695 958 1759 late
977 1702 1154 1778 propagata
1170 1714 1274 1778 neque

146 1819 278 1883 numero
315 1799 431 1882 exigua
467 1797 565 1861 fuisse
602 1805 735 1861 constat.
792 1797 902 1861 Veluti
940 1796 1024 1884 apud
1061 1797 1275 1863 Athenienses

146 1902 216 1986 quis
239 1911 286 1965 est
309 1903 362 1985 qui
393 1904 519 1985 ignoret
553 1901 805 1984 Centriadarum,
837 1901 1101 1987 Hesychidarum,
1131 1899 1277 1986 Phytali·

148 2004 258 2069 darum
280 2013 392 2088 gentes
420 2005 470 2068 vel
499 2005 666 2091 Corycum,
701 2006 754 2090 qui
787 2005 1007 2089 hieroceryces
1041 2011 1072 2067 et
1105 2004 1276 2087 daduchos,

147 2107 420 2192 Eumolpidarum,
458 2111 511 2194 qui
549 2110 784 2194 hierophantas,
820 2108 1095 2173 Eteobutadarnm
1130 2108 1277 2194 denique,

147 2213 199 2296 qui
246 2212 405 2277 Minervae
451 2213 591 2276 Poliadis
637 2215 853 2297 praebuerunt
897 2212 1100 2277 sacerdotes?
1163 2211 1277 2296 Neque

149 2317 252 2380 minus
276 2319 426 2381 memoria
457 2316 552 2400 digna
576 2326 624 2381 est
647 2316 877 2403 Cinyradarum
899 2337 976 2399 gens
1001 2315 1131 2402 Cypria,
1155 2315 1278 2379 Milesia

151 2419 412 2499 Branchidarum,
447 2422 599 2505 equibus
622 2422 779 2505 Apollinis
814 2420 993 2485 sacerdotes
1027 2420 1090 2504 legi
1123 2419 1278 2483 solebant.

150 2523 272 2596 Quibus
295 2525 478 2590 sacerdotiis
500 2525 695 2588 illustrandis
720 2547 790 2588 cum
814 2525 873 2599 alii,
896 2525 949 2608 qui
973 2531 1153 2607 supersunt,
1176 2544 1280 2588 sacar·

149 2628 257 2691 dotum
281 2627 398 2693 indices
421 2637 486 2691 turn
511 2628 839 2693 Halicarnassensium
863 2627 1002 2712 Neptuni
1030 2627 1154 2691 lsthmii
1177 2647 1279 2690 sacer·

150 2732 260 2798 dotum
282 2740 417 2796 stemma
441 2734 572 2796 maximi
595 2734 745 2796 momenti
770 2740 827 2796 est.
866 2731 935 2795 Nec
958 2753 1032 2796 vero
1057 2729 1278 2814 antiquissimis

150 2845 273 2901 tantum
311 2836 505 2920 temporibus
542 2837 701 2918 gentilicia
739 2836 909 2900 constituta
944 2857 1014 2901 esse
1049 2835 1280 2915 sacerdotia-c

150 2942 250 3006 titulis
275 2940 462 3025 quibusdam
485 2948 591 3004 aetate
610 2941 833 3006 recentioribus
850 2940 1016 3023 colligitur.
1041 2938 1089 3003 Of.
1106 2961 1133 3005 e.
1150 2962 1180 3023 g.
1196 2939 1280 3003 Rev.

149 3046 233 3108 arch.
269 3046 349 3107 1845
384 3066 415 3129 p.
449 3047 510 3108 209
546 3042 746 3129 (Gythiumlt
792 3046 841 3109 aci
871 3039 945 3106 alum
975 3041 1086 3119 αὐτούς
1113 3042 1202 3123 ἱερεῖς
1226 3047 1282 3105 τοῦ

148 3146 336 3223 Ἀπόλλωνος
358 3150 405 3209 καὶ
429 3144 569 3229 ἐγγόνους
591 3146 695 3210 αὐτῶν
724 3146 770 3210 ἀεὶ
802 3143 849 3209 διὰ
880 3148 957 3228 βίου,
991 3149 1039 3210 καὶ
1073 3142 1146 3210 siras
1178 3144 1281 3220 αὐτοῖς

148 3249 184 3314 roi
209 3254 291 3331 τίμια
314 3254 362 3313 καὶ
385 3250 588 3335 φιλάνθρωπα
611 3249 708 3314 πάντα
732 3248 790 3314 ὅσα
812 3255 861 3314 καὶ
882 3258 944 3326 τοῖς
959 3247 1059 3325 ἄλλοις
1075 3249 1204 3328 ἱερεῦσιν
1218 3253 1281 3324 τοῖς

147 3353 223 3418 κατά
251 3354 335 3436 γένος
357 3353 498 3438 ὑπάρχει,
526 3358 573 3418 aui
596 3357 674 3437 ἔχειν
696 3353 808 3431 αὐτούς
831 3352 886 3418 roir
908 3353 1044 3429 ἐξουσίαν
1067 3356 1121 3418 τοῦ
1143 3378 1176 3416 τε
1198 3351 1281 3435 ἱεροῦ

147 3462 196 3522 καὶ
219 3464 275 3521 τοῦ
298 3460 375 3520 θεοῦ
399 3463 446 3520 καὶ
470 3462 533 3522 τῶν
555 3456 617 3521 sind
641 3461 694 3521 τοῦ
717 3457 800 3538 iecori
823 3457 951 3520 πάντων.

250 3578 374 3642 Deinde
413 3579 565 3663 suffragio
604 3580 788 3643 sacerdotes
826 3581 1000 3664 antiquitus
1035 3581 1100 3664 legi
1137 3577 1280 3661 potuisse

150 3683 284 3747 Homeri
323 3686 501 3748 testimonio
533 3684 704 3768 probatur,
743 3685 781 3748 cl.
814 3682 904 3747 Iliad.
939 3682 986 3746 VI
1017 3686 1096 3748 300:
1137 3679 1192 3764 την
1223 3676 1281 3762 γάρ

154 3791 259 3869 Τρῶες
290 3790 405 3870 ἔθηκαν
441 3785 611 3871 Ἀθηναίης
647 3786 764 3869 ἱέρειαν.
815 3787 909 3853 Adde
943 3787 1130 3852 scholiastae
1166 3783 1281 3849 codicis

148 3892 264 3956 Veneti
290 3891 440 3955 Marciani
474 3895 535 3956 453
560 3892 819 3976 explicationem:
852 3890 923 3956 odra
954 3888 1128 3976 κληρωτοὺς
1154 3885 1225 3952 οὔτε
1247 3885 1280 3950 ἐκ

148 3993 250 4075 γένους
280 3994 418 4074 βούλεται
450 3992 520 4071 τούς
551 3994 641 4075 ἱερεῖς
673 3991 758 4072 εἶναι,
793 4001 862 4059 crica
894 3993 994 4083 ψήφῳ
1027 3994 1098 4072 ἑνός,
1133 3990 1198 4056 ἀλλ’
1229 3987 1281 4066 οὓς

147 4099 266 4182 πλῆθος
289 4095 498 4182 ψηφιζόμενον
521 4098 626 4162 ἕλοιτο.
672 4098 770 4164 Cuius
799 4100 926 4182 generis
956 4098 1136 4163 sacerdotia
1168 4102 1201 4160 et
1232 4094 1280 4159 in¹

153 4227 357 4237 ψ

253 4291 261 4324 ¹
282 4290 317 4343 ol.
336 4289 363 4341 Ο.
383 4289 404 4342 Ι.
423 4289 455 4342 G.
475 4308 501 4342 n.
519 4288 588 4344 2270
606 4308 630 4342 v.
650 4290 697 4345 18:
715 4293 822 4359 αἱρεθεὶς
839 4290 892 4346 ὖπδ
910 4299 960 4346 τοῦ
978 4292 1066 4362 δήμου.
1094 4308 1119 4344 n.
1136 4290 1186 4345 434
1204 4304 1230 4339 V·
1248 4287 1279 4341 3:

150 4371 207 4428 αὖτέ
221 4397 253 4448 με
272 4378 432 4446 Κεπροπίδαι
452 4383 516 4447 Δηοῖ
534 4387 612 4430 θέσαν
630 4377 777 4455 ἱερὸφαντιν.

1208 4455 1251 4515 ᾖ
