2956 4822
187 292 227 354 aa
339 366 343 374 ¹
639 343 650 370 ,
708 287 796 370 [aec]

187 483 269 546 sulto
294 481 341 544 nsi
365 501 518 545 essenon
543 479 700 560 videntur,
724 499 792 542 curu
816 480 847 543 in
870 479 1058 564 fragmentis
1081 480 1206 565 saepius
1231 480 1316 544 idem

186 607 301 651 nomen
331 585 499 670 perpaucis
529 590 651 647 tantum
684 583 823 650 versibus
855 584 1116 649 interiacentibus
1144 584 1316 668 repetitum

186 692 236 755 sit.
280 690 331 754 lta
355 689 471 772 legitur

289 792 373 879 apud
403 792 576 877 Tyrtaeum
605 789 773 874 fragmenti
803 793 905 876 quarti
936 791 1002 869 (ed.
1026 788 1148 874 Bergk)
1178 792 1212 854 in
1238 813 1270 855 v.
1297 793 1313 853 1

188 898 320 977 Φοίβου,
351 917 379 960 v.
406 898 443 958 10
469 898 581 976 Φοῖβος
604 902 635 958 et
657 895 826 979 fragmenti
849 896 950 979 quinti
973 894 1084 958 decimi
1107 895 1317 978 paroemiacis

187 1001 352 1086 compositi
374 1002 407 1061 in
430 1019 458 1062 v.
486 1003 497 1061 1
527 996 680 1079 Σπάρτας,
704 1021 733 1064 v.
758 1001 776 1062 6
801 1003 839 1086 τᾷ
863 998 989 1088 Σπάρτᾳ
998 1027 1007 1074 ;

289 1103 374 1188 apud
398 1103 620 1165 Mimnermum
650 1102 818 1186 fragmenti
848 1103 1028 1166 duodecimi
1058 1103 1089 1165 in
1120 1125 1148 1166 v.
1178 1102 1197 1163 3
1222 1100 1317 1180 Ἠώς,

186 1231 217 1275 v.
243 1211 283 1273 10
306 1204 408 1283 Ἡώς;

287 1312 319 1374 in
352 1308 567 1393 Theognideis
597 1328 624 1371 v.
649 1311 707 1372 511
747 1307 935 1389 Micipsam,
969 1330 999 1373 v.
1031 1311 1093 1372 514
1126 1306 1314 1390 KladproS’3

187 1439 216 1481 v.
242 1416 303 1480 702
327 1411 463 1497 Σισύφου
478 1412 640 1488 Αἰολίδαο,
663 1433 691 1476 v.
710 1415 767 1474 711
788 1412 922 1495 Σίσυφος
946 1410 1041 1496 ἥρως
1065 1435 1094 1477 v.
1113 1415 1193 1478 1275
1212 1409 1317 1493 Ἔρως,

187 1543 216 1585 v.
241 1521 322 1583 1277
340 1514 450 1597 Ἔρως

288 1621 374 1706 apud
407 1619 534 1684 Critiam
567 1618 735 1701 fragmenti
767 1619 858 1703 primi
890 1621 921 1683 in
953 1640 981 1685 v.
1016 1625 1029 1684 1
1064 1625 1204 1703 Σικελῆς,
1233 1643 1263 1686 r.
1295 1623 1315 1685 3

188 1723 328 1807 Σικελὸςς

290 1827 374 1912 apud
392 1827 559 1890 Platonem
577 1827 746 1910 fragmenti
761 1826 884 1911 septimi
901 1827 933 1890 iu
950 1851 980 1891 v.
997 1831 1016 1890 3
1030 1829 1125 1904 Δίων,
1141 1851 1170 1892 v.
1187 1829 1316 1892 6Δί1ον.

289 1933 327 1996 In
349 1951 411 1995 uno
433 1931 488 1992 illo
504 1929 681 1993 Mimnermi
698 1930 877 2013 fragmento
895 1929 1083 1997 duodecimo
1101 1932 1182 1995 Solis
1197 1953 1316 1995 nomen

186 2037 231 2101 ica
254 2034 409 2098 variatum
432 2040 497 2113 est,
520 2033 610 2096 utin
634 2053 663 2097 V.
691 2031 858 2110 1,Ἡέλιος,
888 2035 919 2098 in
944 2055 973 2099 v,
998 2037 1034 2097 ll
1059 2033 1229 2117 Ὑπερίονος
1251 2033 1317 2111 υἱός

187 2139 352 2202 diceretur.

290 2241 390 2304 Multo
423 2240 522 2322 magis
553 2240 584 2302 in
617 2239 747 2303 dubium
781 2242 883 2319 veuit,
917 2249 1023 2305 utrum
1054 2247 1169 2324 poetae
1201 2242 1327 2321 chorici,

187 2344 318 2409 eandem
349 2345 380 2406 in
412 2342 589 2406 nominibus
617 2344 751 2428 propriis
784 2346 940 2409 variandis
972 2346 1126 2409 rationem
1159 2354 1190 2409 ct
1221 2347 1316 2430 viam,

186 2456 283 2532 atque
324 2445 499 2527 Pindarus,
552 2448 708 2511 tenuerint
753 2469 863 2513 necue.
928 2451 1035 2532 Atque
1085 2449 1315 2533 antiquioribus

187 2552 313 2636 quidem
335 2551 438 2634 poetis
461 2550 602 2630 choricis,
625 2552 652 2615 si
675 2574 714 2615 ex
739 2553 904 2637 perpaucis
926 2552 1111 2636 fragmentis
1127 2553 1316 2619 concludere

187 2655 279 2733 licet,
309 2652 385 2717 illud
417 2653 546 2718 Pindari
575 2655 738 2719 artificium
769 2657 912 2739 ignotum
942 2656 1037 2720 fuisse
1068 2663 1316 2731 cousentaneum

187 2764 245 2821 est.
290 2757 372 2821 Saue
394 2757 527 2822 Alcman
552 2760 583 2822 in
615 2759 793 2844 fragmento
824 2761 879 2824 illo
910 2760 1056 2824 carminis
1079 2761 1241 2824 Parthenii
1274 2782 1315 2825 ex
1341 2836 1342 2840 ¹

186 2861 386 2945 Aegyptiace
420 2862 566 2945 sepulcro
600 2885 703 2947 nuper
735 2864 766 2928 iu
800 2865 903 2928 lucem
936 2870 1097 2947 protracto
1142 2865 1198 2944 (23
1231 2863 1316 2947 apud

188 2963 376 3047 Bergkium)
390 2963 538 3046 virgines,
555 2988 595 3028 cx
612 2967 725 3050 quibus
741 2968 856 3032 chorus
873 2967 1047 3044 constabat,
1060 2985 1186 3049 semper
1201 2964 1317 3030 eodem

133 3137 136 3151 ¹
188 3069 315 3131 nomine
339 3068 465 3151 proprio
489 3070 669 3152 appellavit,
694 3091 765 3135 oum
788 3092 904 3136 nomen
934 3069 1048 3150 'Ayal'a'v
1072 3094 1100 3134 v.
1118 3073 1169 3153 40,
1189 3070 1239 3148 42,
1263 3072 1316 3151 58,

188 3173 229 3236 80
259 3178 291 3235 et
318 3192 432 3234 nomen
467 3170 650 3255 Ἀγηοιχίρα
679 3195 707 3238 v.
731 3176 781 3251 53,
810 3178 861 3253 57,
893 3178 942 3254 71,
975 3177 1024 3256 79,
1058 3176 1099 3237 90
1128 3173 1316 3238 inveniatur.

188 3274 255 3338 Nec
279 3276 381 3338 miuus
406 3275 602 3340 Stesichorus
625 3275 794 3360 fragmenti
817 3278 962 3361 vigesimi
986 3279 1070 3342 sexti
1091 3278 1123 3340 in
1146 3299 1176 3341 v.
1203 3281 1270 3340 let
1285 3279 1316 3358 3,

190 3380 243 3443 ubi
274 3380 304 3442 in
337 3378 483 3443 Helenae
514 3379 587 3443 fatis
620 3381 802 3444 enarrandis
834 3381 930 3465 patris
963 3378 1089 3465 quoquc
1121 3382 1316 3445 mentionem

187 3483 273 3564 lacit,
297 3483 408 3546 eadem
432 3482 645 3567 appellatione
674 3483 846 3567 Τονδοίρεος
868 3507 944 3548 usus
967 3493 1024 3550 est.
1071 3484 1168 3548 Cuius
1190 3486 1318 3568 generis

189 3588 413 3673 repetitionum
444 3588 590 3670 exempla
622 3608 692 3651 cum
723 3588 807 3672 apud
837 3587 1011 3652 Pindarum
1041 3587 1161 3669 desint,
1193 3594 1318 3650 constat

187 3693 259 3756 illos
282 3696 393 3776 poetas
416 3712 479 3754 uon
504 3689 617 3756 eadem
639 3692 829 3773 constantia,
854 3712 916 3775 qua
935 3692 1028 3771 hunc,
1043 3693 1173 3755 uomina
1187 3692 1319 3776 propria

189 3795 337 3859 variasse.

293 3898 406 3981 Itaque
429 3898 604 3981 posteriore
634 3896 760 3960 demum
791 3903 913 3978 aetate,
944 3897 1021 3960 dum
1044 3895 1219 3961 Simonides
1241 3897 1319 3962 Piu-

190 4000 286 4067 darus
309 3999 517 4086 Bacchylides
541 4001 666 4081 florent,
698 4011 783 4065 certa
806 4001 860 4065 illa
882 4003 1003 4085 regula,
1026 4002 1200 4066 secundum
1222 4022 1320 4085 quam

190 4105 334 4188 repetitio
352 4104 491 4167 eiusdem
509 4104 731 4189 appellationis
748 4125 811 4166 non
827 4105 929 4168 solum
941 4105 1024 4167 iutra
1038 4126 1131 4168 unam
1144 4105 1318 4188 stropham,

190 4208 363 4271 sedetiam
388 4209 416 4271 iu
440 4228 502 4271 uuo
527 4206 703 4293 eodemque
725 4216 896 4292 systemate
927 4209 1056 4272 vitanda
1086 4217 1169 4290 erat,
1198 4215 1320 4275 statuta

190 4311 314 4375 videtur
346 4332 424 4374 esse.
479 4309 519 4372 Et
552 4331 741 4396 quamquam
774 4333 814 4376 ex
847 4311 1017 4377 Simonidis
1051 4321 1083 4375 et
1113 4311 1317 4398 Bacchylidis
