3030 4816
707 287 800 380 [aar]
1298 300 1317 367 o

188 483 408 552 Retractatam
437 483 534 570 igitur
547 482 714 577 tabulam,
745 509 825 572 quae
847 489 916 574 ipsa
939 511 1062 576 quoque
1085 491 1214 559 exclusa
1237 503 1315 578 erat,

187 592 253 656 iarn
283 597 317 655 ut
348 598 489 655 veterem
518 590 664 654 dominus
686 592 792 675 gregis
813 593 946 658 rettulit.
1001 595 1114 681 Itaque
1136 599 1222 682 quod
1245 600 1318 665 nie

188 693 310 758 berlaius
332 695 364 757 in
387 694 468 757 libro
491 714 583 777 quem
613 694 770 778 inscripsit
798 692 866 759 ‘Dia
895 695 1056 762 Rdmiache
1087 699 1246 785 Troqddie
1273 706 1317 768 im

186 797 337 862 Zeitalter
367 798 423 861 der
444 795 604 885 Republilc'
633 818 664 881 p.
689 799 750 861 656
781 798 821 863 de
851 801 1016 883 tragoedia
1039 803 1114 868 dicit
1137 804 1213 869 ‘eine
1235 828 1317 872 neue

185 901 462 985 Ueberarbeitung
491 907 583 966 untcr
615 901 772 985 gleichem
803 903 878 968 oder
900 905 1121 971 verttndertem
1144 908 1227 974 Titcl
1249 912 1317 996 galt

185 1007 232 1071 als
254 1028 335 1071 nova
359 1002 484 1086 fabula,
509 1005 592 1069 idem
614 1005 704 1069 nobis
726 1006 766 1070 de
789 1008 953 1072 comoedia
975 1011 1136 1095 probatur,
1167 1015 1316 1097 quoniam

185 1112 325 1193 tragicae
347 1110 459 1174 eadem
483 1117 578 1194 atque
601 1109 736 1174 comicae
760 1131 868 1175 musae
890 1112 1031 1176 condicio
1055 1121 1132 1180 erat.

288 1214 436 1278 Ceterum
467 1214 576 1297 quaeri
605 1221 724 1297 potest,
754 1235 809 1278 cur
840 1222 1006 1300 tantopere
1035 1219 1176 1282 caverint
1202 1228 1315 1304 poetae

184 1318 335 1394 Romani,
365 1339 405 1382 ne
438 1317 595 1380 Graccum
626 1318 791 1401 exemplar
817 1319 881 1381 iam
908 1320 949 1383 ab
979 1320 1042 1384 alio
1072 1330 1166 1405 poeta
1199 1325 1314 1390 comico

184 1423 369 1487 translatum
404 1423 518 1485 iterum
554 1421 777 1505 exprimerent.
843 1421 914 1496 Qua
947 1422 986 1487 de
1021 1445 1055 1488 re
1092 1425 1177 1508 quod
1213 1448 1315 1512 nuper

183 1524 342 1590 Dziotzlto
358 1526 390 1589 in
406 1525 540 1610 praelat.
557 1524 598 1588 ad
611 1523 738 1588 Phorm.
753 1525 794 1588 ab
812 1526 881 1609 ipso
895 1527 1011 1590 editam
1029 1527 1211 1612 Lips.1885
1228 1552 1259 1615 p.
1274 1535 1314 1596 14

184 1630 339 1714 exposuit,
376 1628 453 1692 mihi
483 1648 547 1692 non
579 1629 743 1712 persuasit.
793 1628 879 1694 Dicit
901 1632 1001 1695 enim:
1025 1629 1098 1697 ‘Das
1120 1634 1314 1718 griechische

185 1732 330 1817 Original
353 1731 458 1796 durfte
480 1731 568 1795 nicht
590 1732 705 1796 bereits
728 1753 809 1815 ganz
831 1733 907 1797 oder
930 1756 1002 1798 aum
1025 1735 1095 1800 Teil
1125 1758 1187 1801 von
1210 1739 1314 1803 einem

184 1836 305 1901 anderu
326 1834 532 1899 lateinischen
554 1834 686 1898 Dichter
705 1843 881 1914 verwertet‚
905 1838 1040 1903 sondern
1055 1839 1147 1904 sollte
1169 1841 1231 1906 den
1253 1842 1313 1906 Zu-

183 1940 337 2004 schauern
352 1939 432 2004 noch
448 1960 528 2022 ganz
544 1938 729 2002 unbekannt
744 1940 821 2021 sein.
845 1940 941 2005 Diese
955 1941 1142 2029 Forderung
1157 1944 1213 2009 der
1227 1945 1313 2011 Ach-

182 2045 261 2128 tring
279 2065 336 2108 vor
352 2043 508 2107 fremdem
522 2042 676 2125 geistigen
689 2041 861 2127 Digentum
877 2044 918 2108 ist
935 2045 1073 2110 iusofem
1088 2048 1311 2134 merkwr'irdig‚

182 2150 229 2213 als
258 2148 314 2212 das
345 2169 407 2212 von
430 2148 534 2211 einem
557 2147 763 2212 lateinischen
787 2147 918 2213 Dichter
945 2149 1043 2214 durch
1065 2151 1311 2239 Uebertragung

181 2252 220 2317 in
251 2251 387 2315 Besita
423 2271 682 2333 genommene
709 2250 830 2315 Drama
860 2253 981 2337 infolge
1019 2254 1130 2320 dassen
1163 2257 1210 2321 als
1243 2260 1311 2323 sein

180 2355 404 2439 Digentum
434 2350 519 2438 galt’
584 2353 701 2418 Mirum
730 2376 806 2420 sane
835 2359 1034 2440 usucapionis
1065 2381 1164 2443 genus
1197 2361 1237 2425 ad
1259 2363 1311 2426 lit·

180 2467 265 2525 teras
288 2459 470 2541 translatae,
493 2479 555 2542 qua
578 2460 665 2522 cuius
688 2459 766 2523 nihil
788 2467 914 2543 praeter
936 2461 1072 2527 formam
1093 2464 1225 2529 latinam
1240 2487 1310 2550 pro-

180 2566 286 2648 prium
307 2569 385 2640 erat,
408 2564 435 2627 is
458 2563 594 2627 auctoris
617 2569 649 2627 ct
671 2565 856 2647 possessoris
879 2565 947 2628 iura
970 2565 1102 2631 haberet
1124 2575 1309 2653 vetaretque

180 2688 371 2752 quemquam
399 2667 484 2729 idem
513 2666 676 2749 exemplar
700 2666 857 2730 Graecum
888 2668 919 2731 in
943 2689 1034 2732 suum
1056 2690 1148 2734 usum
1170 2673 1307 2737 vertere!

179 2771 300 2837 Verum
322 2771 383 2835 hoc
404 2791 517 2856 parum
533 2769 739 2853 probabiliter
762 2792 802 2833 ex
823 2770 928 2835 furti
951 2773 1080 2836 crimine
1102 2774 1252 2839 aLusoio
1276 2777 1308 2841 in

180 2875 365 2940 Terentium
381 2875 501 2937 intento
523 2873 627 2937 effecit
650 2870 820 2953 Daiatzleo,
843 2876 977 2938 auctoris
990 2876 1059 2939 iura
1081 2877 1113 2940 in
1129 2878 1244 2942 talibus
1261 2881 1308 2943 in·

179 2987 269 3064 tegra
281 2999 348 3043 esse
361 2978 497 3041 voluisse
508 2976 681 3040 Romanos:
694 2998 757 3040 non
770 2976 810 3041 de
822 2979 926 3042 nescio
941 2999 1003 3062 quo
1015 2980 1082 3044 iure
1094 2982 1230 3045 auctoris
1241 2983 1308 3065 agi-

179 3089 240 3165 tur,
256 3081 339 3167 quod
351 3081 423 3164 lege
438 3101 536 3144 usura
550 3087 694 3144 sanctum
705 3078 811 3162 fuerit,
823 3081 878 3144 sed
894 3081 937 3145 de
953 3081 1140 3146 ludorum
1154 3085 1307 3150 scaeni-

177 3207 315 3250 corum
345 3206 418 3249 usu
445 3191 485 3248 et
507 3183 822 3249 consuetudine.
873 3183 967 3248 Nova
997 3185 1106 3249 fabula
1129 3188 1306 3271 flagitatur:

177 3291 230 3373 qui
252 3296 475 3373 argumentum
497 3288 561 3351 iam
585 3286 660 3350 olim
682 3292 851 3350 tractatum
882 3289 1005 3372 repetit,
1036 3310 1153 3353 novam
1175 3290 1306 3358 daturus

176 3415 242 3458 non
273 3399 338 3474 est3
368 3392 422 3476 qui
443 3412 557 3455 novam
581 3411 649 3454 esse
671 3389 808 3467 simulat,
840 3411 935 3474 quam
957 3390 1096 3456 Naevius
1118 3398 1150 3457 et
1172 3393 1304 3460 Plautus

175 3497 240 3560 iam
271 3495 454 3575 docuerunt,
485 3495 511 3557 is
541 3514 616 3557 sane
646 3492 723 3556 furti
743 3493 860 3556 crimen
883 3515 947 3557 non
970 3493 1090 3583 effugit.
1135 3494 1174 3559 Id
1196 3503 1305 3562 autem

175 3600 226 3663 vel
249 3599 290 3663 ad
312 3599 453 3682 singulas
475 3616 604 3660 scaenas
626 3602 721 3679 atque
743 3595 823 3659 adeo
852 3595 893 3659 ad
923 3597 1063 3679 singulas
1085 3618 1235 3682 personas
1258 3600 1305 3665 sa·

177 3704 270 3768 bulae
300 3703 431 3767 alicuius
461 3701 619 3785 pertinere
649 3721 690 3764 ex
719 3698 938 3784 Adelphorum
970 3701 1102 3785 prologo
1131 3701 1185 3782 (de
1203 3703 1304 3788 Syna·

175 3805 335 3889 pothnosc.
354 3803 480 3880 scaena)
505 3808 537 3866 et
559 3800 705 3865 Eunuchi
721 3802 800 3886 prol.
821 3823 851 3866 v.
868 3805 908 3866 25
929 3824 974 3887 sq.
997 3804 1060 3866 iam
1082 3824 1178 3888 supra
1201 3804 1245 3891 (p.
1270 3807 1303 3889 7)

175 3909 388 3992 cognorimus.
422 3906 580 3969 Nimirum
602 3906 634 3968 in
657 3905 714 3969 tali
737 3927 771 3969 re
794 3906 926 3988 suspicio
954 3911 1022 3968 erat
1044 3927 1107 3969 non
1123 3927 1165 3970 ex
1178 3907 1301 3975 Gracco

174 4011 229 4075 sed
253 4033 294 4076 ex
315 4011 431 4075 Latino
454 4015 580 4074 auctore
603 4029 749 4073 scaenam
780 4009 831 4073 rel
854 4030 1022 4094 personam
1044 4015 1203 4093 arreptam
1226 4033 1303 4078 esse.

278 4114 370 4190 Quod
394 4135 468 4178 vcro
491 4119 579 4176 tanto
602 4112 721 4176 honore
744 4111 853 4175 habita
875 4118 922 4175 est
944 4132 1029 4175 nova
1044 4113 1218 4194 comoedia,
1240 4136 1303 4179 non

174 4217 277 4282 minus
299 4240 394 4303 quam
415 4218 483 4303 ipsa
506 4217 594 4281 notio
617 4213 705 4280 ‘nove
728 4214 843 4279 fabula'
874 4235 915 4278 ex
942 4236 1001 4278 usu
1023 4214 1218 4281 Graecorum
1240 4220 1302 4283 sol·

175 4320 271 4386 lemni
300 4322 437 4386 Romani
466 4321 671 4406 repetierunt.
723 4319 812 4393 Quae
843 4320 929 4384 notio
964 4320 1131 4405 respondet
1160 4320 1301 4391 Graecae
