2954 4816
590 285 800 347 ..17-

122 477 221 561 Verg.
243 478 298 540 lib.
321 473 572 558 mussare
595 474 734 560 finqerc]
765 472 864 560 Verg.
890 474 1008 559 Georg.
1032 475 1086 542 lib.
1111 476 1158 562 ΙΙ,
1187 478 1260 546 Tor.

122 583 153 645 in
177 579 310 664 Andria,
333 579 431 664 Verg.
456 579 508 643 lib.
531 578 583 643 XI
599 580 611 661 ll
627 588 688 645 etc.

228 685 323 762 Quod
340 692 449 750 autem
465 683 711 769 supradiximus
727 685 877 768 exempla
888 684 1038 770 primaria
1053 707 1073 751 a
1086 686 1261 752 Schmidtio

15 811 19 815 ·
122 791 154 857 in
178 793 360 856 uniuersum
384 797 471 855 recte
501 789 780 869 consummasse,
811 786 843 850 id
875 807 933 872 per
962 789 1069 854 omnia
1090 789 1189 855 Nonii
1213 813 1263 855 ca·

122 896 188 980 pita
211 892 385 978 aequaliter
415 893 524 955 ualere
554 909 688 974 negem3
720 897 817 975 atque
848 889 916 976 ipse
938 889 1133 956 Schmidtius
1155 891 1261 959 facere

122 1020 185 1064 uon
209 999 324 1084 potuit,
341 996 416 1083 quin
431 994 622 1060 concederet
645 993 804 1078 capitibus
821 992 946 1078 11,111‚
963 993 1021 1077 IV,
1044 1016 1126 1081 quae
1151 1006 1262 1062 contra

121 1097 307 1168 sollemnem
321 1120 442 1165 morem
458 1100 503 1164 ita
519 1098 636 1183 scripta
652 1104 739 1180 sune,
759 1106 796 1163 ut
809 1098 961 1164 lemmata
982 1100 1157 1166 litterarum
1178 1101 1261 1166 ordi·

120 1227 195 1272 nem
210 1204 447 1290 alphabeticum
462 1210 601 1284 seruent,
617 1221 681 1265 non
694 1200 789 1265 modo
807 1209 908 1266 certas
924 1206 1146 1290 exemplorum
1161 1206 1262 1271 series

121 1330 185 1374 non
201 1315 384 1374 constanter
400 1314 488 1372 certo
506 1312 725 1392 consuetoque
748 1306 940 1390 scriptorum
956 1307 1066 1375 ordine
1089 1329 1160 1374 sese
1177 1311 1261 1374 exci-

122 1434 208 1499 pere,
233 1432 345 1477 uerum
363 1412 458 1476 etiam
479 1412 511 1475 in
529 1409 690 1476 nonnullis
705 1409 820 1473 litteris
837 1411 923 1476 tertii
937 1412 1050 1496 capitis
1074 1411 1139 1496 (B,
1153 1417 1201 1497 E,
1214 1415 1260 1496 G,

123 1519 177 1596 H,
187 1517 287 1599 Lm,
297 1516 345 1598 N,
357 1516 458 1598 0,1c,
477 1516 527 1596 V)
542 1520 574 1581 et
589 1536 646 1600 por
660 1518 762 1579 totum
778 1521 927 1599 quartum
944 1522 1041 1601 caput
1054 1523 1156 1584 certos
1171 1518 1261 1584 testi-

122 1621 295 1688 moniorum
312 1620 437 1684 ordines
454 1620 582 1683 omnino
599 1639 660 1683 non
679 1639 858 1683 occurrere.
893 1620 944 1683 Ac
966 1620 1109 1704 profecto
1134 1621 1260 1688 ordines

121 1726 319 1810 singulorum
353 1725 553 1808 scriptorum,
592 1743 672 1807 quos
707 1722 737 1786 in
775 1722 875 1788 altero
910 1734 944 1788 et
977 1724 1070 1789 tertio
1104 1724 1259 1809 capitibus

122 1828 315 1894 Schmidtius
352 1826 527 1910 constituit,
562 1826 698 1891 multum
722 1827 842 1890 distant
865 1826 906 1891 ab
930 1826 1093 1893 ordinibus
1117 1850 1190 1894 cum
1212 1849 1260 1894 re·

119 1932 281 2018 liquorum
304 1939 371 1996 tum
395 1931 487 2017 primi
510 1930 632 2015 capitis.
679 1929 777 1994 Haud
802 1929 896 2013 pauci
914 1932 997 1995 enim
1020 1930 1146 1997 ordines
1161 1934 1259 1998 inter·

124 2044 314 2121 rumpuntur
329 2036 497 2116 lemmatis,
511 2055 594 2120 quae
607 2035 696 2098 nulla
708 2034 855 2119 exempla
871 2033 1024 2102 exhibent
1037 2036 1096 2101 nisi
1109 2035 1150 2101 ab
1161 2037 1260 2122 ipsius

123 2134 163 2204 de
179 2163 242 2226 quo
259 2140 365 2225 agitur
380 2140 539 2224 scriptoris
555 2138 664 2204 ordine
680 2137 834 2204 absona.¹
881 2137 1039 2213 Quartum
1055 2160 1135 2206 uero
1152 2150 1260 2226 caput,

123 2244 213 2309 cuius
237 2243 500 2329 compositionem
530 2263 661 2328 prorsus
685 2241 849 2307 discedere
879 2263 898 2306 a
927 2244 1123 2330 reliquorum
1153 2246 1260 2312 indole

105 2349 183 2412 'iam
208 2346 492 2413 Schneidewinus2
522 2347 655 2427 monuit,
684 2368 761 2411 num
784 2346 899 2413 eodem
918 2347 1013 2414 modo
1036 2348 1163 2414 Nonius
1186 2371 1260 2415 con·

120 2452 296 2534 scripserit,
330 2450 501 2515 admodum
536 2450 666 2515 dubium
702 2458 757 2516 est.
813 2450 851 2515 In
887 2472 950 2537 quo
986 2475 1057 2518 cum
1092 2453 1130 2519 de
1161 2455 1258 2519 eoric

120 2555 349 2639 siqaificctioee
369 2574 545 2619 sermonum
568 2556 601 2618 iu
623 2555 807 2619 uniuersum
832 2563 957 2640 agatur,
974 2562 1137 2642 tamquam
1157 2561 1260 2621 totum

121 2656 218 2722 Nonii
248 2678 328 2741 opus
359 2659 389 2721 in
420 2660 549 2722 breuius
591 2665 789 2723 contractum
824 2668 980 2724 tenemus.
1035 2661 1163 2726 Etenim
1197 2662 1257 2727 sub

119 2761 251 2843 singulis
283 2762 451 2843 lemmatis,
479 2760 519 2825 de
550 2761 665 2846 quibua
695 2763 726 2825 in
750 2768 862 2847 quarto
887 2765 989 2850 capite
1012 2765 1127 2849 agitur,
1155 2764 1259 2831 diuer-

124 2865 266 2929 sissimas
282 2871 490 2930 coaceruatae
513 2872 588 2928 sunt
604 2865 863 2950 significationes,
884 2887 1019 2951 quarum
1043 2889 1256 2954 unaquaeque

120 2967 214 3032 uariis
237 2966 427 3032 testimoniis
451 2966 603 3030 illustrari
626 2965 720 3033 solet.
755 2968 893 3033 Exstant
909 2975 1019 3034 autem
1041 2971 1138 3054 longe
1161 2971 1258 3056 pluri·

120 3091 172 3135 ma
196 3091 267 3134 cum
289 3067 551 3154 Vergilianorum
581 3077 650 3134 tum
677 3069 943 3137 Terentianorum
973 3075 1194 3159 exemplorum
1225 3075 1257 3139 in

120 3176 188 3259 Ipso
212 3174 317 3259 capite
340 3181 465 3260 quarto.

224 3277 338 3364 Itaque
362 3277 457 3344 ualde
481 3277 591 3343 dubito
615 3301 692 3344 num
716 3279 804 3361 certi,
817 3282 870 3365 qui
893 3281 924 3344 in
947 3281 1078 3369 reliquia
1099 3281 1256 3367 capitibus

120 3382 358 3468 dignoscuntur,
382 3381 509 3448 ordines
531 3383 657 3448 subsint
679 3385 776 3450 etiam
798 3386 831 3449 in
855 3386 1014 3470 capitibus
1036 3385 1192 3453 11—1v.

222 3647 232 3682 ¹
251 3644 331 3699 Adde
351 3643 424 3714 quod
436 3646 515 3697 nimis
527 3661 611 3713 saepo
625 3662 706 3698 unum
720 3648 817 3699 lamma
831 3649 916 3701 totius
930 3647 1034 3701 ordinis
1048 3648 1137 3701 locum
1160 3651 1255 3700 tenere

119 3731 285 3787 Schmidtius
315 3733 408 3785 noluit.
453 3732 535 3784 Velut
554 3733 698 3786 continuos
718 3734 907 3787 Plautinorum
933 3736 1119 3802 exemplorum
1140 3734 1255 3788 ordines

118 3835 279 3887 perpaucos¹
293 3821 385 3886 pluras
405 3835 421 3870 a
439 3828 571 3871 consueto
591 3835 665 3871 rnora
685 3817 875 3887 discrepantes
894 3820 1028 3873 inuenies.
1064 3820 1145 3883 Quod
1165 3823 1254 3875 autem

119 3923 201 3958 unum
221 3908 372 3959 alterumue
391 3906 535 3972 scriptoria
555 3906 669 3960 alicuius
682 3908 865 3960 testimouium
884 3906 919 3960 ad
933 3907 1075 3960 Schmidtii
1096 3908 1253 3974 opinionem

119 3997 183 4059 apta
202 3991 332 4059 quadrat,
351 3993 379 4045 id
398 3992 437 4044 ita
456 3992 648 4061 explicandum
668 4009 775 4059 censeo,
800 3997 830 4046 ut
849 3994 876 4046 in
895 3995 976 4047 Nonii
996 3995 1172 4047 collectaneis
1192 3994 1252 4062 qui·

120 4079 180 4132 dem
198 4079 240 4131 illi
267 4077 299 4130 dc
326 4080 424 4146 quibua
454 4079 621 4134 Schmidtius
641 4081 774 4147 cogitauit
801 4079 914 4134 ordines
942 4081 1105 4141 exstiterim,
1136 4096 1252 4148 quorum

119 4180 222 4234 paucae
241 4165 377 4233 reliquiae
394 4165 591 4232 seruabantur‚
611 4172 753 4236 postquam
779 4167 906 4221 lemmata
931 4185 948 4220 a
970 4168 1060 4221 Nonio
1084 4166 1254 4232 transposito

118 4255 144 4334 ot
163 4251 311 4304 secundum
330 4254 452 4306 ordinem
471 4253 675 4320 alphabeticum
694 4252 803 4320 digesta
820 4255 892 4305 aunt.

219 4340 229 4372 ²
249 4338 389 4404 Goatting.
408 4339 532 4402 gelehrte
553 4341 618 4392 Anz-
640 4336 750 4405 184312.
769 4339 820 4393 697
839 4356 897 4408 sqq.

1135 4426 1151 4461 a
