2962 4800
707 273 775 355 [77]
1269 277 1307 340 21

177 470 311 532 ciuntur.
358 466 506 551 Sequitur
534 473 569 528 ut
593 465 640 529 de
670 466 809 529 centenis
839 467 994 550 exemplis
1016 466 1172 531 Plautinis
1197 471 1246 551 70,
1269 469 1309 533 de

177 572 316 637 centenis
341 570 552 636 Ciceronianis
569 573 588 633 8
605 569 778 654 praebeant
800 571 1033 634 coniunctivum
1055 577 1109 634 aut
1132 593 1232 656 praes.
1253 579 1310 636 aut

164 676 254 760 perf.
298 673 410 758 Neque
434 676 536 738 minus
559 675 684 753 mirum,
708 681 860 759 quantum
876 674 1002 738 differat
1017 675 1206 740 coniunctivi
1224 677 1308 762 plus·

175 780 403 864 quamperfcoti
426 799 499 842 usus
522 779 554 841 in
577 785 709 862 utroque
728 778 890 842 enuntiato
914 779 1006 862 positi
1030 778 1115 862 apud
1138 787 1307 864 utrumque

174 886 367 968 scriptorem.
412 881 496 946 Nam
519 903 590 946 cum
609 882 691 946 inter
707 883 770 944 244
786 883 934 966 exempla
950 882 1101 946 Plautina
1117 904 1198 967 quae
1213 905 1309 969 supra

174 988 490 1052 commemoravimus
506 989 525 1049 8
542 985 695 1050 eiusmodi
720 992 896 1064 occurrant,
918 987 1000 1050 inter
1023 988 1085 1050 255
1102 984 1309 1051 Ciceroniana

175 1095 227 1171 67,
250 1092 385 1155 efficitur
413 1092 445 1154 in
476 1090 616 1155 centenis
647 1090 819 1153 enuntiatis
841 1111 860 1152 a
882 1089 998 1155 Plauto
1021 1096 1085 1171 ter,
1115 1110 1135 1153 a
1157 1088 1307 1155 Cicerone

173 1196 270 1260 vicies
290 1196 394 1260 sexies
417 1196 517 1279 plusq.
542 1194 623 1259 coni.
648 1195 808 1278 utrimque
831 1194 985 1278 usurpari.

704 1437 773 1519 §a

274 1594 496 1680 Comparanda
518 1601 683 1679 practerea
712 1616 750 1658 ea
772 1601 845 1658 sunt
875 1595 1037 1659 enuntiata
1068 1594 1306 1677 condicionalis,

171 1722 310 1786 quorum¹
340 1703 373 1764 in
410 1698 538 1784 epodosi
571 1699 758 1763 indicativus
792 1699 974 1782 praeteriti,
1011 1699 1044 1762 in
1079 1698 1197 1783 protasi
1235 1719 1306 1762 con-

170 1807 327 1869 iunctivus
349 1811 403 1867 aut
432 1802 607 1887 imperfecti
639 1809 694 1866 aut
724 1800 1024 1887 plusquamperfecti
1053 1803 1179 1884 legitur.
1225 1801 1305 1866 Cum

169 1909 331 1994 praeteriti
376 1908 472 1990 igitur
512 1907 739 1990 significatione
781 1907 863 1970 coni.
901 1907 991 1990 impt'.
1026 1905 1111 1990 apud
1152 1906 1305 1971 Plautum

171 2014 305 2078 occurrit
327 2012 375 2077 his
398 2011 491 2076 locis:

168 2136 254 2201 Trin.
278 2136 340 2199 566
428 2132 605 2211 Licitumst,
629 2133 801 2196 streties
824 2182 832 2197 .
857 2184 864 2198 .

169 2241 262 2306 Ouro.
286 2243 346 2303 449
469 2262 472 2272 ·
623 2237 706 2317 Quia
729 2239 810 2300 euim
832 2239 867 2300 iu
890 2258 982 2300 correo
1005 2239 1034 2301 si
1048 2236 1198 2320 foreut

426 2341 571 2405 Genetaei
592 2340 672 2424 <rua
694 2341 801 2404 itidem
824 2347 858 2404 ut
878 2342 961 2423 pulit
981 2342 1160 2424 peltiuacei,

427 2445 482 2509 Ita
506 2466 569 2507 uere
587 2451 717 2527 potuere
739 2465 802 2508 urm
824 2465 908 2508 aureo
932 2445 1140 2509 circumirier.

169 2552 240 2616 Cas.
264 2552 299 2614 II
322 2554 351 2630 8,
376 2554 395 2613 4
432 2549 527 2613 Volui
551 2548 726 2628 (trutinum,
749 2550 779 2612 si
801 2549 885 2611 domi
906 2553 1018 2629 esset,
1041 2549 1170 2611 mittere.

169 2655 284 2720 Pseud.
307 2657 369 2717 285
426 2651 505 2715 Fuit
528 2654 661 2733 occasio,
684 2654 713 2715 si
735 2654 875 2734 vellet,
907 2651 1116 2735 iampridem
1139 2657 1304 2734 arpentum

1041 2755 1199 2820 uideret.

170 2860 284 2925 Bacch.
309 2862 372 2923 563
427 2859 513 2940 Qui?
535 2859 591 2923 tib-i
612 2879 675 2922 ucri
697 2867 767 2923 eret
789 2861 986 2924 meretricum
1010 2860 1150 2923 aliarum
1172 2858 1304 2922 Athenis

1100 2964 1200 3046 copie,

426 3067 617 3148 Quibuscum
638 3066 767 3132 traheres
785 3087 860 3150 rem,
883 3069 946 3132 uisi
963 3088 1033 3131 cum
1047 3068 1115 3149 illc,
1140 3084 1232 3148 quem
1249 3087 1304 3150 epo

911 3172 1109 3236 mundassem
1133 3170 1199 3252 tibi,

427 3276 647 3360 Occiperes
677 3283 740 3341 tute
762 3273 859 3359 (ipse)
882 3297 992 3339 errore
1013 3282 1041 3339 et
1065 3277 1108 3339 mi
1129 3277 1210 3339 ires
1233 3295 1303 3338 cou-

958 3381 1076 3443 suitum
1097 3378 1201 3444 male?

167 3487 264 3553 Stich.
289 3489 350 3554 512
423 3484 466 3549 m
488 3486 593 3568 irrepis
609 3505 677 3568 por
694 3486 809 3568 fuerat
831 3505 879 3548 me
902 3482 985 3547 cobis
1016 3483 1094 3547 dore
1118 3502 1224 3547 cenem
1247 3482 1303 3546 cd·

1001 3587 1198 3669 verteribus,

424 3696 526 3773 Quom
549 3715 595 3758 me
617 3693 662 3757 ud
683 3694 772 3757 illum
791 3694 992 3776 proruittere,
1018 3693 1083 3756 uisi
1103 3691 1304 3757 noltemei

983 3800 1199 3864 adversarior.

165 3904 232 3968 Mil.
258 3906 299 3970 53
423 3902 468 3967 Ni
488 3903 575 3968 hebes
597 3903 766 3968 ruocieero
785 3905 829 3984 fc
839 3910 919 3985 ret,
951 3924 1014 3967 uno
1037 3906 1101 3968 ictu
1132 3903 1301 3970 occiderer.

269 4007 431 4071 occideras
452 4008 499 4086 A3
523 4009 676 4073 occideres
698 4008 779 4071 Pall.

165 4111 263 4175 Persa
286 4114 348 4178 595
423 4110 585 4194 Videris,
615 4133 670 4196 epo
700 4114 752 4177 ilie
780 4113 889 4177 doctus
911 4113 979 4177 leuc
1003 4133 1101 4196 poene
1123 4112 1303 4196 inferrem

1088 4216 1199 4302 decidi,

423 4319 468 4386 Ni
489 4319 539 4387 hic
563 4320 735 4385 adesses.
