2956 4822
646 301 735 390 [221]
1198 305 1257 375 125

122 504 218 562 antea
256 496 322 562 fieri
365 496 507 581 solebat,
544 521 584 563 ex
623 501 746 563 aerario
785 500 945 564 communi
981 501 1157 569 soluantur.
1209 502 1259 567 Do

124 605 239 688 quibus
270 603 380 666 arbitri
411 603 528 668 oertius
559 602 636 666 nihil
668 605 910 684 constituerunt,
941 625 1011 668 oum
1044 604 1084 668 de
1114 604 1164 670 his
1194 628 1258 670 non

123 707 311 793 litigaretur.

222 916 240 996 ξ
271 919 299 980 7.
335 918 365 980 8.
421 916 574 979 Proxima
615 915 735 979 arbitrii
773 937 847 1000 pars
883 918 1059 1001 grauissimi
1098 917 1137 982 ad
1177 941 1259 1004 sym-

121 1020 250 1106 politiae
285 1020 440 1083 rationem
477 1019 733 1102 eognosoendam
768 1021 920 1086 momenti
958 1030 1016 1086 est.
1072 1021 1259 1089 Decernunt

124 1125 206 1190 enim
236 1124 359 1201 arbitri,
396 1129 431 1187 ut
464 1124 589 1207 legibus
626 1123 879 1187 Melitaeerrsium
911 1125 1088 1189 Pereenses
1118 1135 1258 1210 utantur,

122 1250 236 1294 causae
267 1240 376 1292 autom
404 1227 611 1291 Peroensium
642 1248 725 1313 quae
755 1229 794 1292 ad
824 1228 974 1292 aedilium
1009 1231 1257 1296 iurisdietionem

122 1336 312 1419 pertineant,
341 1352 398 1394 eae
425 1332 544 1395 soilioet
575 1353 700 1417 quaee
729 1334 919 1397 commercio
951 1334 1071 1400 forensi
1104 1339 1258 1420 oriantur,

121 1447 234 1523 quarto
260 1458 387 1522 quoque
409 1458 518 1501 mense
540 1438 658 1501 aediles
675 1437 900 1503 Melitaeenses
915 1439 946 1501 in
963 1440 1059 1502 Peria
1075 1440 1257 1506 diiudicent,

122 1543 319 1607 Grauissima
344 1543 441 1623 igitur
463 1541 664 1627 sympolitiao
689 1541 833 1605 condicio
857 1564 876 1605 a
899 1543 1111 1608 Pereensibus
1142 1545 1182 1607 ad
1213 1546 1258 1609 in·

120 1653 240 1711 eertum
265 1653 415 1710 reuocata
438 1653 515 1710 erat.
563 1646 665 1719 Quam
696 1652 765 1709 arte
795 1648 877 1709 enim
909 1648 991 1711 inter
1022 1670 1056 1711 se
1089 1650 1258 1713 coniuncta

120 1772 190 1815 esso
216 1752 341 1815 soleant
373 1748 652 1828 συμπολιτεύεσθαι
683 1758 715 1813 ot
747 1756 808 1827 τοῖς
840 1749 945 1828 αὐτοῖς
976 1751 1078 1831 νόμοις
1105 1759 1257 1836 χρῆσθαι,

120 1876 218 1940 supra
239 1854 373 1919 ostendi.

225 1957 349 2023 Causae
371 1958 453 2021 inter
476 1957 654 2022 Pereenses
685 1965 773 2021 ortae
804 1980 879 2022 num
909 1980 1020 2023 omnes
1050 1960 1091 2025 ad
1115 1960 1258 2026 Melitae-

122 2065 243 2128 ensium
281 2063 524 2147 magistratuum
558 2061 807 2128 iurisdictionem
842 2064 1068 2148 pertinuerint,
1108 2087 1148 2127 an
1183 2086 1256 2149 pars

121 2189 241 2249 earum,
268 2188 332 2231 non
356 2188 510 2251 expresso
534 2166 665 2230 dieitur:
688 2167 765 2230 illud
790 2175 897 2230 tamen
917 2167 1117 2232 oonieoerim.
1164 2169 1257 2232 Certe

120 2272 177 2335 has
201 2272 242 2336 do
266 2272 380 2356 quibus
396 2271 512 2355 agitur,
536 2272 682 2334 nimirum
700 2292 870 2356 paruarum
887 2293 992 2335 rerum
1011 2294 1121 2336 oausas
1137 2274 1255 2336 aediles

121 2376 375 2441 Melitaeensium
399 2374 554 2439 iudicibus
578 2396 641 2439 non
665 2375 814 2439 adhibitis
831 2384 879 2439 ter
902 2396 1091 2459 perannum
1111 2378 1142 2439 in
1159 2377 1256 2441 Pere-

122 2482 246 2545 ensium
278 2480 347 2544 uieo
377 2478 603 2544 diiudicabant.
657 2479 721 2560 (Cf.
754 2477 916 2544 Aristotel.
949 2479 1021 2544 Pol.
1046 2479 1094 2543 IV
1128 2484 1176 2557 13,
1208 2483 1255 2557 2).

120 2584 210 2658 Quae
243 2583 370 2647 maioris
401 2583 551 2645 momenti
579 2592 687 2665 erant,
719 2604 772 2646 eas
796 2582 947 2646 Meliteao
969 2605 987 2645 a
1011 2584 1127 2646 iudicio
1153 2606 1169 2647 e
1191 2590 1257 2647 tota

119 2689 267 2767 ciuitate,
299 2687 317 2750 i.
348 2709 374 2747 e.
409 2709 425 2750 e
456 2686 718 2750 Melitaeensibus
750 2694 783 2749 et
816 2687 1047 2767 Peroensibus,
1081 2688 1255 2750 constituto

120 2792 308 2855 diiudicatas
334 2812 402 2854 osse
429 2791 592 2875 probabile
617 2796 673 2854 est.

223 3001 240 3081 ξ
264 3003 293 3063 9.
339 2998 412 3064 Ηοο
433 2998 596 3063 arbitrium
611 2998 770 3084 lapidibus
787 2999 973 3084 inscriptum
990 3000 1065 3083 poni
1081 2998 1209 3063 iubetur
1225 3005 1258 3062 ot

120 3104 270 3168 Meliteae
294 3111 326 3167 et
344 3103 486 3186 Delphis,
509 3104 629 3167 seilicet
652 3105 683 3165 in
706 3103 775 3168 loeo
798 3126 897 3186 sacro,
923 3110 955 3166 et
972 3103 1147 3188 Calydone,
1172 3103 1255 3167 unde

118 3208 227 3271 arbitri
251 3206 368 3290 sumpti
393 3215 491 3285 erant,
522 3216 553 3271 et
576 3206 708 3271 Thermi
740 3206 771 3269 in
801 3207 878 3272 sede
907 3207 1029 3270 concilii
1056 3207 1255 3270 Aetolorum.

223 3310 334 3374 Testes
358 3312 605 3387 constituuntur,
629 3312 774 3375 nimirum
790 3320 894 3374 ratum
913 3333 981 3374 esse
1000 3312 1060 3374 hoo
1077 3310 1253 3392 arbitrium,

119 3422 246 3498 praeter
262 3420 385 3476 eeteros
401 3421 532 3477 senatus
544 3414 730 3478 Aetolorum
749 3422 780 3477 et
796 3414 958 3498 praesides
976 3414 1054 3477 eins.
1084 3413 1255 3477 Praesides

119 3526 241 3603 septem
257 3517 412 3580 nominari
431 3516 511 3579 dixit
526 3517 703 3600 Ussingius,
727 3517 942 3601 adstipulante
958 3517 1113 3580 Visohero
1133 3514 1178 3600 (p.
1192 3517 1254 3579 374

119 3622 192 3687 adn,
205 3619 251 3703 2).
277 3623 396 3686 (lontra
411 3643 505 3706 quam
518 3622 707 3685 sententiam
720 3622 881 3706 Bergkius
894 3619 930 3704 (l.
942 3619 986 3703 o.)
1002 3628 1126 3705 septem
1141 3621 1254 3683 horum

118 3726 282 3790 hominum
306 3726 387 3788 duos
410 3732 520 3810 aperte
545 3724 717 3804 προστάτας
743 3733 874 3789 senatus
899 3748 978 3806 esse,
1010 3729 1096 3789 reete
1120 3724 1255 3805 monuit,

120 3830 200 3894 duos
233 3831 454 3913 magistratus,
488 3831 675 3912 magistrum
710 3831 852 3914 equiturn
885 3829 1006 3892 scilicet
1041 3836 1072 3892 at
1108 3826 1255 3907 scribam,

119 3933 259 4016 reliquos
286 3942 348 3995 tres
372 3933 512 4015 priuatos
544 3954 615 3995 esse
643 3935 778 3998 oensuit.
825 3932 923 3995 Cuius
952 3930 1131 3996 sententiae
1160 3950 1257 4013 argu·

120 4043 262 4101 mentum
283 4072 315 4081 —
338 4036 421 4121 quod
447 4036 601 4119 optimum
619 4057 688 4100 esse
703 4036 809 4099 iudico
828 4071 866 4080 -
883 4034 1007 4117 adtulit,
1025 4033 1255 4119 patronymica,

41 4135 44 4139 ’
119 4161 202 4226 quae
217 4141 266 4203 his
288 4143 388 4205 tribus
404 4140 584 4203 nominibus
600 4139 769 4220 addantur,
786 4142 816 4202 iu
833 4139 945 4203 ceteris
961 4140 1080 4227 omitti:
1104 4138 1251 4201 nimirum

119 4243 269 4330 quoniam
293 4245 337 4308 illi
368 4245 511 4310 homines
543 4245 595 4330 qui
627 4254 751 4325 essent,
781 4245 985 4329 magistratus
1020 4244 1148 4308 nomine
1177 4243 1254 4308 satis

117 4347 330 4416 indicabatur.
