2956 4822
225 309 285 370 rac
742 302 834 386 [aaa]

326 496 433 580 Atque
457 498 544 580 leges
571 497 713 580 publicas
739 495 979 558 pauculorum
1006 496 1063 558 hae
1086 497 1153 580 ipsa
1173 497 1362 560 condicione

225 600 303 681 tolli,
328 600 372 663 ita
396 609 430 662 ut
448 599 607 663 llledeonii
632 600 755 681 legibus
773 598 875 663 Stiriis
899 600 1145 682 adstringantur,
1169 621 1362 684 quamquam

225 726 287 767 non
312 704 472 788 expressis
498 704 603 767 uerbis
620 703 743 780 dicitur,
768 714 876 766 tarncn
893 703 1069 787 intelleges,
1094 726 1163 766 cum
1180 725 1275 788 quarn
1291 714 1362 767 arte

227 810 307 871 inter
330 829 364 870 se
388 809 557 870 coniuncta
580 828 650 870 esse
673 810 798 870 soleant
822 806 1100 886 συμπολιτεύεσθαι
1124 819 1155 871 et
1180 816 1240 884 τοῖς
1259 809 1365 884 αὐτοῖς

227 911 328 991 νόμοις
360 918 501 994 χρῆσθαι
530 912 717 975 memineris.
772 912 842 984 Qua
870 911 909 974 de
939 934 974 976 re
1007 933 1044 974 eo
1079 912 1179 975 minus
1213 912 1362 975 dubitare

225 1016 308 1093 licet,
332 1036 404 1077 cum
430 1015 481 1078 uel
505 1036 594 1078 saera
611 1014 852 1078 Medeonierurn
876 1015 1052 1078 seeundum
1075 1016 1163 1099 leges
1180 1015 1290 1079 Stirias
1307 1015 1363 1077 ad·

227 1120 398 1183 ministrari
422 1119 591 1183 iubeantur
615 1119 645 1200 (§
670 1120 738 1196 iil.

330 1222 422 1296 Quod
440 1223 569 1307 quidem
585 1223 624 1285 ad
643 1244 692 1285 res
709 1231 860 1287 externas
875 1224 1021 1307 pertinet,
1039 1223 1200 1288 Medecnii
1215 1225 1363 1287 nimirum

226 1348 290 1389 non
307 1326 407 1390 minus
424 1347 520 1410 quam
537 1327 705 1409 Magnetes
724 1334 754 1389 ct
771 1326 946 1390 Perseuses
963 1328 1009 1390 sui
1028 1327 1103 1391 iuris
1119 1349 1188 1393 esse
1205 1328 1363 1392 desinunt.

229 1430 300 1503 Qua
317 1451 350 1493 rc
366 1431 572 1511 magistratus
591 1428 731 1492 Medonii
748 1450 882 1513 quorum
900 1430 998 1493 fuisse
1014 1430 1142 1494 uidetur
1161 1430 1217 1494 has
1232 1452 1283 1495 res
1300 1452 1366 1494 una

229 1554 300 1595 cum
310 1533 427 1617 populo
441 1554 563 1612 curare,
576 1533 745 1596 archontes
756 1533 884 1614 scilicet,
897 1534 1067 1599 abolentur
1077 1534 1129 1615 (cl.
1142 1555 1171 1599 v,
1182 1537 1246 1613 26).
1273 1534 1365 1599 Haec

230 1639 311 1701 enim
337 1637 398 1699 ianr
423 1636 560 1699 ciuitatis
578 1636 693 1699 Stiriac
717 1647 820 1718 eruut,
844 1637 964 1700 scilicet
980 1639 1221 1722 magistratuum
1246 1662 1265 1702 a
1289 1642 1366 1704 ciui·

229 1748 296 1803 tate
321 1741 490 1802 coniuncta
513 1738 732 1820 eligendorum
757 1745 789 1801 et
812 1740 1009 1804 comitiorum
1027 1762 1109 1825 quae
1125 1740 1287 1806 Medeonii
1302 1764 1364 1807 non

229 1845 330 1906 minus
347 1864 440 1928 quani
455 1843 539 1906 Stirii
557 1841 684 1905 obeant.
713 1841 831 1906 Tamen
846 1865 886 1906 ne
900 1845 1019 1907 mireris
1034 1845 1064 1907 in
1083 1846 1142 1910 lroc
1154 1846 1245 1909 titulo
1260 1847 1363 1930 legem

230 1970 293 2032 qua
316 1950 485 2031 quicquam
508 1955 668 2010 statuatur
692 1947 731 2008 <le
754 1949 876 2009 ratione
896 1969 978 2031 quae
994 1950 1169 2012 intercedat
1184 1950 1265 2012 inter
1280 1973 1365 2035 sym·

231 2052 373 2136 politiam
390 2051 604 2114 Phocensimn
629 2061 661 2113 et
684 2049 829 2114 ciuitates
847 2051 906 2114 lroc
921 2062 1015 2136 pacto
1032 2055 1226 2134 coniunctas,
1245 2055 1364 2120 nullam

231 2156 395 2235 contineri,
419 2177 489 2218 cunr
515 2166 545 2217 et
569 2155 598 2216 in
623 2157 823 2238 synoecismo
848 2155 999 2219 Teiorum
1022 2158 1216 2224 instituendo
1241 2160 1280 2222 de
1296 2161 1365 2226 iure

231 2260 441 2323 Lebediorurn
467 2260 495 2321 in
515 2259 647 2322 concilio
664 2259 780 2323 Ionum
798 2260 1001 2340 reseruando,
1026 2269 1057 2324 et
1073 2264 1102 2325 in
1120 2264 1250 2327 arbitrio
1268 2264 1366 2328 Aeto·

231 2364 333 2426 lorum
359 2362 397 2427 de
421 2363 623 2426 senatoribus
656 2363 696 2425 ad
724 2363 890 2426 concilium
923 2364 1084 2429 mittendis
1115 2374 1146 2429 ct
1175 2366 1215 2428 de
1239 2368 1366 2431 tributis

231 2466 396 2530 soluendis
419 2466 654 2529 accuratissime
679 2465 778 2528 uerba
801 2466 889 2530 fiant.
935 2468 1016 2530 Num
1038 2468 1078 2532 de
1101 2471 1209 2533 haere
1225 2478 1366 2533 statuere

233 2570 446 2634 Phocensium
477 2570 598 2634 concilii
627 2571 733 2654 petius
768 2591 861 2653 quarn
894 2572 1070 2636 ciuitatium
1102 2575 1241 2658 ipsarum
1269 2574 1367 2638 luisse

233 2672 421 2737 memineris.

341 2776 488 2839 Ceterum
513 2775 542 2838 in
566 2775 654 2839 initio
671 2775 764 2840 huius
781 2769 865 2840 tituli
882 2779 1020 2842 occurrit
1036 2779 1191 2862 quaedam
1209 2804 1268 2861 res,
1285 2801 1367 2865 quae

234 2882 265 2944 in
297 2881 409 2943 ceteris
441 2879 481 2941 de
510 2879 624 2963 quibus
657 2880 795 2943 diximus
831 2883 930 2965 pactis
963 2903 1025 2945 non
1059 2883 1277 2967 praedicatur,
1311 2888 1368 2949 sci·

234 2985 307 3047 licet
329 2983 448 3066 ἔχοντες
464 2981 540 3063 iepoi,
557 2981 653 3060 πόλιν,
666 2982 783 3066 χώραν,
800 2983 921 3064 λιμένας
938 2984 1038 3048 πάντα
1053 2985 1211 3067 ἐλεύθερα.
1244 2989 1368 3062 Quibus

235 3089 341 3150 uerbis
366 3087 593 3151 Beaudouinus
626 3095 657 3150 et
681 3088 949 3173 Dittenbergerus
973 3101 1175 3172 censuerunt,
1204 3101 1368 3175 praestare

236 3200 405 3275 utrosque,
425 3190 474 3255 ¹se
507 3192 613 3254 emnia
636 3191 688 3253 illa
713 3214 796 3276 quae
820 3202 1046 3256 enumerantur
1069 3214 1141 3259 aere
1171 3196 1275 3258 alieno
1306 3218 1368 3259 non

235 3296 447 3380 oppignorata
469 3294 597 3358 habere.
643 3296 706 3360 Sed
731 3297 756 3360 si
782 3298 841 3360 hoc
865 3298 1033 3379 concedas,
1057 3299 1142 3383 quod
1163 3300 1257 3362 etiam
1273 3323 1371 3384 supra

237 3398 383 3480 uidimus,
407 3399 553 3463 ciuitates
578 3400 717 3464 Graecas
740 3402 795 3465 illa
812 3409 918 3465 aetate
936 3423 1009 3465 aere
1026 3403 1129 3466 alieno
1145 3401 1224 3468 adeo
1241 3405 1371 3467 obrutas

235 3504 342 3581 luisse,
366 3512 402 3566 ut
424 3503 507 3566 haud
530 3507 723 3589 superfluum
743 3506 907 3570 uideretur
923 3506 999 3568 illud
1018 3508 1231 3590 praemittere,
1255 3515 1287 3571 et
1303 3508 1371 3572 fieri

237 3608 380 3692 potuisse
403 3617 437 3671 ut
461 3608 574 3671 Graeci
605 3610 656 3672 uel
688 3632 777 3673 saera
809 3609 1068 3694 oppignorarent,
1100 3630 1233 3693 quaeras
1264 3617 1371 3673 trrmen

238 3713 398 3795 quomodo
425 3711 484 3773 hoe
508 3710 547 3774 de
572 3712 651 3775 urbe
667 3712 918 3797 intellegendum
938 3714 987 3777 sit.
1033 3713 1152 3776 Urbem
1171 3714 1252 3776 enim
1270 3714 1371 3798 ipsam

238 3816 360 3899 pignori
385 3814 461 3892 dari,
485 3817 609 3898 opinor,
634 3817 795 3879 insolitum
827 3828 886 3881 est.
932 3817 1046 3902 ltaque
1081 3839 1151 3880 cum
1175 3816 1374 3901 Thucydidis

239 3918 344 3981 uerbis
379 3939 475 4001 supra
498 3920 601 3982 citatis
625 3918 673 3999 (II
701 3919 753 4000 15)
777 3922 883 4004 potins
906 3921 984 3982 haec
1008 3941 1204 4004 comparem:
1231 3920 1374 4006 ξυνῴκισε

343 4092 351 4126 ¹
372 4092 471 4154 Legem
485 4093 634 4156 signilieuri
651 4092 820 4143 Medeoniarn
842 4095 867 4143 in
889 4109 969 4144 uersu
983 4093 1016 4142 ‘22
1030 4097 1160 4157 apparet,
1181 4108 1213 4143 cx
1230 4096 1374 4145 contrario

240 4178 266 4228 in
288 4193 365 4227 uersu
385 4177 549 4242 eapropter
577 4178 728 4241 appositam
752 4193 847 4228 uocem
872 4186 910 4230 ml
939 4180 982 4230 lex
1007 4178 1091 4228 Stiria
1116 4178 1305 4239 intellegenda
1326 4190 1375 4232 est.

241 4263 368 4313 (leit-trum
391 4263 515 4321 πολιτικός
534 4266 607 4328 νόμος
621 4262 728 4325 dicitnr,
748 4264 851 4314 scillcet
866 4275 892 4314 ul
910 4265 1082 4314 discernatur·
1096 4265 1130 4313 ab
1144 4265 1274 4317 idawrrxoi:
1293 4271 1376 4332 νόμοις

242 4350 267 4400 h.
287 4369 308 4399 c.
328 4349 442 4414 priuatis
463 4349 575 4414 legibus,
598 4365 667 4415 quar
687 4356 766 4400 erunt
786 4350 819 4399 ile
840 4352 923 4401 aner-ir
944 4350 1065 4416 priuatis.
