2962 4800
483 544 485 547 ⁵
533 583 580 633 nn
600 580 847 632 ssosanorun
867 579 1034 631 osricus.

318 704 352 766 Si
375 703 444 787 quis
468 702 649 784 omnesqui
672 700 734 762 huc
757 700 914 783 pertinent
936 700 1046 762 titulos
1087 704 1261 767 universe
1290 726 1388 788 geue·

215 809 369 890 ratimque
408 805 625 884 contuebitur,
669 802 870 866 sacerdotum
909 802 1014 864 officia
1053 805 1166 867 multo
1216 810 1387 892 copiosius

217 910 378 993 fusiusque
402 909 560 990 descripta
584 915 615 970 et
639 906 767 970 delinita
792 927 861 969 csso
885 904 1039 968 reditibus
1064 910 1273 992 perspiciet.

317 1013 439 1074 Dianae
463 1011 627 1092 Pergacae
649 1009 806 1073 sacerdoti
830 1015 861 1071 ct
876 1009 1004 1091 publica
1021 1017 1052 1070 et
1072 1010 1215 1091 privata
1234 1015 1385 1077 curanda

213 1124 287 1181 sunt
310 1114 472 1188 sacrificia,
496 1113 534 1176 of.
564 1135 593 1174 v.
624 1116 658 1173 9:
705 1111 795 1174 θύσει
823 1110 860 1172 τά
892 1107 957 1190 ispoi
987 1107 1023 1172 τὰ
1049 1113 1241 1190 δημοτελέσι
1266 1120 1321 1178 καὶ
1346 1115 1385 1178 τά

213 1215 354 1280 idtorrxa‘.
401 1218 505 1298 Atque
529 1236 568 1278 ex
592 1216 726 1300 publicis
749 1215 909 1278 sacrifieiis
933 1216 1025 1276 unius
1050 1221 1192 1296 tempus
1224 1234 1383 1281 accurate

215 1321 372 1398 delinitur,
396 1320 512 1381 mensis
530 1318 679 1380 Heraclei
704 1318 764 1379 dici
790 1317 978 1402 duodecimi,
1002 1317 1157 1400 quodie,
1186 1322 1257 1383 nisi
1275 1323 1383 1402 fallor,

214 1423 338 1485 Dianae
361 1421 574 1484 sacerdotium
600 1428 630 1482 ct
655 1420 863 1483 constitutum
884 1432 915 1480 ct
932 1417 1138 1480 rendendum
1160 1427 1380 1507 propositum

215 1533 272 1590 cst.
328 1523 421 1597 Quod
452 1524 555 1608 ipsum
587 1523 772 1586 sacrificinm
801 1543 864 1585 non
895 1520 1061 1601 sacerdoti,
1093 1522 1155 1584 sed
1193 1535 1380 1610 prytanum

215 1631 307 1693 huius
332 1629 447 1692 mensis
470 1629 654 1691 mulieribus
678 1628 807 1709 triginta
837 1625 992 1688 drachmis
1023 1624 1156 1706 publice
1195 1629 1286 1693 datis
1321 1654 1379 1717 ps·

215 1734 349 1796 randum
374 1741 431 1796 est.

318 1836 573 1899 Samothracibus
597 1854 723 1917 qnoque
746 1833 812 1895 deis
828 1833 971 1896 similiter
987 1853 1024 1893 ao
1041 1829 1172 1896 Dianae
1193 1835 1377 1920 Pergaeus

215 1940 399 2002 sacrificium
417 1937 632 2020 praebendum
646 1936 772 1999 videtur
789 1956 858 1997 csse
871 1933 1130 2012 anniversarium,
1147 1938 1192 1999 cf.
1204 1945 1266 2003 aa
1283 1963 1376 2026 sqq:

214 2040 459 2118 Ἀπατουρειῦνος
482 2038 599 2124 ἕβδόμῃ
623 2036 756 2119 παρ[έ’ξει
780 2035 813 2098 τό
838 2035 959 2117 πὲμμ]α
981 2039 1086 2117 oligua
1110 2042 1160 2098 καὶ
1189 2041 1303 2122 ἐγχέει
1321 2042 1374 2124 [td

216 2141 307 2206 ποτὸν
330 2141 406 2223 roilo
427 2139 554 2220 μύσταις
577 2146 624 2203 καὶ
654 2137 920 2219 πομπεῂθήσεται
951 2136 1033 2219 πα]ρ’
1059 2136 1166 2201 αὐτοῦ.
1203 2168 1374 2227 στεφανω-

216 2246 349 2333 θήσεται
372 2253 433 2307 κτλ.
478 2245 545 2307 Nec
568 2245 632 2306 ucri
656 2243 807 2305 dissimile
829 2249 877 2303 cst
901 2243 960 2302 hoo
980 2242 1116 2324 septimo
1134 2243 1371 2326 Apatureonis

215 2351 265 2412 die
279 2350 483 2412 constitutum
497 2369 576 2428 esse,
595 2354 629 2409 ut
643 2345 856 2409 sacerdotium
871 2343 980 2407 vcuale
993 2344 1093 2406 fieret.
1118 2344 1371 2414 Praescribitur

216 2452 352 2536 denique
368 2451 534 2530 sacerdoti,
551 2460 585 2514 ut
602 2451 631 2512 in
646 2449 792 2514 omnibus
806 2455 979 2531 mystarum
992 2448 1198 2513 contionibus
1213 2457 1369 2535 proximo

216 2556 381 2619 decessore
405 2555 536 2637 aliisque
561 2544 600 2614 cx
624 2552 773 2615 sodalicia
797 2551 867 2633 lege
898 2548 1046 2612 adhibitis
1079 2556 1152 2612 tura
1186 2557 1368 2621 sacrificet.

318 2657 495 2719 Duodecim
530 2655 643 2718 deindo
679 2656 810 2717 deorum
846 2652 1002 2715 sacerdoti
1038 2674 1118 2736 quac
1155 2656 1268 2719 officia
1310 2683 1367 2723 ex-

217 2761 378 2846 esquenda
401 2760 528 2837 luerint,
552 2760 599 2822 tit.
624 2758 666 2820 Ia
690 2781 719 2821 v.
746 2761 762 2820 7
788 2779 855 2840 sqq.
879 2756 986 2818 doocri
1009 2753 1147 2816 videtur:
1173 2761 1367 2840 norayo‘mn

214 2865 244 2926 or*-
261 2863 321 2944 r[oi
338 2862 426 2940 ironic
444 2860 501 2941 roi]
524 2859 663 2921 ianuarias
681 2857 829 2938 γινόμενοι
849 2856 884 2919 nri
901 2857 1005 2935 isonia,
1027 2854 1045 2918 ii
1062 2856 1111 2937 κ[α
1128 2856 1183 2943 δὲῃ
1201 2862 1366 2945 (πρήξειν,

215 2972 284 3028 riori
317 2963 370 3027 erin
403 2962 509 3042 βωμόν
544 2969 603 3024 rain
639 2968 724 3023 {terrie
760 2963 819 3022 soie
852 2959 986 3023 δυώδεκα
1023 2964 1070 3021 καὶ
1109 2961 1266 3024 norosirrro
1308 2968 1367 3031 triv

216 3069 338 3132 θυσίαν.
363 3066 526 3129 Sacerdoti
549 3067 642 3148 igitur
665 3073 769 3127 certae
793 3065 916 3126 hostiae
940 3063 978 3125 ad
1008 3084 1095 3125 aram
1125 3063 1304 3131 ducendae
1331 3082 1365 3134 et

215 3168 396 3232 caedendae
420 3177 509 3231 sunt:
541 3166 675 3251 quodsi
707 3166 896 3247 neglexerit,
928 3187 1062 3248 poenam
1087 3165 1145 3226 sibi
1171 3173 1364 3239 contrahet.

216 3273 414 3354 Quarnquanr
439 3271 517 3333 haee
541 3271 764 3354 supplementa
787 3270 949 3331 fatendum
984 3276 1030 3330 est
1062 3268 1182 3331 incerta
1218 3293 1295 3337 esse
1331 3288 1364 3339 et

215 3382 346 3457 propter
369 3374 503 3435 formam
527 3381 694 3454 suspecta:
718 3379 753 3434 ut
777 3393 815 3434 ne
838 3371 866 3432 id
886 3371 1012 3454 quidem
1032 3379 1164 3449 constet,
1188 3373 1232 3435 ad
1250 3399 1364 3442 sacer·

215 3477 305 3539 dotes
328 3477 408 3537 hacc
433 3477 602 3560 portinere.

316 3577 353 3639 ln
379 3577 590 3668 Chalcedonio
614 3576 740 3639 decreto
765 3576 813 3638 Ib
844 3575 1017 3639 sacerdotis
1047 3595 1109 3637 non
1142 3579 1242 3641 morlo
1275 3585 1362 3668 iura,

214 3679 271 3742 scd
296 3681 391 3743 etiarn
415 3681 519 3742 officia
540 3702 651 3763 parum
676 3686 823 3742 accurate
846 3687 1058 3760 exponuntur.
1105 3678 1173 3741 Nisi
1193 3689 1362 3770 templum

214 3782 328 3845 cotidie
356 3782 532 3846 ornandum
564 3805 632 3846 csse
657 3782 906 3864 venenumque
938 3784 1109 3864 porticum,
1141 3803 1226 3865 quae
1253 3811 1364 3877 prope

214 3887 396 3969 Aesculapii
430 3887 582 3968 templum
614 3886 674 3948 sita
705 3893 762 3964 est,
795 3885 872 3946 nihil
903 3885 969 3946 fere
1001 3884 1109 3947 titulus
1144 3888 1212 3968 ipse
1248 3893 1363 3962 docet,

216 3989 318 4061 Quam
331 3988 496 4071 porticum,
509 3998 544 4050 ut
557 3986 640 4072 apud
656 3987 881 4048 Atlrcuisnses¹
897 3987 926 4049 in
939 3987 1119 4069 Aesculapii
1133 3989 1215 4053 aede
1230 3992 1363 4063 factum

215 4099 279 4170 est,
316 4090 356 4151 ad
388 4100 538 4169 aegrotos
573 4088 777 4173 excipiendos
811 4089 987 4151 institutam
1021 4112 1090 4152 csse
1124 4091 1280 4164 arbitror.
1318 4139 1362 4148 —-

320 4275 328 4306 ¹
348 4274 382 4322 cl.
404 4271 538 4334 Aristopb.
558 4271 628 4320 l‘lnt.
650 4286 672 4319 v.
691 4267 750 4319 670.
