2956 4822
651 311 743 395 [ran
1208 319 1265 378 raa

233 509 260 568 ὁ.
297 508 416 570 (f'rrusus
452 531 531 592 quau
565 507 734 572 areboutru
768 509 851 570 Stirii
888 507 1080 587 (burdinum,
1115 522 1264 592 quaestor

129 632 289 673 sacrorum
323 635 383 674 una
415 635 485 675 eum
517 612 723 675 archontibus
754 611 944 691 diiudicata,
975 622 1007 674 et
1040 634 1121 695 arnae
1154 613 1267 676 indieia

128 717 291 777 sortientia
316 727 399 796 eunt,
425 740 460 778 ea
486 738 547 778 una
571 738 641 778 eum
667 716 875 777 archontibus
899 717 1037 780 sortitor.

233 823 262 882 a.
298 819 346 880 Ne
378 820 614 902 magistratibus
649 821 736 901 fungi
773 820 874 881 Stiriia
912 835 1067 901 rogantur
1109 819 1264 883 tiarieorrii

129 923 318 1005 quicumque
338 923 493 985 Medeam»
513 923 746 994 areboutatmu,
770 931 951 1006 praeturam
971 926 1052 985 iuter
1070 926 1265 1007 peregrinos.

129 1037 314 1088 exactorum
333 1027 666 1089 administratoruume
683 1048 824 1100 munera,
841 1027 1030 1103 eaeoutotia,
1047 1030 1264 1109 pontificatum

129 1140 314 1209 grisseruut,
347 1151 427 1191 neue
452 1130 600 1193 mulieres
632 1151 850 1214 quaerumque
879 1131 1056 1194 sacerdotia
1090 1144 1265 1213 gesseruut,

131 1231 187 1293 uisi
213 1235 283 1316 quia
309 1235 390 1295 ultro
415 1234 576 1317 suscipiat.
619 1234 681 1296 Sed
707 1234 848 1315 eliguuto
882 1257 921 1295 ex
954 1236 998 1296 eis
1025 1235 1264 1299 btedeouiorum

130 1337 182 1419 qui
207 1337 362 1398 imununrs
386 1339 490 1400 aritine
514 1338 653 1409 fuerunt,
678 1348 709 1399 et
734 1362 750 1398 e
776 1338 889 1401 Stiriis.

235 1445 261 1503 7.
298 1440 394 1502 Sacra
419 1442 660 1504 administrante
686 1442 778 1503 etiarn
810 1441 977 1505 tlerleoniu
1005 1444 1164 1524 quomodo
1194 1445 1266 1528 lege

130 1543 254 1624 publiea
278 1543 403 1621 (Stiria)
430 1545 641 1607 adurinietrari
666 1546 825 1608 iubentur.

232 1648 261 1710 8.
298 1647 338 1708 Et
362 1670 439 1729 ager
459 1648 648 1710 Medeouius
673 1660 760 1712 totus
778 1649 891 1712 Stirius
908 1660 985 1727 esto,
1009 1659 1041 1711 et
1058 1672 1134 1730 ager
1151 1652 1264 1715 Stirius

132 1749 319 1812 Morluouiua
345 1759 421 1820 ento,
447 1753 621 1814 eommunis
646 1752 719 1816 iuris
746 1764 890 1836 uterque.

233 1860 261 1916 a.
297 1854 472 1938 l’artieipra
503 1864 598 1919 sunto
630 1856 787 1919 bleileonii
821 1858 1046 1920 saeritioiorum
1078 1879 1159 1941 quae
1191 1860 1265 1922 Stiri

132 1957 210 2018 tiunt
234 1959 384 2020 omnium.
409 1972 440 2019 et
464 1959 549 2021 Stirii
573 1983 682 2022 eorum
707 1983 787 2044 quae
816 1961 972 2024 ,ilerteona
1003 1963 1083 2024 tiunt
1114 1964 1264 2027 onmium.

238 2065 282 2124 10.
320 2061 367 2122 Ne
393 2062 484 2141 litent
509 2063 658 2125 seueriore
678 2064 853 2127 Merinouiis
876 2089 894 2128 e
918 2066 1030 2144 Stiriis,
1056 2086 1138 2130 neue
1163 2068 1265 2130 Stiriis

129 2185 148 2225 a
172 2165 359 2228 Medeoniiu.
404 2166 485 2228 Utra
510 2176 616 2230 autem
642 2169 752 2231 eiuitns
778 2181 870 2251 pareto
892 2190 954 2230 uon
979 2171 1111 2247 steterit,
1136 2171 1162 2231 ei
1184 2193 1265 2254 quae

129 2269 251 2330 steterit
275 2281 380 2351 paeto,
404 2269 521 2332 soluite
545 2271 668 2351 argenti
692 2270 812 2333 talenta
836 2272 944 2334 decem
969 2269 1100 2353 (65an
1126 2273 1191 2351 bi).

233 2374 283 2434 ll.
318 2371 462 2435 Tabulae
487 2373 632 2457 lapideae
656 2374 841 2459 inscriptum
865 2385 1010 2458 ponunto
1045 2376 1104 2438 boe
1136 2384 1264 2459 paetum

128 2473 160 2534 iu
192 2476 310 2558 templo
336 2476 512 2552 Mineruae,
545 2479 618 2540 item
651 2479 836 2562 depmumto
870 2481 952 2561 pacti
984 2481 1146 2564 exemplar
1179 2481 1264 2565 apud

132 2576 288 2657 priuatum
322 2581 457 2663 aliquem
490 2582 593 2663 sigillo
625 2585 792 2647 munitum.
819 2619 853 2627 -
883 2584 1148 2671 Depositumest
1180 2586 1264 2669 aput]

130 2679 327 2744 Thrasonem
352 2683 560 2750 Lilaeeusem.

236 2788 284 2849 12.
321 2786 495 2852 Scribunda
520 2788 688 2852 adfuerunt
713 2789 856 2852 Thraseu
876 2791 1031 2853 Deuretrii
1054 2793 1075 2854 f.
1097 2790 1264 2873 biotenate,

131 2885 303 2969 Euputidas
329 2890 500 2955 'Pbrasorris
527 2891 546 2953 t.
570 2893 761 2972 Lilaeensia,
786 2891 981 2956 'siuroeratea
1013 2894 1135 2978 Epiuiei
1168 2898 1189 2958 f.
1213 2895 1264 2958 'ri-

131 2990 312 3056 tborreusia.

238 3100 283 3158 13.
319 3096 425 3159 Dunto
459 3099 544 3160 Stirii
578 3099 739 3182 pbratriae
773 3099 1012 3161 Medeeuiorum
1048 3102 1130 3163 intra
1165 3123 1264 3165 anuos

131 3206 281 3278 quattuor
305 3203 429 3282 argenti
455 3203 553 3264 minua
578 3203 714 3284 quinque
739 3205 781 3284 (e.
799 3206 862 3263 aab
887 3200 946 3281 M.)
972 3214 1003 3264 et
1027 3194 1159 3267 tiindum
1183 3227 1265 3288 quae

131 3300 244 3364 dieitur
269 3303 439 3368 Damatrea
463 3308 523 3386 tt).

236 3512 322 3584 Qnua
346 3514 547 3577 condiciones
573 3536 644 3577 eum
668 3515 827 3598 respicias,
862 3515 923 3576 iam
949 3516 1088 3577 omnium
1119 3517 1265 3599 princeps

131 3623 179 3677 ent
203 3616 291 3695 haee,
322 3624 354 3678 ut
382 3617 540 3681 Medeonii
566 3641 675 3681 omues
707 3619 792 3680 ciues
818 3617 903 3680 Stirii
933 3618 1018 3679 fiant.
1062 3618 1171 3703 Atque
1202 3642 1264 3702 quo

132 3720 226 3783 modo
251 3721 377 3784 differat
403 3723 460 3784 bae
485 3725 555 3803 lege
579 3723 761 3807 ayrnpolitia
784 3723 950 3784 Stiriorum
976 3730 1006 3782 et
1025 3722 1265 3787 b‘lerleouiorum

130 3848 150 3886 a
173 3826 362 3908 syrupolitiia
387 3827 440 3904 ein,
472 3847 551 3910 quae
575 3849 705 3910 prorsus
737 3828 848 3909 aequis
880 3825 1117 3888 eondieionibus
1149 3827 1266 3891 fiebant

131 3930 185 4001 ita,
210 3939 244 3991 ut
268 3951 306 3992 ue
323 3931 354 3991 in
372 3952 485 3992 nomeu
504 3931 632 4014 quidem
648 3932 778 3993 alterius
796 3931 931 3992 ciuitatis
948 3931 1049 3993 altera
1067 3930 1265 4011 eeueederet,

131 4055 227 4116 supra
251 4035 385 4116 exposui
410 4035 452 4116 (p.
475 4040 517 4109 tt).
565 4037 593 4096 A
620 4036 867 4118 Smyrnaeorum
897 4047 1002 4096 autem
1027 4039 1057 4095 et
1083 4032 1265 4115 Magnetum

133 4146 224 4221 noeto
251 4137 328 4199 baec
352 4140 535 4221 uyurpolitia
559 4139 684 4202 diuersa
710 4148 757 4201 est
782 4139 834 4217 ita,
860 4146 893 4200 ut
919 4138 1076 4200 Medeonii
1107 4136 1266 4221 phratriae

133 4240 295 4303 Stirieusis
320 4242 425 4303 locum
451 4242 614 4305 obtineant
639 4243 683 4322 (r.
709 4244 778 4322 77),
807 4265 879 4304 eum
904 4241 1071 4323 Magnetes
1102 4243 1134 4303 ia
1165 4243 1266 4306 tribus

132 4344 379 4429 Smyrnaeorum
403 4346 640 4412 distribuantur.
