3030 4816
669 292 761 382 [355]
1261 306 1280 367 a

150 494 282 561 Latinos
305 517 432 560 creseus
456 494 596 559 delinitio
620 494 679 558 nisi
711 494 740 556 in
771 493 862 557 Marii
893 492 1048 559 Victorini
1079 503 1147 560 arte
1178 517 1282 580 grem-

149 603 263 666 matica
286 600 351 685 (VI
375 604 425 681 67,
448 603 467 663 5
491 598 549 683 Κ),
573 598 626 661 ubi
651 598 798 682 legimus:
840 621 1027 683 ...quam
1044 600 1158 665 Graeci
1173 602 1282 666 dieunt

149 713 264 788 κρᾶσιν,
287 706 318 770 id
343 714 391 771 est
415 727 486 770 cum
509 703 603 768 unius
637 703 760 767 litterae
792 703 910 767 uocalis
941 705 972 767 in
1003 704 1126 769 duabus
1153 706 1282 790 syllabis

148 813 185 875 fit
218 812 415 887 communio,
452 815 488 874 ut
527 807 659 888 „andire
694 815 742 872 est
780 829 898 892 operae
935 810 1073 894 pretium
1110 811 1283 895 procedere

149 917 254 980 recte“
269 963 298 979 ..
315 965 343 979 ..
367 933 450 998 quae
472 912 570 976 ueluti
594 933 650 997 per
674 914 862 976 contrarium
883 911 1111 997 ouveuqulvqon
1126 914 1156 977 in
1173 915 1283 979 metris
1375 967 1379 975 .

152 1018 311 1084 imitatur'.

255 1139 501 1205 Commissurum
525 1136 660 1200 duarum
683 1137 842 1201 uocalium
865 1139 896 1202 in
920 1159 983 1202 uuo
1004 1138 1162 1202 uocabulo
1179 1137 1284 1203 Latini

153 1245 400 1331 synaeresin
424 1243 589 1306 nominent
613 1249 694 1305 teste
717 1241 817 1305 Mario
840 1242 947 1305 Plotio
967 1243 1141 1307 Sacerdote
1162 1244 1193 1307 in
1216 1247 1284 1307 arte

151 1340 358 1434 grammatica
381 1346 445 1424 (VI
469 1350 543 1428 453,
569 1350 583 1409 1
603 1345 668 1424 Κ);
693 1343 930 1431 ‘Episynaliphe
953 1348 1005 1409 uel
1028 1348 1204 1433 synaeresis
1224 1357 1283 1430 est,

153 1477 225 1520 cum
249 1454 455 1539 plurimarum
477 1451 672 1536 syllabarum
696 1451 790 1514 dictio
817 1451 848 1514 in
879 1452 1045 1535 pauciores
1076 1452 1283 1531 concluditur,

134 1568 186 1623 ·ut
222 1559 349 1640 ,fixerit
382 1554 561 1640 aeripedem
596 1554 709 1639 [Verg.
740 1555 823 1620 Aen.
853 1554 902 1618 VI
935 1553 1033 1639 803)“
1070 1561 1102 1620 et
1136 1555 1284 1636 ,Oelides

152 1663 249 1745 (Aen.
273 1662 322 1725 VI
345 1661 442 1742 529)“
468 1681 526 1744 pro
552 1659 770 1744 ,aeripedenr“
796 1669 828 1722 et
854 1660 1064 1740 ,Aeolides“.'

254 1783 343 1847 Idem
368 1782 398 1845 in
423 1781 568 1865 Pompeii
592 1789 771 1845 commento
795 1779 841 1863 (V
865 1784 938 1863 297,
962 1784 1002 1845 29
1027 1789 1059 1845 et
1082 1785 1156 1864 298,
1179 1786 1198 1846 5
1222 1781 1285 1860 Κ);

152 1888 344 1973 'Synceresis
368 1893 415 1949 est
441 1936 448 1950 .
473 1934 480 1948 .
505 1935 512 1949 .
539 1933 555 1962 .,
580 1885 725 1969 quotiens
746 1884 828 1947 duae
857 1884 1000 1969 syllabae
1029 1887 1060 1948 in
1090 1906 1187 1949 unam
1211 1906 1285 1949 con·

151 1994 319 2056 trahuntur
342 2041 349 2055 .
375 2040 382 2054 .
408 2037 448 2054 ..
481 2002 517 2051 ut
556 1998 603 2054 est
642 1988 719 2051 illud
756 1989 879 2067 ,fixerit
917 1989 1096 2073 aeripedem
1136 1989 1283 2054 ceruam“

152 2096 249 2174 (Aen.
273 2094 320 2158 VI
343 2094 421 2176 803)
446 2114 502 2178 pro
527 2115 563 2157 eo
587 2091 673 2177 quod
697 2101 745 2155 est
771 2093 1010 2177 ,atir·ipedem“'.

256 2216 307 2280 De
339 2214 607 2300 synaloepha
635 2213 698 2277 loci
727 2220 801 2277 sunt
830 2215 860 2277 in
892 2213 1055 2278 Diomedis
1085 2221 1153 2278 arte
1185 2236 1287 2298 gram·

154 2322 270 2384 matica
293 2320 323 2402 (Ι
346 2320 420 2397 442,
446 2321 484 2381 15
508 2317 569 2399 Κ);
593 2318 776 2402 ‘Synaliphe
802 2325 850 2383 est
873 2319 1013 2398 conlisio,
1037 2340 1118 2403 quae
1140 2321 1184 2401 fit,
1215 2343 1286 2385 eum

156 2425 288 2488 duarum
315 2423 454 2487 intense
481 2424 736 2487 concurrentium
765 2423 923 2485 uocalium
953 2423 1053 2487 altera
1085 2425 1222 2504 eliditur,
1253 2434 1288 2488 ut

158 2537 272 2613 ,atque
295 2549 334 2590 ea
357 2527 483 2590 diuersa
506 2527 632 2610 penitus
656 2526 729 2588 dum
749 2535 841 2610 parte
860 2535 1013 2610 geruntur
1036 2528 1132 2607 (Aen.
1149 2528 1198 2591 IX
1216 2526 1287 2610 1)“;

153 2632 202 2696 hic
226 2632 308 2695 enim
333 2652 431 2693 unum
466 2628 521 2709 ,e“
556 2629 750 2711 praecedens
782 2630 909 2693 excludi
933 2652 1061 2694 necesse
1086 2637 1143 2694 cst.
1168 2632 1287 2694 liaeca

152 2734 341 2820 quibusdam
375 2733 523 2816 syncrisis
557 2730 635 2813 (leg.
673 2733 910 2817 ,synaeresis“)
947 2730 1150 2812 nominatur,
1189 2740 1220 2797 et
1254 2734 1285 2796 in

153 2839 244 2902 Marii
266 2836 422 2900 Victorini
444 2845 513 2899 arte
544 2836 753 2918 grammatica
783 2836 849 2917 (Vr
872 2839 932 2916 66,
969 2839 985 2899 l
1011 2835 1075 2917 KJ:
1111 2835 1286 2921 ‘orrrvalorqq‘

154 2949 218 3025 cst,
247 2963 317 3005 oum
348 2940 428 3003 inter
459 2940 537 3002 duas
568 2940 724 3023 loquellas
755 2940 889 3002 duarum
924 2940 1081 3004 uocalium
1114 2961 1286 3005 concursus

153 3048 284 3112 alteram
309 3039 415 3107 elidit.’
450 3030 453 3036 ⁸

258 3165 404 3248 Denique
429 3164 468 3227 de
493 3163 694 3248 ecthlipsi
717 3163 837 3227 Marius
860 3164 982 3229 Plotius
1007 3163 1069 3246 (vt
1087 3168 1160 3248 453,
1185 3167 1286 3248 61t):

154 3271 212 3335 ‘Dc
235 3269 389 3352 ecthlipsi.
434 3267 485 3331 De
513 3269 572 3332 hae
603 3289 834 3352 superuacuum
866 3276 914 3331 est
945 3268 1058 3348 dicere,
1090 3271 1164 3353 quia
1195 3291 1287 3355 syna·

152 3374 258 3457 liphae
281 3371 389 3435 similis
413 3379 475 3451 est3
500 3371 630 3454 quidam
649 3379 753 3434 tamen
770 3371 852 3433 inter
866 3370 1055 3455 synaliphen
1072 3380 1103 3434 et
1120 3373 1286 3456 ecthlipsin

154 3479 212 3542 boc
235 3479 388 3540 interesse
412 3477 593 3554 uoluerunt,
617 3485 651 3538 ut
675 3473 843 3559 synaliphe
867 3476 907 3538 sit
931 3474 1099 3557 uocalium,
1125 3476 1286 3561 ecthlipsis
1306 3476 1310 3482 ’

153 3607 232 3651 uero
257 3577 518 3646 consonantium'

257 3705 367 3788 Atque
391 3701 558 3785 ecthlipsin
582 3701 824 3765 consonantium
847 3701 1010 3764 elisionem
1033 3721 1102 3764 esse
1125 3699 1286 3766 Charisius

155 3827 280 3892 quoque
308 3811 444 3869 testatur
471 3805 500 3866 iu
533 3803 729 3867 institutione
761 3804 968 3885 grammatica
998 3802 1125 3884 (1279,
1161 3806 1198 3866 12
1222 3803 1283 3884 Κ);

154 3907 323 3994 ‘ecthlipsis
346 3915 406 3991 est,
436 3930 507 3973 cum
538 3907 663 3971 duabus
698 3907 887 3971 dictionibus
916 3906 995 3971 dure
1027 3908 1287 3972 concurrentibus

155 4015 260 4098 aliqua
284 4013 523 4079 consonantium
548 4012 600 4074 uel
623 4011 728 4096 plures
750 4012 912 4095 quaelibet
936 4011 1106 4089 eliduntur,
1131 4020 1166 4076 ut
1188 4013 1287 4091 ,niul-

155 4125 224 4182 tum
247 4118 300 4182 ille
324 4127 355 4182 et
377 4118 467 4182 terris
491 4118 626 4179 iactatus
650 4124 681 4179 et
704 4117 767 4180 alto
791 4115 983 4197 (Aen.13)“
1009 4135 1066 4198 pro
1093 4114 1287 4196 ,multum“'.

258 4238 367 4302 Facile
401 4238 611 4321 intellegitur,
645 4258 739 4321 quem
774 4239 901 4322 penitus
936 4236 1091 4300 vocabula
1126 4237 1179 4300 illa
1212 4241 1287 4303 artis

156 4343 323 4408 sollemnia
345 4365 364 4406 a
387 4343 601 4428 gruurnraticis
624 4342 746 4407 Latinis
771 4348 967 4407 commutata
989 4343 1063 4424 sint,
1095 4343 1212 4426 quippe
1235 4343 1288 4425 qui

1142 4444 1196 4498 qq„
