2954 4816
197 282 238 343 co
721 274 788 360 [so]

197 469 218 534 d
226 471 369 534 istaut.
424 465 590 532 Discedere
622 468 654 531 in
686 466 768 532 libro
791 466 843 530 III
871 465 1044 535 desistendi
1075 467 1138 530 vim
1170 468 1330 532 continet:

196 575 248 656 29,
273 575 292 634 4
313 573 468 656 placuerit
489 572 571 635 iuter
593 591 654 653 eos,
677 578 711 635 ut
734 572 1024 636 discederetur
1048 572 1085 635 ab
1108 572 1269 654 emptione.

299 697 326 741 c.
370 675 433 740 Pro
461 677 627 739 necessitas
657 676 845 761 imponitur,
877 677 960 761 quod
987 685 1020 741 et
1042 675 1076 740 II
1098 678 1156 752 23,
1180 678 1197 738 t
1222 684 1254 738 et
1276 676 1330 738 III

201 784 225 858 1,
252 784 290 843 14
313 799 416 864 aequo
439 778 534 842 modo
551 779 582 842 in
605 801 665 843 usu
689 785 747 860 est,
770 780 796 843 is
819 780 872 864 qui
895 780 1015 864 priores
1031 779 1130 843 libros
1151 781 1332 864 composuit

195 883 288 968 III,
319 885 338 946 2
369 882 480 947 maluit
509 881 613 947 dicere
645 889 679 947 ut
793 883 977 948 traditionis
1005 886 1239 949 necessitas
1268 886 1330 949 iu·

197 986 358 1051 cumbet
392 986 549 1052 donatori.
609 986 699 1052 Idem
733 993 842 1053 autem
875 987 1008 1051 verbum
1046 986 1221 1051 incumbere
1258 1009 1330 1052 cum

196 1091 303 1154 datiso
340 1097 557 1155 constructum
590 1091 621 1154 in
649 1092 825 1177 posteriore
859 1092 1098 1156 Institutionum
1139 1100 1230 1176 parte
1268 1093 1330 1170 (IV

198 1199 225 1273 1,
253 1196 304 1277 14)
327 1195 484 1280 significat
508 1195 581 1258 ‘sich
604 1195 711 1260 hulten
736 1196 798 1260 sn':
828 1197 950 1280 capedit
977 1198 1004 1259 ei
1022 1197 1067 1280 pi
1075 1198 1199 1279 puori
1221 1198 1331 1280 potiies

196 1298 423 1363 incumbere
445 1319 538 1384 quam
559 1301 594 1363 iu
612 1320 782 1383 personam
810 1320 903 1385 apere
935 1298 1005 1381 (cfr.
1028 1298 1103 1383 Dig.
1127 1298 1332 1364 XXXXVII

197 1405 226 1482 2,
249 1406 290 1468 56
308 1405 441 1487 pipucri
461 1424 518 1467 suo
540 1405 729 1486 incumbere)
753 1432 793 1457 =
817 1402 963 1487 Theoph.
986 1401 1132 1486 συμφέρει
1160 1401 1219 1485 γάρ
1242 1402 1332 1489 αὐτῷ

194 1513 310 1587 μᾶλλον
332 1513 479 1589 κρατεῖν
502 1504 542 1571 td
564 1505 741 1589 ἐνέχυρον
761 1509 812 1571 καὶ
834 1514 998 1590 περιποιεῖν
1016 1505 1119 1593 ἑαυτῷ
1140 1505 1176 1570 τό
1197 1507 1331 1594 despuite

196 1611 343 1674 ἐντεῦθεν
364 1607 386 1692 ἧ

299 1714 330 1779 d.
374 1713 573 1777 Removendi
607 1716 768 1779 notionem
805 1735 875 1779 oum
909 1715 972 1779 alia
1006 1715 1103 1778 verbs
1138 1715 1330 1799 exprimunt,

197 1838 278 1902 quse
302 1819 447 1881 omnibus
471 1825 622 1902 quattuor
643 1819 731 1884 libris
755 1821 933 1884 communis
964 1827 1056 1902 sunt,
1089 1825 1156 1883 tum
1180 1817 1232 1882 III
1256 1821 1284 1895 9,
1308 1821 1328 1882 6

196 1922 315 2005 legitur
346 1925 430 1986 ouem
461 1924 704 2006 scrupulositate
736 1924 936 1988 resoluta.
993 1922 1083 1987 Idem
1117 1925 1247 1987 verbum
1282 1923 1328 1985 in·

196 2025 321 2088 venitur
354 2026 482 2110 quidem
514 2026 548 2090 II
581 2030 617 2109 1,
650 2028 700 2110 25,
732 2027 789 2092 sed
822 2026 906 2091 ahud
937 2028 1108 2110 signifieat,
1140 2027 1260 2091 scilicet
1287 2023 1328 2088 ‘in

197 2135 315 2215 partes,
339 2151 379 2193 ex
402 2130 516 2213 quibus
540 2130 665 2211 coaluit,
688 2130 806 2215 aliquid
823 2132 928 2195 denuo
953 2132 1076 2196 solvere
1093 2130 1145 2194 vei
1161 2130 1328 2212 redigere':

196 2252 235 2296 ne
262 2233 397 2296 recubum
426 2234 548 2317 quidem
578 2233 622 2297 ad
652 2236 759 2298 uinum
787 2242 814 2299 et
843 2237 902 2298 met
933 2236 1089 2299 resolui
1115 2240 1224 2317 potest.
1276 2232 1326 2296 Ex

160 2386 164 2391 ,
197 2337 353 2399 contrario
384 2336 482 2399 utitur
510 2335 551 2399 ed
582 2337 765 2401 removendi
788 2338 950 2402 notionem
975 2336 1213 2423 exprimendam
1244 2358 1328 2401 com·

195 2440 316 2525 positor
330 2439 442 2523 prioris
459 2440 557 2522 partis
573 2440 671 2504 verbo
685 2460 833 2519 resecare,
852 2440 938 2525 qnod
950 2440 1083 2505 verbum
1099 2441 1130 2504 in
1149 2441 1328 2525 posteriore

194 2553 284 2630 parte
308 2566 372 2609 non
396 2547 526 2630 legitur:
557 2545 655 2627 120,
679 2549 698 2611 5
728 2547 907 2611 huiusmodi
936 2548 1141 2631 difficultates
1169 2546 1328 2610 borreiuum

196 2656 439 2715 resecantes.

298 2754 488 2818 Sollemnem
511 2753 662 2839 loquendi
689 2775 782 2819 usum
812 2760 962 2819 secuntur
985 2753 1223 2832 Institutiones‚
1255 2775 1327 2820 oum

195 2858 331 2923 habeant
353 2857 401 2922 IV
417 2861 446 2934 6,
471 2861 490 2923 5
513 2859 694 2923 rescisso
717 2860 908 2943 usucapione
930 2866 961 2922 et
979 2859 1028 2921 IV
1056 2862 1084 2936 6,
1108 2862 1126 2923 6
1148 2860 1324 2924 rescissa

194 2962 371 3027 traditione.
418 2963 454 3025 Iu
479 2962 557 3027 libro
585 2961 614 3028 II
641 2969 674 3046 1,
697 2967 737 3027 29
768 2963 944 3027 rescindere
972 2963 1128 3046 significat
1150 2959 1326 3028 ‘demoliri’z

194 3086 232 3129 ne
253 3066 397 3148 aedificia
420 3065 604 3129 rescindi
624 3086 744 3129 necesse
765 3069 815 3131 sit.
859 3066 1002 3130 Verbum
1027 3067 1208 3148 dissolvere,
1240 3065 1326 3151 quod

194 3169 321 3253 quidem
351 3169 381 3231 in
411 3168 498 3232 libris
521 3167 564 3233 III
587 3178 619 3232 et
642 3169 690 3232 IV
712 3169 829 3233 frustra
852 3170 1012 3254 quaesivi,
1037 3177 1129 3235 extat
1152 3170 1229 3234 locis
1260 3171 1327 3233 his:

195 3270 208 3338 l
233 3274 318 3354 10‚7
343 3272 554 3337 dissoluto
579 3273 743 3355 adfinitate
759 3276 771 3355 11
789 3276 838 3351 10,
857 3275 895 3336 12
919 3274 1123 3338 dissoluto
1147 3275 1206 3337 tuti
1221 3275 1303 3337 coitu
1318 3271 1328 3356 Η

196 3378 245 3458 11,
262 3378 281 3439 2
296 3378 373 3438 iuro
382 3378 549 3459 potestatis
572 3379 731 3441 nutriretis
752 3380 857 3461 patris
879 3380 1004 3441 minium
1027 3378 1159 3441 dissot
1167 3383 1326 3442 cuntur.

296 3479 377 3543 Sunt
399 3480 495 3543 ctiam
518 3480 581 3543 alin
604 3480 712 3562 verbu,
735 3482 767 3544 in
791 3480 903 3566 quibus
929 3481 1042 3546 eadem
1066 3481 1112 3544 vis
1137 3482 1234 3559 inest,
1257 3481 1326 3564 qui·

193 3582 253 3646 bus
275 3583 345 3647 solu
366 3584 523 3667 posterior
540 3584 782 3648 Institutionum
806 3605 878 3668 pars
902 3584 1015 3648 utitur:
1038 3583 1081 3649 III
1106 3586 1191 3666 1,16
1213 3591 1326 3648 nostra

193 3693 296 3751 autem
318 3689 534 3751 constitutione
634 3690 691 3751 toti
715 3690 781 3752 iuri
803 3689 869 3751 eius
891 3688 1132 3772 deropotum
1155 3695 1212 3752 est
1229 3686 1240 3770 ΙΙ
1257 3691 1287 3770 9,
1306 3690 1326 3751 6

191 3797 356 3875 utromque
384 3791 534 3855 bonorum
561 3793 783 3874 possessiouem
806 3839 863 3856 ...
884 3794 1010 3875 penitus
1039 3794 1303 3856 uocieouimus
1316 3789 1326 3875 Η

195 3896 250 3974 12,
282 3916 328 3979 pr.
359 3895 509 3958 bonorum
539 3896 729 3959 conditiones
760 3897 1070 3980 eapirouerunt.
1127 3896 1236 3980 Atque
1268 3917 1327 3979 per

192 4017 301 4061 omnes
318 4003 468 4082 quattuor
483 3999 578 4064 libros
602 4001 633 4063 in
657 4020 716 4062 usn
738 4007 828 4063 sunt:
853 4003 887 4079 α)
911 4001 1043 4064 soluere:
1065 3998 1079 4064 Ι
1103 4003 1201 4081 12,8;
1227 4002 1323 4078 16,6;
1452 4034 1457 4044 ·

192 4099 292 4182 1111,
320 4105 367 4166 14.
411 4101 446 4184 p)
473 4105 596 4187 perire:
626 4100 639 4168 1
665 4105 714 4176 16,
737 4105 772 4180 6,
803 4105 859 4183 22,
884 4106 902 4165 4
926 4101 1028 4188 (ter);
1060 4102 1169 4188 1120,
1195 4106 1252 4182 23,
1282 4101 1325 4169 ΙΙΙ

192 4206 222 4287 4,
247 4206 276 4270 2.
321 4205 353 4286 p)
376 4207 495 4271 toliere:
517 4205 531 4273 l
556 4210 591 4289 7,
615 4209 666 4287 22,
688 4209 726 4289 4,
749 4204 778 4273 ΙΙ
801 4208 852 4287 20,
875 4209 911 4290 2,
934 4205 978 4272 III
1001 4210 1030 4287 9,
1054 4211 1095 4289 5,
1117 4210 1199 4290 7,4,
1226 4210 1324 4290 19,1;

194 4309 242 4386 15,
270 4312 301 4388 1,
333 4310 392 4389 29,
414 4330 480 4395 pr.;
512 4312 566 4391 29,
589 4313 624 4390 2,
659 4308 708 4375 IV
731 4313 767 4392 6,
791 4311 847 4388 29,
884 4313 920 4389 6,
944 4308 1013 4375 33⁶.
1067 4309 1099 4392 δ)
1131 4313 1326 4394 ectinpuere:
