2970 4814
655 294 697 305 -
747 255 834 343 [222]
882 294 920 302 -

305 447 353 514 45
377 444 614 526 δακτύλιος;
642 470 673 514 v.
696 438 804 535 ἦτρον.

305 567 353 634 46
377 563 583 634 δάκτυλοιε
619 566 651 634 οὶ
675 564 830 634 δάκτυλοι
853 564 1028 653 δράκτυλοί
1050 566 1134 646 τινές
1155 565 1234 648 είσι,
1263 564 1355 652 παρὰ

220 668 257 737 τὸ
289 667 505 757 δρέπεσθαι·
540 666 562 761 ἢ
592 670 757 752 δέκτυλοι,
787 669 931 738 δεκτικοὶ
961 664 1051 750 ὄντες
1075 672 1140 736 τῶν
1161 670 1355 755 διδομένων·

220 770 242 863 ἢ
264 771 436 855 δείκτυλοι,
460 768 530 842 ἀπὸ
552 777 611 842 τοῦ
633 770 681 843 δι’
707 770 814 841 αἰτῶν
835 771 988 861 γίνεσθαι
1013 771 1073 854 τάς
1088 771 1252 860 δείξειςῑ).
1290 777 1356 840 τῶν

220 879 256 945 δὲ
278 874 446 945 δακτύλων
473 880 491 945 6
518 878 590 963 μέν.
606 878 708 966 μέγας
729 873 871 964 ἀντίχειρ
893 876 1035 965 λέγεται,
1064 880 1082 945 6
1104 878 1141 945 δέ
1162 872 1230 963 μετ’
1256 873 1356 944 αάτὸν

220 978 363 1065 λιχανός,
396 983 414 1048 6
441 981 478 1050 δὲ
503 979 586 1067 μετὰ
619 985 734 1050 τοῦτον
760 981 874 1067 μέσος,
907 982 984 1049 δδέ
1005 976 1077 1067 μετ’
1102 980 1223 1049 ἐκεῖνον
1245 979 1357 1067 παρά-

216 1108 329 1169 μεσος,
360 1084 417 1151 καὶ
444 1086 462 1151 6
490 1077 623 1172 ύστερος
644 1072 769 1172 μικρός.
802 1086 858 1154 καὶ
883 1081 952 1153 ἀντ
965 1084 1068 1171 ίχειρ
1090 1084 1174 1177 μέν,
1190 1082 1241 1152 ὅτι
1264 1079 1355 1152 ἀντί-

216 1213 320 1256 κειται
348 1195 419 1269 τοῖς
445 1182 570 1270 ἀλλοις·
610 1186 632 1280 ἢ
661 1186 713 1258 ὅτι
736 1187 773 1258 τὸ
797 1187 871 1257 ἴσον
907 1187 1043 1257 δύναται
1074 1193 1114 1279 τῇ
1144 1184 1201 1278 ὅλῃ
1230 1186 1356 1276 χειρίί),

218 1287 312 1378 ἀργοὶ
341 1290 400 1379 γάρ
427 1290 510 1360 εἰσιν
537 1292 570 1360 οὶ
594 1288 686 1361 ἀλλοι
710 1290 781 1361 ὅλοι
803 1293 902 1378 χωρίς
928 1287 1039 1360 αὐτοῦ.
1088 1295 1107 1359 6
1128 1293 1164 1360 δὲ
1185 1294 1222 1359 λι
1229 1289 1355 1375 χανός,

218 1392 269 1463 ὅτι
292 1390 339 1462 δι’
365 1395 465 1464 αὐτοῦ
487 1393 528 1463 τά
543 1395 702 1484 έλίγματα
718 1394 928 1483 λαμβάνομεν
939 1398 977 1483 ³).
1001 1394 1078 1465 ἐἰσὶ
1102 1395 1138 1463 δὲ
1153 1393 1356 1482 τρικύνδυλοι

219 1496 356 1580 πάντες·
379 1500 436 1567 καὶ
459 1503 477 1568 6
498 1501 557 1586 μέυ
572 1504 704 1589 πρῶτος
718 1499 940 1588 προκόνδολος
955 1501 1091 1589 λέγεται,
1115 1503 1132 1567 6
1158 1500 1194 1568 δέ
1210 1497 1357 1587 δεύτερος

217 1603 326 1688 μέσος,
357 1605 434 1671 ὁδὲ
462 1603 572 1692 τρίτος
601 1603 684 1690 μετὰ
713 1609 772 1673 τοῦ
810 1600 923 1688 ἀνυχος
954 1601 1214 1691 μετακονδύλιον.
1263 1601 1357 1691 παρὰ

220 1699 277 1775 οὖν
298 1705 357 1798 τὴν
385 1705 514 1797 κάμψιν
540 1713 604 1777 τῶν
627 1707 795 1777 δακτύλων
818 1707 1007 1799 ἐκλήθησαν
1030 1705 1231 1789 κόνδυλοι,
1256 1705 1356 1775 οἱονεὶ

219 1809 372 1881 κάνδυλον
403 1807 504 1895 δ’ντες,
543 1814 620 1899 περὶ
651 1811 770 1894 αύτούς
799 1810 859 1901 γὰρ
889 1817 908 1902 ν)
938 1808 1069 1899 κάμψις
1096 1814 1160 1879 τῶν
1190 1808 1358 1878 δακτύλιον

219 1914 358 2004 γίνεται·
388 1913 410 2007 ἢ
432 1910 502 1985 οἷον
524 1915 673 1999 κένδυλός
695 1945 745 1998 τις
767 1913 820 2001 ιῖίν,
845 1920 863 1985 6
884 1915 933 1998 εἰς
954 1913 995 1983 τά
1018 1912 1094 1983 κενά
1114 1912 1270 2000 δυόμενος
1292 1920 1358 2008 τῶν

219 2019 456 2104 ῥαπιζομένων,
491 2018 566 2088 κενά
589 2018 649 2110 γὰρ
672 2024 801 2109 σαρκῶν
822 2017 864 2088 τὰ
886 2020 1014 2110 μέρηῑ).
1061 2017 1096 2086 αἱ
1120 2018 1156 2086 δὲ
1178 2013 1358 2086 ἀποτελευ-

218 2120 329 2214 τήσεις
350 2128 416 2191 τῶν
437 2125 471 2192 έν
492 2131 563 2206 τοῖς
585 2122 757 2206 δακτύλοις
779 2122 896 2210 νεύρων
917 2119 1026 2207 ἀνυχές
1041 2120 1134 2191 εἰσιν.
1172 2121 1298 2209 λέγεται
1322 2122 1358 2190 δέ

220 2222 314 2310 ἀνυξ
341 2225 434 2316 παρὰ
456 2225 493 2296 τὸ
517 2225 634 2311 νύσσω,
657 2226 750 2311 νύξω,
780 2224 932 2317 ἀποβολῇ
960 2229 1019 2294 τοῦ
1041 2229 1067 2294 ὠ
1093 2215 1153 2309 {v}
1172 2225 1228 2293 καί
1252 2251 1357 2314 προσ-

737 2326 1086 2354 ἱὶ)1)ί

219 2331 313 2399 θέσει
341 2334 400 2399 τοῦ
433 2341 452 2400 ὀ
479 2326 571 2413 ίίνυξ·
605 2329 627 2422 ἢ
657 2361 750 2419 παρα
776 2359 814 2400 το
844 2358 978 2419 ανοιγω,
1011 2332 1147 2414 ανοιξω,
1179 2324 1272 2410 ίίνοιξ
1300 2330 1358 2398 καὶ

219 2429 311 2519 ὄνυξ,
341 2430 389 2502 δι’
422 2425 460 2504 οὗ
486 2431 651 2525 ἀνοίγωσι
679 2440 699 2525 ἡ
725 2434 807 2526 σὰρξ
829 2436 886 2504 καὶ
909 2431 1131 2523 ἀραιοῦταιῧ).
1172 2435 1252 2524 ἡδὲ
1273 2432 1358 2520 μετὰ

219 2541 284 2604 τῶν
305 2534 473 2606 δακτύλων
495 2539 644 2627 γινομένη
666 2536 773 2630 πληγὴ
798 2535 820 2629 ἢ
842 2536 927 2605 κατὰ
951 2534 1103 2625 σιαγόνος
1124 2533 1247 2628 ἢκατά
1269 2564 1358 2619 τινος

219 2636 318 2710 ἀλλον
343 2639 450 2711 τόπου
472 2646 531 2710 τοῦ
554 2639 707 2728 σώματος
729 2639 903 2731 κόλαφος
924 2640 1060 2728 λέγεται,
1084 2638 1178 2730 παρὰ
1199 2644 1237 2710 τὸ
1261 2637 1358 2710 κόλον

218 2741 383 2836 ἀφεῖσθαι
413 2743 497 2827 κατὰ
525 2750 584 2814 τοῦ
610 2747 815 2833 τυπτομένου
841 2747 975 2833 μέρους·
1007 2740 1106 2836 ἤγουν
1133 2740 1272 2827 ἀσθενές
1299 2747 1356 2813 καὶ

218 2847 375 2919 ταπεινὸν
406 2846 491 2935 πρὸς
517 2847 558 2918 τὰ
586 2848 690 2919 λοιπὰ
718 2851 814 2940 μέρη·
846 2849 941 2932 κόλος
967 2847 1027 2938 γάρ
1054 2847 1092 2919 τό
1121 2847 1277 2927 ταπεινὸν
1299 2851 1356 2918 καὶ

218 2950 265 3043 μὴ
289 2951 471 3044 ὁλόκληρον.
506 2957 524 3022 6
553 2955 589 3022 δὲ
607 2950 736 3023 Ἀπίων
758 2951 829 3024 ἀπὸ
851 2958 911 3023 τοῦ
933 2950 1097 3042 καλύψαι·
1127 2951 1168 3023 τὸ,
1194 2953 1230 3022 δὲ
1252 2950 1356 3041 δνομα

214 3053 401 3146 Ἑλληνικὸν
423 3054 505 3146 παρ’
527 3054 732 3149 Ἐπιχάρμῳ·

426 3183 492 3271 ,ὡς
513 3185 593 3272 ταχύ
615 3186 761 3278 κόλαφος
783 3192 964 3272 περιπατεῖ
986 3184 1150 3275 δεινόςίιθ)

526 3295 679 3380 (horem,
703 3294 892 3381 Epicharm.
915 3314 946 3378 p.
967 3292 1054 3378 219).
1146 3364 1148 3371 ,

219 3419 278 3512 χρὴ
302 3413 358 3490 σίν
380 3419 556 3510 γινώσκειν,
580 3419 632 3491 ὅτι
655 3419 733 3491 ὅταν
749 3419 950 3509 συνάγωνται
973 3419 1005 3489 οὶ
1024 3420 1179 3507 τέσσαρες
1201 3418 1355 3491 δάκτυλοι

220 3521 446 3607 κατέύθεῖαν,
469 3524 673 3618 παλαιστὴ
696 3526 832 3613 λέγεται,
857 3517 928 3593 οἷον
943 3523 1092 3616 πελαστή
1113 3553 1164 3606 τις
1187 3517 1279 3608 ούσα,
1304 3524 1354 3594 ὅτι

220 3631 324 3712 πέλας
346 3629 504 3722 συνήγαγε
524 3628 566 3699 τὰ
589 3626 682 3715 ἀστοί,
707 3624 777 3699 οἷον
798 3626 874 3711 τούς
900 3627 1098 3710 δακτύλουςἿ
1111 3631 1157 3715 *)·
1188 3626 1210 3719 ἢ
1231 3632 1357 3716 δῶρον

220 3731 313 3820 παρὰ
335 3731 373 3803 τὸ
390 3737 573 3821 δωρεῖσθαι
598 3738 682 3824 ἡμᾶς
697 3734 730 3802 έν
745 3728 844 3823 αὐτῇ·
869 3728 924 3823 ἀφ’
944 3723 983 3823 ἧς
997 3740 1164 3819 μετρεῖται
1188 3737 1205 3823 ἡ
1230 3736 1356 3802 παλαι-

220 3836 335 3929 στή3)·
366 3837 404 3908 τὸ
427 3839 537 3926 τρίτον
559 3836 619 3927 γάρ
642 3840 712 3906 έστι
734 3842 794 3927 τῆς
815 3844 1004 3929 σπιθαμῆς,
1028 3833 1072 3918 ὡς
1094 3838 1151 3904 καὶ
1167 3834 1312 3928 Ὅμηρος

249 3963 328 4044 ,τοῦ
351 3960 428 4049 κέρα
451 3960 486 4027 ἐκ
509 3962 653 4050 κεφαλῆς
675 3957 940 4048 ἑκκαιδεκάδωρα
963 3957 1124 4049 πεφύκει“
1149 3960 1204 4047 (ΙΙ.
1221 3965 1254 4027 Δ
1271 3963 1353 4047 109).

307 4204 332 4273 *)
351 4204 398 4258 cfr.
417 4204 462 4260 Or.
482 4207 539 4270 1⁶29,
552 4206 586 4260 24
603 4204 640 4260 ad
658 4208 749 4261 totum
768 4206 817 4275 qui
835 4205 961 4276 sequitur
978 4204 1086 4288 locum..
