2970 4814
231 252 271 314 σε
666 285 704 296 -
752 245 840 336 [roa]
891 282 932 311 -..-,

230 433 295 503 εἰσὶ
323 439 448 522 μυελῶν
478 436 559 524 (καί)
585 430 802 521 ἇναμύχιοτοι.
852 435 980 501 Deinde
1009 455 1068 521 pro
1097 431 1250 520 πέλσροι,
1281 430 1369 518 quod

231 542 366 606 exhibet
388 541 500 617 Orion,
523 561 595 605 oum
619 540 845 627 Etymologieo
868 539 989 624 Magno
1011 547 1044 602 et
1060 539 1193 603 Meletio
1216 536 1365 602 seriben-

231 644 306 709 dum
331 646 458 711 videtur
481 641 661 731 πολσεοραί
684 639 785 729 (πολύ
805 651 838 710 et
853 632 959 730 σύρας)
978 675 1017 698 --·-
1039 642 1205 709 πλατεῖαι.
1251 642 1302 706 Ae
1327 662 1368 705 ne

231 746 457 834 πλευμονωροί
479 748 609 834 quidem
630 748 836 829 vocabulum,
860 748 947 833 quod
963 747 1004 813 ad
1020 748 1105 812 hune
1122 749 1229 812 loeum
1246 747 1369 832 optime

231 852 391 939 quadrare
408 853 546 933 videtur,
571 860 659 918 reete
677 851 832 917 traditum
853 874 927 918 esse
944 852 1092 939 suspicor
1108 852 1226 916 collato
1242 849 1369 915 Meletii

232 958 319 1038 loeo,
350 978 446 1043 quem
476 979 574 1044 supra
603 958 743 1023 excitavi
769 957 920 1042 (93‚29):
943 950 966 1044 ἢ
987 953 1159 1036 πολυωραὶ
1182 943 1295 1034 οὖσαν,
1326 945 1371 1030 ὡς

231 1056 455 1149 φυλάττουσαι
478 1059 534 1125 καί
560 1057 771 1146 περιέχουσαι
793 1056 851 1125 τὸν
873 1054 1088 1142 πνεύμονα,
1110 1053 1170 1146 τὴν
1191 1052 1371 1143 καρδίαν

231 1163 287 1229 καί
310 1159 369 1252 τὴν
392 1163 578 1250 γαστέρα.
628 1164 717 1230 Vera
745 1165 845 1250 igitur
874 1170 908 1229 et
934 1183 1090 1249 germana
1115 1163 1212 1227 lectio
1242 1161 1371 1226 videtur

232 1265 403 1354 πσλνωραί
430 1261 565 1334 ‘multas
599 1276 710 1354 partes
742 1259 991 1343 custodientes';
1027 1288 1116 1347 nam,
1150 1272 1186 1331 ut
1216 1265 1370 1330 Meletius

232 1373 353 1438 diserte
377 1374 525 1459 exponit,
555 1381 665 1438 costae
696 1372 880 1438 custodiunt
903 1368 1208 1458 amplectunturque
1237 1377 1270 1434 et
1297 1369 1370 1455 pul·

232 1498 362 1541 monem
403 1483 437 1540 et
473 1498 528 1542 eor
568 1483 601 1541 et
640 1483 801 1548 ventrem:
842 1498 880 1540 ao
916 1477 1069 1561 proclivis
1103 1483 1152 1538 est
1184 1475 1371 1538 coniectura

233 1581 320 1667 apud
343 1581 514 1659 Orionem,
545 1582 733 1667 priusquam
761 1580 1004 1660 decurtaretur,
1034 1579 1172 1643 eandem
1203 1578 1370 1642 exstitisse

236 1684 420 1749 lectionem.
463 1685 502 1749 In
526 1687 617 1750 ouius
645 1685 752 1750 lexico
776 1692 949 1771 postquam
973 1684 1131 1748 voeabula
1152 1677 1211 1770 τὴν
1234 1678 1372 1765 καρδίαν

234 1786 289 1853 καί
307 1783 366 1877 τὴν
381 1787 521 1874 γαστέρα
538 1790 716 1876 perierunt,
740 1789 906 1853 librarium
928 1788 1089 1873 quendam
1113 1808 1192 1851 sane
1212 1785 1300 1850 haud
1323 1786 1371 1848 in-

234 1891 383 1964 doetum,
419 1914 490 1956 oum
527 1894 614 1957 nullo
650 1891 746 1956 modo
783 1892 861 1956 ferri
892 1913 990 1977 posse
1019 1897 1167 1956 censeret
1195 1890 1371 1954 lectionem

202 1980 208 1997 ²
235 1991 420 2081 πλευραί,
445 1986 514 2059 οἷον
538 1994 708 2080 πολυωραὶ
733 1984 839 2075 οὖσαι,
863 1989 908 2074 ὡς
930 1991 1154 2084 φυλάττουσαι
1178 1992 1234 2059 καί
1259 1990 1372 2077 περιέ-

233 2120 349 2179 χουσαι
377 2093 434 2163 τὸν
456 2093 638 2182 πνεύμονα,
670 2100 745 2184 quia
773 2098 813 2164 de
847 2102 917 2164 sola
939 2121 1020 2165 voce
1048 2093 1200 2181 πνεύμων
1223 2098 1374 2182 quaestio

236 2209 339 2281 esset,
370 2224 435 2267 nou
464 2202 597 2290 illepide
626 2199 797 2287 πολοωραί
829 2203 1041 2268 eommutavit
1069 2204 1101 2266 in
1131 2198 1369 2287 πλευμονινροί.

237 2304 328 2379 Quae
357 2308 510 2391 leguntur
538 2309 569 2370 in
598 2306 651 2373 Ilt.
681 2307 723 2372 M.
748 2310 878 2384 omar
914 2302 936 2396 ἢ
964 2303 1113 2390 πλειοραί
1146 2328 1230 2383 τινες
1265 2294 1372 2384 οὖσαν,

237 2409 278 2472 ad
301 2410 441 2474 eundem
464 2410 594 2475 modum
620 2420 695 2475 sunt
718 2411 921 2497 corrigenda.

325 2519 355 2578 4.
385 2514 498 2578 Simile
522 2515 635 2578 vitium
658 2516 744 2579 inest
769 2516 800 2578 in
823 2515 876 2580 Et.
901 2515 955 2578 Or.
979 2517 1031 2592 81,
1049 2517 1104 2578 20:
1134 2508 1285 2597 Κρύτα;
1315 2507 1374 2600 τὴν

238 2611 391 2704 κεφαλήν,
413 2609 482 2682 ἀπὸ
502 2617 561 2682 τοῦ
578 2612 704 2703 κράτος,
728 2611 773 2695 ὡς
794 2615 940 2683 ἐνταῦθα
963 2619 1021 2682 τοῦ
1041 2610 1234 2705 ἡγεμονικοῦ
1255 2611 1372 2700 τυγχά-

238 2740 360 2798 νοντος·
387 2715 432 2808 (ἢ)
450 2716 543 2807 παρὰ
558 2716 596 2786 τὸ
612 2717 753 2806 κραίνειν
768 2720 823 2786 καί
840 2717 1024 2807 βασιλεύειν
1037 2722 1097 2787 τοῦ
1113 2715 1190 2787 ὅλοιν
1206 2715 1373 2802 σώματος·

239 2819 318 2904 ὅθεν
342 2822 423 2909 (καὶ)
448 2819 579 2908 κρανίον
604 2823 660 2890 καί
688 2823 822 2911 κέρατα,
850 2821 892 2890 τὰ
919 2823 955 2890 ἐκ
976 2826 1035 2890 τοῦ
1056 2820 1190 2911 κρανίου
1213 2818 1372 2911 φυόμενα.

240 2923 402 3012 Σωρανός;
427 2928 514 3012 quod
529 2928 744 3014 fragmentum
764 2929 805 2994 ad
822 2930 955 2993 verbum
973 2950 1044 2993 eum
1061 2928 1114 2992 Et.
1132 2927 1252 3012 Magno
1269 2929 1374 3004 535ss

241 3032 416 3117 conspirat.
462 3030 583 3095 Passus
607 3039 716 3096 autem
739 3038 791 3097 est
813 3032 865 3096 hie
880 3033 971 3096 loeus
989 3032 1200 3094 mutationem
1218 3035 1251 3093 et
1266 3034 1373 3093 trans-

240 3137 435 3222 positionem
459 3136 648 3210 verborunr;
677 3158 752 3200 uam
781 3131 861 3222 κρύς
883 3157 902 3199 a
925 3136 993 3200 solo
1021 3129 1140 3220 κράτος
1162 3134 1374 3199 derivandum

241 3247 306 3321 est,
333 3236 465 3325 κρανίον
494 3248 603 3304 autem
628 3262 647 3304 a
669 3236 811 3324 aperirem
832 3241 933 3304 verbo
966 3247 999 3304 et
1023 3260 1101 3320 eum¹
1118 3234 1249 3324 κρανίον
1272 3240 1374 3302 artius

243 3346 450 3409 coniunctum
489 3352 539 3408 est
574 3342 704 3428 κέρατα.
764 3343 952 3408 Soribemus
992 3345 1091 3429 igitur
1129 3365 1200 3406 eum
1239 3342 1374 3407 Meletio

241 3472 272 3536 p.
285 3453 336 3530 52,
347 3453 398 3512 14;
416 3444 445 3513 oi
464 3446 499 3512 δέ
515 3443 616 3531 κοίραν
627 3445 782 3532 λέγουσιν,
799 3437 869 3511 οἷον
883 3445 961 3532 κέρα
977 3439 1047 3512 ἀπὸ
1063 3447 1121 3510 τοῦ
1137 3446 1374 3531 τετριχῶσθαι·

241 3551 337 3638 κέρας
359 3547 419 3639 γὰρ
439 3546 458 3640 ἡ
479 3548 575 3636 θρίξ·
606 3545 746 3639 ἢκρύτα
765 3543 835 3615 ἀπὸ
856 3552 914 3615 τοῦ
936 3546 1063 3636 κράτος,
1089 3543 1134 3628 ὡς
1153 3548 1299 3613 ἐνταῦθα
1318 3550 1376 3613 τοῦ

241 3651 433 3745 ἡγεμονικοῦ
467 3650 693 3741 τυγχάνοντος·
735 3649 757 3742 ἢ
787 3651 918 3739 κρανίον
950 3649 1043 3739 παρὰ
1074 3648 1112 3718 τὸ
1147 3649 1289 3736 κραίνειν
1318 3650 1374 3716 καί

242 3757 424 3846 βασιλεύειν
443 3760 501 3824 τού
527 3753 626 3824 ύλλοσ
650 3753 815 3843 σώματος·
841 3754 863 3847 ἢ
886 3755 1002 3825 διὰτὸ
1025 3756 1214 3844 κρέμασθαι
1235 3755 1301 3822 ἐκεῖ
1321 3752 1377 3821 τὸν

242 3862 428 3952 ἐγκέφαλον.

330 3974 358 4032 5.
393 3967 448 4034 Or.
479 3972 590 4045 145‚4
620 3967 702 4031 haee
737 3967 903 4052 leguntur:
939 3963 1106 4053 Σιαγόνεςῑ
1140 3960 1191 4030 ὅτι
1232 3961 1374 4029 σείονται

243 4067 477 4158 περιαγόμεναι
500 4069 556 4136 καί
582 4065 788 4155 συνάγονται,
818 4071 857 4135 αἵ
877 4066 959 4135 εἰσιν
982 4063 1139 4134 ύντοκύτιο
1167 4070 1227 4156 τῆς
1252 4066 1377 4154 γένυος·

245 4171 277 4241 oi
301 4175 337 4240 δέ
360 4171 452 4260 παρὰ
475 4170 513 4239 τὸ
536 4177 639 4261 σιγᾶν,
664 4165 718 4252 αἷς
740 4173 806 4239 ἔστι
833 4177 927 4261 σιγᾶν
948 4173 1004 4239 καί
1028 4166 1379 4259 λέγεινύνσιγομέναις
