2954 4816
597 268 804 331 ...23-

134 459 207 521 ruri
228 479 322 540 apere
345 457 453 533 uitem,
476 477 595 540 semper
616 477 714 541 parce
735 479 774 521 ac
797 457 922 521 duriter
946 456 1036 540 [selae
1058 457 1188 539 haherc;
1216 457 1270 522 uhi

134 565 273 625 Acron
304 562 479 626 ‘nectendum
503 561 712 646 antiquoruni
740 563 842 646 inquit
873 559 1150 626 ‘consuetudinem'.
1195 583 1269 626 narn

59 657 60 660 ¹
133 672 160 728 et
182 665 338 728 Ennius
361 665 403 727 in
427 664 640 728 Phoenice:
663 664 806 748 sequitur
829 664 910 728 idem
937 687 1060 730 uersus.

237 769 332 832 Prisc.
355 767 441 851 (ΙΙΙ)
466 770 515 845 ῖΟ,
543 771 580 830 13
626 765 840 850 Idacipinntur
866 790 885 831 a
916 768 997 831 duro
1026 764 1119 832 ‘dure'
1149 774 1177 831 et
1206 769 1270 832 'du-

134 873 230 936 riter'.
257 871 475 935 Terentius
499 872 539 932 in
561 870 777 952 Andria(1
805 875 838 950 Ι,
863 873 903 934 rt
928 870 990 953 sq.)
1014 869 1154 934 Primo
1176 870 1270 934 hacc

130 977 278 1059 pudice
302 978 447 1051 uitam,
469 995 593 1058 parce
616 995 662 1037 ac
686 974 854 1037 duriter
875 973 1043 1055 Apobat.

220 1080 300 1144 Item
310 1080 533 1155 Terentianum
546 1077 631 1163 apud
644 1077 725 1144 Non.
735 1082 807 1159 499,
818 1081 858 1142 20
867 1077 930 1160 (De
940 1081 1082 1143 enumeris
1091 1086 1119 1142 et
1132 1077 1268 1156 canius)

133 1182 275 1247 Dotiuus
282 1204 343 1266 pro
352 1182 562 1266 Accusatiuo]
577 1182 647 1247 Ter.
661 1185 673 1245 i
681 1205 702 1247 u
714 1183 877 1246 Andria
892 1183 922 1261 (Ι
936 1183 1010 1260 ula
1027 1186 1088 1266 sq.)
1100 1181 1269 1245 Interea

133 1287 278 1350 snerlier
315 1287 511 1372 quaedam
550 1287 696 1350 abhinc
734 1288 965 1350 triennium
1019 1286 1078 1348 Ea
1126 1286 1270 1348 Andro

134 1390 421 1471 commiprauit
449 1389 542 1453 hnic
574 1391 761 1453 uiciniae
790 1410 829 1453 ex
862 1387 974 1452 eodem
1006 1387 1095 1453 fonte
1125 1407 1270 1451 manasse

132 1491 258 1556 uidetur
287 1500 384 1576 atque
414 1493 568 1556 Prisciani
600 1492 682 1576 (111)
711 1494 779 1573 187,
805 1494 845 1554 22
877 1491 1099 1555 Terentius
1122 1493 1165 1554 in
1186 1491 1269 1554 An·

133 1595 249 1659 dria:
282 1596 343 1659 Ea
366 1598 507 1662 Andro
539 1598 841 1681 cornuiprcuit
868 1596 964 1659 hrcic
994 1597 1180 1659 uiciniae
1208 1614 1270 1677 pro

132 1697 174 1762 ‘in
202 1699 283 1763 harre
311 1697 480 1764 uiciniam’.
532 1700 751 1764 Memorabilia
782 1707 855 1762 sunt
890 1719 971 1782 quae
1005 1699 1155 1781 leguntur
1184 1697 1268 1780 apud

133 1802 310 1868 Charisium
334 1802 381 1888 (Ι)
408 1806 479 1884 923,
498 1809 553 1868 ll:
582 1798 735 1885 Vindice,
770 1800 1004 1867 ‘hic'uiciuiae'.
1050 1801 1214 1866 Terentius
1237 1803 1270 1865 in

131 1907 287 1989 Hecura;
309 1906 362 1970 uhi
378 1906 484 1972 Celsus
501 1904 744 1973 'aduerhialiter'
770 1908 872 1991 inquit
888 1904 929 1968 ‘nt
945 1906 1029 1969 dmni
1043 1906 1247 1990 utilitiaeque'.

236 2011 315 2075 Cum
348 2011 511 2076 Prisciano
535 2012 716 2077 Plinium
739 2017 849 2077 secuto
875 2009 998 2075 Nouius
1022 2012 1182 2075 consentit
1204 2008 1270 2093 (De

131 2115 310 2180 indiscretis
341 2115 516 2200 peceribus)
550 2118 627 2195 199,
651 2119 687 2180 8:
720 2117 920 2200 Aupipouue
943 2117 1066 2199 pencris
1089 2116 1268 2195 masculini,

132 2226 166 2282 ut
190 2220 279 2302 capud
301 2221 431 2300 multos‚·
460 2220 566 2283 ueretri
588 2204 811 2284 Terentius
841 2219 1043 2302 Adelphis
1073 2218 1135 2301 (IV
1161 2217 1269 2302 2,39)

132 2320 182 2385 Id
215 2323 370 2407 quidem
406 2325 674 2406 cunipertum
696 2344 774 2386 uon
807 2330 865 2386 est
899 2325 1099 2406 peruium.
1124 2321 1213 2386 Idem
1236 2323 1269 2385 iu

133 2425 287 2490 Enneccho
310 2425 357 2509 (V
382 2429 410 2504 2,
434 2424 469 2509 6)
492 2425 535 2490 ln
558 2428 764 2511 anqiportum
786 2426 944 2511 quoddam
968 2426 1131 2492 desertum.

235 2530 332 2593 Prisc.
360 2530 423 2611 (ΙΙ)
451 2532 523 2605 262,
555 2534 592 2594 16
616 2534 646 2594 A
666 2537 765 2614 portu
789 2533 991 2613 carrrpasiturn
1014 2538 1079 2595 tam
1101 2532 1271 2596 masculini

132 2655 224 2717 quarn
258 2636 365 2698 neutri
395 2636 518 2718 pennis
541 2637 702 2698 inuenitur
725 2642 752 2698 et
783 2634 939 2698 secundae
960 2635 1188 2699 declinationis.
1213 2633 1270 2697 ‘hic

134 2735 330 2820 aupiportus'
367 2746 395 2802 et
435 2739 498 2803 ‘hoc
536 2735 757 2822 onpipertum'.
818 2738 872 2801 Sic
910 2737 1078 2802 Plinius
1110 2737 1187 2803 Sec.
1224 2741 1265 2802 in

60 2872 64 2876 ·
132 2841 285 2906 Iactis
307 2843 623 2925 praumaticae.
672 2840 756 2905 Ter.
780 2863 898 2926 quoque
920 2843 959 2905 in
983 2840 1186 2926 Adelphis
1208 2841 1271 2921 (IV

134 2945 164 3023 2,
188 2943 243 3025 39)
266 2940 314 3007 Id
336 2945 492 3030 quidem
516 2947 791 3027 ...peruium
814 2981 855 2988 --

237 3047 345 3132 Atque
371 3048 451 3111 hacc
476 3046 602 3133 quidem
633 3047 674 3111 de
698 3047 842 3111 Charisia
876 3053 906 3111 et
936 3047 1109 3113 Prisciauo.
1155 3047 1270 3111 Trans·

136 3144 244 3215 camus
269 3172 355 3215 nune
377 3153 416 3215 ad
437 3173 480 3214 ea
504 3152 655 3216 lemmata
672 3152 711 3215 cd
731 3153 818 3215 locos
834 3149 1044 3215 Terentianus
1069 3151 1270 3235 pertinentia,

135 3276 217 3340 quae
242 3276 303 3318 uua
327 3277 398 3319 cum
416 3255 612 3320 Terentienie
635 3256 835 3336 lectiunculis,
853 3255 911 3318 etsi
936 3254 1118 3319 testimonia
1143 3277 1183 3320 ex
1199 3254 1269 3318 aliis

134 3360 341 3443 scriptoribus
375 3368 501 3444 sumpta
537 3361 586 3423 lric
623 3362 686 3424 illic
716 3360 827 3424 addita
853 3367 940 3430 sunt.
974 3361 1131 3424 communi
1164 3366 1269 3423 tamen

134 3465 413 3546 granimaticorum
446 3471 615 3529 consensu
635 3464 675 3528 ad
700 3463 834 3528 eundem
859 3463 980 3527 iontem
1005 3462 1110 3527 redire
1133 3463 1271 3528 maxime

136 3577 183 3632 est
207 3569 393 3633 uerisimile:

237 3671 322 3737 Non.
347 3675 420 3741 481,
443 3674 483 3736 25
504 3674 612 3755 potior
636 3673 721 3741 illam
746 3693 811 3735 rem
831 3693 893 3754 pro
916 3673 975 3736 illa
991 3691 1025 3734 re
1039 3669 1157 3754 potior]
1183 3669 1269 3736 Ter.

138 3775 332 3859 Adelphis
356 3774 403 3858 (V
428 3782 457 3854 4,
484 3780 521 3840 ll
546 3785 577 3840 et
601 3779 658 3854 22)
673 3779 690 3840 ¹.

237 3881 415 3945 Arusianus
439 3881 576 3945 Messius
593 3880 690 3964 (VII)
706 3884 778 3954 498,
803 3885 821 3945 5
843 3883 967 3966 potitur
982 3880 1065 3943 hanc
1088 3878 1166 3962 rem]
1191 3878 1270 3944 Sall.

98 3991 103 3999 ’
137 3983 322 4068 Iupitrtha;
346 3983 429 4050 Ter.
453 3987 492 4048 in
515 3985 720 4069 Adelphis
743 3984 790 4065 (V
815 3989 844 4050 4.
872 3987 909 4048 17
934 3991 966 4047 et
989 3980 1056 4064 22).

236 4088 334 4153 Prisc.
358 4086 438 4172 (ΙΙΙ)
460 4089 543 4171 333,
567 4093 607 4154 27
631 4091 737 4175 potior
760 4090 846 4157 illius
871 4089 919 4154 rei
945 4093 972 4154 et
995 4088 1053 4151 illo
1075 4106 1110 4153 rt
1132 4093 1160 4153 et
1182 4086 1272 4176 illurn
1310 4082 1313 4089 ’

239 4311 459 4383 ίάμωη
