2954 4816
587 284 800 346 ...43-

221 473 344 553 ulam
368 470 537 554 adducere]
563 472 682 536 Heaut.
713 471 763 555 (ΙΙ
789 473 885 554 ato)
921 475 1177 538 Adducimus
1209 474 1260 538 ad

123 582 159 639 te
181 581 289 639 tuam
311 575 501 639 Bacchidem
523 597 581 661 pro
605 576 855 641 adducimus
878 585 997 642 tuom.

221 681 342 760 495,19
367 678 447 742 Hec.
481 678 577 763 (prol.
600 679 634 742 ll
662 679 714 758 14)
750 679 855 763 Prope
886 682 952 744 iam
988 688 1184 745 remotum
1213 682 1259 746 ab

122 781 288 846 iniuria
311 782 536 846 aduersarium
561 803 618 866 pro
642 789 838 847 remotum
859 785 1038 849 iniuria.

223 888 293 967 172,
309 890 345 950 15
369 884 484 970 satias]
508 885 590 950 Eun.
615 886 663 966 (V
677 886 762 969 5‚3)‚
786 887 841 951 ubi
861 888 1031 953 Terentius
1056 889 1162 953 dedit:
1191 886 1261 953 Vbi

121 990 259 1053 adtias
282 992 413 1074 coepit
444 989 569 1070 sieri,
600 992 751 1055 commutd
773 992 883 1074 iocum,
911 992 997 1077 apud
1021 991 1161 1057 Nonium
1197 1000 1259 1057 tra·

122 1092 222 1157 ditum
248 1102 311 1157 est:
333 1093 432 1160 Nam
456 1094 524 1158 ubi
546 1116 600 1159 me
625 1095 739 1181 forte
767 1098 902 1160 satias
933 1097 1086 1180 coepit,
1111 1104 1261 1162 commuto

121 1199 223 1261 locum
255 1196 344 1277 (uam
367 1204 401 1262 ut
429 1219 476 1262 me
500 1199 592 1281 sorte
615 1199 736 1281 H¹L3
768 1202 900 1282 coepit
926 1201 1040 1283 ficri
1071 1202 1122 1282 0,
1152 1201 1261 1284 cepit

122 1301 171 1364 ed.
197 1298 306 1384 1476).

118 1403 314 1467 Particulam
344 1405 541 1468 oausatinam
570 1425 645 1468 uam
679 1426 720 1468 ex
750 1408 881 1491 antiquo
919 1407 1112 1494 glossemate
1151 1415 1259 1472 natam

120 1528 188 1572 esse
219 1506 367 1571 Donatus
399 1514 511 1571 auctor
539 1515 597 1590 est,
633 1509 686 1593 qui
721 1509 803 1574 decet
833 1507 924 1574 ‘uam’
950 1511 1092 1577 adnotat.
1146 1509 1260 1595 Neque

121 1611 216 1675 alium
243 1611 349 1676 locum
374 1620 482 1676 tenere
506 1612 635 1676 uidetur
662 1613 793 1677 uerbum
809 1614 902 1698 forte
924 1621 1075 1699 tanquam
1101 1616 1260 1698 glossema

121 1716 218 1780 uerbo
233 1715 286 1779 ubi
302 1715 506 1799 adscriptum.
535 1718 687 1782 Attamen
702 1717 795 1782 ualde
807 1717 930 1799 dubito,
944 1739 1019 1782 num
1031 1717 1156 1783 Nonius
1173 1719 1260 1784 illum

122 1842 259 1900 uersum,
283 1820 513 1905 quamoptime
536 1821 581 1884 ita
599 1821 792 1887 constituere
808 1822 883 1886 licet
906 1821 976 1886 'Vbi
990 1821 1069 1905 fdrs
1091 1843 1139 1887 me
1154 1823 1256 1887 satias

120 1915 375 2008 cipit'commutd
396 1918 513 2004 loeum',
538 1931 613 1987 ante
638 1923 745 1989 oculos
762 1922 917 2005 habuerit,
941 1927 1092 2009 quoniam
1120 1924 1257 1999 Quiche·

121 2036 189 2092 rato
205 2034 289 2091 teste
311 2025 415 2091 codex
440 2027 473 2092 0
489 2025 685 2110 (Parisinus)
707 2026 746 2091 ad
771 2027 867 2093 libros
889 2028 1098 2094 Terentianos
1122 2030 1251 2114 propius

121 2130 255 2196 accedit.

220 2236 320 2314 3443
335 2233 470 2318 merum]
489 2235 617 2299 Phorm.
635 2233 775 2318 (laea)
791 2235 912 2301 Nihil
933 2236 1052 2302 habet
1074 2239 1159 2301 uisi
1173 2256 1256 2320 spem

119 2362 238 2404 rueram
271 2361 328 2424 pro
359 2338 448 2423 <Nou
479 2339 611 2404 multum
641 2340 731 2404 halet
761 2340 852 2420 Quod
875 2341 924 2405 det
943 2341 1112 2423 fortasse?
1142 2339 1259 2423 Immo>

118 2444 227 2509 uileii
248 2446 338 2508 uisi
360 2458 444 2527 apem
467 2464 597 2508 meram.

218 2549 297 2627 33‚5
316 2547 506 2631 propinare]
523 2546 606 2613 Eun.
624 2547 670 2629 (V
686 2547 783 2630 aot)
799 2547 898 2612 Hunc
911 2548 1034 2612 uobis
1057 2547 1191 2612 comed
1201 2568 1258 2611 ea·

122 2650 212 2714 dum
234 2658 268 2714 et
290 2649 501 2715 bibendum
524 2658 559 2715 et
581 2650 841 2715 deridendum
863 2654 1028 2736 propino
1052 2652 1150 2729 (huuc
1172 2651 1258 2717 uobis

119 2754 201 2818 leuae
223 2774 297 2818 com.
321 2756 370 2818 H
389 2754 493 2817 deleto
516 2753 627 2834 uobis).

118 2858 249 2943 Legitur
280 2857 364 2942 apud
388 2857 572 2923 Terentium
604 2859 634 2921 in
654 2857 793 2923 editione
817 2856 1125 2942 Vmplenbaohiana:
1161 2848 1258 2925 Hune

120 2963 373 3027 comedendum
403 2961 507 3026 udbis
541 2963 703 3044 propino
735 2964 768 3024 it
804 2961 1057 3028 deridendum.
1118 2961 1254 3046 (Placet.

120 3065 337 3147 (dirideudum
355 3065 393 3145 A,
408 3072 436 3127 et
452 3065 658 3129 deridendum
673 3062 762 3129 uobis
772 3067 911 3149 propino
924 3065 995 3145 De,
1008 3072 1036 3129 et
1052 3066 1258 3131 deridendum

118 3169 206 3234 scobis
218 3189 279 3252 pro
292 3166 401 3253 piuibo
419 3169 454 3250 0,
470 3190 550 3233 corr.
564 3168 614 3250 02,
627 3176 655 3233 et
667 3169 871 3233 deridendum
884 3169 971 3234 uobis
978 3170 1130 3253 praebebo
1149 3168 1258 3252 Pau).

119 3274 165 3338 Vt
189 3274 333 3338 omittam
356 3280 538 3359 suspectam
554 3273 726 3337 uerborum
743 3275 879 3345 turbam,
903 3272 1037 3338 uerbum
1053 3273 1259 3338 deridendum

119 3378 248 3441 minime
264 3378 410 3459 congruit
433 3398 506 3440 cum
528 3376 627 3440 uerbo
658 3376 877 3440 comedendum
889 3378 904 3438 ¹.
950 3376 1138 3440 Rectissime
1161 3378 1259 3461 igitur

120 3480 284 3544 Bentleius
317 3502 445 3545 uersum
467 3480 573 3544 Nonio
598 3487 727 3546 auctore
750 3481 795 3544 sic
825 3481 980 3544 restituit:
1010 3477 1109 3543 Hunc
1132 3501 1257 3557 come-

119 3584 293 3648 dendum
315 3592 352 3649 et
375 3583 620 3649 ebibendum
643 3582 763 3649 uobis
781 3584 929 3668 propiud.
953 3583 1089 3667 (Placet.

220 3690 292 3769 244,
305 3690 325 3750 2
339 3687 457 3752 Heaut.
470 3684 541 3771 (III
559 3691 638 3769 1,49
657 3691 720 3771 sq.)
734 3698 840 3752 utrum
853 3686 950 3751 Nonii
961 3689 1076 3751 lectio:
1099 3689 1259 3771 Asperum

118 3790 217 3855 Pater
257 3791 314 3855 luic
356 3799 401 3856 cat
444 3792 525 3856 aliut
567 3789 701 3874 (liuius)
744 3791 833 3855 sodis
872 3810 980 3874 para
1022 3812 1062 3855 an
1106 3791 1260 3855 librorum

118 3892 384 3959 Terentiauornm
407 3894 503 3959 uide
525 3893 735 3980 praeferenda
758 3896 808 3975 sit,
831 3894 972 3978 ambigo,
1004 3915 1074 3959 eum
1105 3901 1136 3958 et
1152 3893 1260 3978 para²

119 3999 239 4082 optime
263 4001 295 4063 in
318 4019 410 4063 usum
434 3998 663 4063 Terentianum
686 3997 821 4083 quadret
845 4004 877 4062 et
900 3999 982 4064 uide.

220 4100 352 4165 Frustra
375 4101 513 4187 denique
531 4123 660 4187 operam
684 4123 862 4177 consumas,
886 4108 922 4165 ut
939 4101 1076 4186 Adelph.
1092 4099 1142 4182 (II
1158 4104 1189 4183 3,
1204 4101 1259 4184 10)

129 4206 393 4295 λ””Το”1.’ἶ;θιιιι.
411 4242 445 4295 er
466 4242 534 4294 nun.
553 4242 578 4292 v
597 4240 671 4299 eon.

222 4329 233 4361 ¹
251 4327 375 4379 Eundem
390 4344 484 4381 uersus
497 4329 599 4380 exitum
613 4329 678 4380 libri
693 4327 807 4380 tradunt
821 4344 827 4378 :
841 4325 1261 4392 undr.15‚1e.1³n0rm.ve,6t.
