2956 4822
201 290 262 352 roo
718 287 809 372 [202]

302 478 437 545 Factum
461 487 510 545 est
540 482 601 545 hoe
632 481 795 546 arbitrium
819 483 1009 548 auctoritate
1032 483 1208 548 communie
1235 483 1338 550 Aeto·

201 585 304 648 lorum
321 586 454 669 concilii,
478 606 612 669 qnorum
629 587 831 672 sympolitiae
847 587 900 651 illo
918 593 1062 671 tempore
1078 587 1228 672 adscripti
1244 593 1336 652 erant

201 688 423 755 hlclitaoenees
446 699 478 753 et
501 691 679 757 Pcreensos
692 694 710 754 ¹.
755 691 805 755 En
829 692 928 755 habes
952 692 1134 775 exemplum
1157 690 1336 755 ciuitatium

202 791 334 856 duarum
359 815 441 878 quae
466 804 497 857 et
519 796 550 860 in
574 796 694 860 maiore
711 796 897 860 Aetolorum
922 795 1105 881 sympolitia
1121 796 1334 877 continentur,

202 905 233 961 et
249 898 366 962 artiore
382 898 463 962 inter
474 921 509 963 se
519 901 606 983 ipsos
621 899 802 984 sympolitia
817 899 911 964 simul
927 901 1172 983 coniunguntur.
1204 899 1277 972 Qua
1294 921 1336 963 ex

201 1022 246 1075 re,
270 1003 328 1065 nisi
353 1002 481 1067 omnino
505 1009 675 1084 constaret,
699 1003 761 1068 hoc
780 1003 969 1081 efficeretur,
992 1004 1121 1068 minime
1143 1009 1207 1067 tam
1232 1009 1336 1068 certas

200 1104 297 1169 luisse
312 1106 516 1192 sympolitiae
533 1107 746 1189 condiciones,
762 1115 877 1172 utnon
893 1114 958 1171 tam
972 1108 1090 1173 artiora
1102 1127 1195 1191 quam
1211 1108 1337 1171 laxiora

202 1210 330 1274 uincula
354 1211 414 1274 hoc
438 1212 564 1277 nomine
588 1210 837 1295 appellarentur,
866 1210 1040 1275 dummodo
1071 1211 1230 1275 communi
1258 1210 1337 1274 ciui·

201 1315 275 1377 tatis
298 1315 366 1380 iure
391 1323 423 1381 et
448 1316 667 1380 communibus
691 1316 816 1400 legibus
846 1321 1013 1381 uterentur
1043 1316 1073 1380 ei
1104 1316 1158 1400 qui
1188 1316 1270 1378 inter
1300 1337 1335 1379 00

202 1419 486 1504 coniungebantur,
510 1420 553 1483 ita
576 1425 611 1484 ut
634 1421 665 1483 in
689 1421 784 1485 rebus
809 1421 947 1485 externis
972 1420 1065 1484 unius
1092 1420 1230 1484 ciuitatis
1261 1419 1334 1485 loco

202 1532 317 1605 essent,
341 1533 488 1609 separata
511 1533 617 1588 tamen
640 1524 798 1610 quaedam
821 1527 890 1590 iura
913 1524 1070 1590 haberent
1100 1532 1206 1609 partes
1235 1525 1280 1587 ita
1301 1523 1334 1587 in

201 1650 298 1693 unum
330 1630 534 1714 compositae.
583 1629 681 1694 Cuius
713 1631 759 1695 rei
791 1629 903 1693 similia
937 1630 1032 1694 etiam
1065 1627 1153 1714 apud
1188 1627 1336 1692 Achaeos

200 1733 416 1798 inueniuntur.

304 1836 354 1900 Ex
380 1838 504 1924 oppidis
529 1840 613 1904 enim
637 1838 777 1923 quinque
802 1839 849 1916 (in
871 1859 953 1922 quae
970 1838 1173 1903 Patrensium
1192 1835 1337 1921 plerique

202 1962 286 2005 anno
310 1964 337 2006 a.
363 1942 397 2007 O.
423 1946 484 2006 279
508 1942 642 2028 dispersi
666 1941 794 2026 erent)2
818 1964 891 2007 cum
913 1943 1019 2007 Patris
1050 1943 1125 2027 ipsis
1155 1939 1335 2026 sympolitia

204 2047 378 2111 coniunctis
404 2048 581 2112 constitisse
604 2047 730 2112 uidetur
753 2048 831 2112 illud
855 2047 941 2132 quod
964 2047 1119 2133 Polybius
1143 2043 1335 2110 xxxixa

203 2150 278 2230 (XL
303 2150 338 2234 3)
362 2160 590 2217 commemorat
612 2153 815 2217 Patrensium
843 2150 1015 2217 συιιελικόν
1042 2151 1195 2234 (Πατρεῖς
1223 2152 1272 2213 καὶ
1301 2146 1337 2213 rc*

201 2252 279 2333 μετά
302 2255 418 2319 τούτων
441 2255 638 2341 bertelinde).

314 2359 435 2424 Contra
458 2361 525 2425 eius
549 2362 760 2446 separationis
784 2382 879 2447 quam
897 2359 1010 2424 Graeci
1032 2362 1196 2440 διοικισμοῦ
1212 2353 1337 2424 nomine

203 2463 365 2548 appellare
388 2466 545 2547 solebant,
575 2465 757 2549 exemplum
782 2465 879 2529 habes
903 2464 987 2551 apud
1010 2464 1219 2529 Plutarchum
1229 2463 1252 2545 ³,
1283 2463 1338 2548 qui

205 2567 305 2649 (enno
329 2569 441 2635 terea.
461 2570 496 2635 Ο.
517 2569 592 2652 193)
610 2571 698 2634 uicos
722 2569 879 2653 quosdam
896 2569 979 2650 (scil.
996 2568 1194 2654 Alipheram,
1215 2566 1337 2632 Aseam

203 2671 369 2757 Dipaeam,
384 2673 516 2759 Gortyn,
529 2672 731 2752 Pallantium,
745 2672 911 2736 Thisoam:
926 2671 965 2736 cf.
976 2671 1142 2750 Freeman,
1155 2669 1289 2755 History
1302 2669 1340 2733 of

205 2774 342 2842 Foderal
353 2777 571 2841 Governnrent
584 2777 600 2840 l
614 2800 644 2862 0.
658 2779 720 2840 626
733 2776 806 2840 adn.
817 2776 851 2857 4)
863 2797 881 2840 a
897 2775 1195 2860 Megalopolitarum
1208 2773 1339 2838 ciuitate

204 2889 369 2965 separatos
383 2902 452 2945 esse
466 2881 572 2963 refert,
588 2882 633 2945 ita
645 2887 681 2944 ut
694 2880 767 2946 inde
781 2881 873 2945 abeo
885 2887 1031 2965 tempore
1045 2887 1077 2943 et
1090 2881 1178 2963 ipsae
1191 2879 1338 2943 ciuitates

205 2983 365 3048 Achaicae
389 2993 504 3049 essent.
549 2984 617 3049 Nec
637 3006 728 3050 seous
745 2991 857 3068 postea
874 2984 982 3049 Tenea
998 3006 1017 3048 a
1034 2983 1190 3049 Corintho
1206 2983 1339 3048 secessit

205 3087 337 3170 (Strabo
350 3090 436 3154 VIII
449 3090 537 3174 380).
565 3091 636 3164 Qua
650 3091 689 3156 de
704 3112 738 3155 re
752 3093 847 3155 miras
864 3092 1040 3156 sententias
1057 3089 1183 3175 quidam
1197 3087 1340 3151 homines

204 3192 287 3258 docti
302 3196 510 3279 protulerunt.
536 3195 817 3280 Ipsel'reemanue
829 3195 864 3277 (l.
875 3216 941 3280 c.p.
951 3195 1026 3276 256)
1041 3192 1282 3277 ,Megalopolis,
1293 3193 1339 3255 in-

206 3299 283 3382 quit,
296 3300 451 3385 certainly
464 3300 524 3364 and
537 3300 670 3365 Corinth
682 3299 840 3385 probably
854 3299 917 3362 had
932 3299 1058 3382 subject
1067 3298 1217 3377 districts,
1232 3295 1341 3360 whose

204 3402 399 3468 inhabitants
412 3424 530 3488 appear
540 3411 573 3468 to
586 3404 668 3468 have
677 3403 741 3467 had
753 3425 794 3467 no
808 3404 910 3469 direct
920 3404 1013 3468 share
1026 3405 1056 3466 in
1068 3402 1123 3467 the
1139 3401 1267 3487 general
1279 3400 1338 3464 Fe·

205 3504 293 3571 deral
307 3508 520 3593 citizenship“.
544 3508 634 3572 Idem
646 3515 753 3573 tamen
765 3530 797 3593 p.
809 3510 871 3572 628
885 3506 956 3572 adn.
971 3509 986 3569 1
1000 3506 1116 3572 rectius
1129 3506 1169 3570 de
1181 3504 1295 3569 eadem
1305 3526 1340 3570 00

203 3609 366 3693 iudicauit,
391 3612 444 3675 ubi
469 3633 540 3675 cum
563 3611 720 3678 diuisione
743 3610 845 3697 qualis
863 3609 1002 3694 exempli
1018 3609 1119 3693 gratia
1134 3610 1212 3693 fingi
1229 3607 1340 3693 possit,

204 3714 343 3779 ciuitatis
366 3715 535 3780 cuiuslibet
558 3716 763 3802 sympolitiae
786 3716 996 3779 Americanae
1019 3713 1076 3777 has
1100 3734 1150 3778 000
1174 3720 1340 3797 comparat

307 3841 314 3873 ¹
336 3837 423 3888 Recte
444 3852 478 3888 ex
497 3842 591 3890 nostro
611 3839 692 3889 titulo
713 3836 785 3903 apud
804 3835 931 3901 Rangab.
950 3833 1002 3886 688
1026 3830 1170 3900 Athroula]
1186 3832 1191 3896 Ι
1206 3831 1260 3886 «lud
1280 3840 1340 3886 Mc·

202 3929 289 3984 λιιιίιις
309 3924 430 3976 restituit
445 3924 570 3976 Buecher
588 3924 630 3976 De
643 3928 727 3991 gente
741 3923 865 3976 Aetolica
879 3922 1098 3989 amphictyoniae
1113 3920 1248 3989 participe
1268 3936 1294 3986 p.
1306 3917 1342 3974 32

205 4009 268 4062 adn.
287 4010 311 4062 5.

306 4096 564 4148 2Ρο00001006ΙΙ
591 4093 631 4160 18,
655 4094 678 4148 6.
716 4093 750 4146 cf.
770 4094 799 4146 C.
818 4095 848 4148 ll.
868 4095 1020 4158 Hermann,
1046 4094 1088 4145 Do
1112 4093 1232 4162 syntelie
1254 4092 1341 4158 014.

203 4182 235 4233 R.
259 4182 337 4242 Woll,
366 4180 538 4233 llltlnzwesen
564 4179 612 4233 des
640 4182 701 4233 aab.
727 4179 838 4233 Bundes
863 4181 891 4233 in
920 4180 1016 4234 Salleti
1041 4178 1144 4232 Ztschr.
1163 4178 1181 4232 1.
1200 4179 1278 4232 Num.
1300 4176 1340 4231 1x

207 4266 273 4321 1882
291 4285 316 4335 p.
335 4265 393 4320 eoi.

310 4352 444 4422 'Philop
463 4353 505 4410 16.
