2956 4822
637 309 728 393 [are]
1190 313 1252 378 123

118 510 209 590 parte
232 504 352 568 arbitrii
378 509 520 589 apparet.
558 505 630 579 Qua
645 527 681 568 re
696 504 911 586 Rangabeeus
928 504 1152 571 Melitaeenses
1168 506 1255 571 illam

118 609 346 693 obligationem
371 608 553 694 neglexisse
577 609 725 675 coniecit.
771 609 855 674 Utut
878 609 938 674 hoc
969 616 1046 686 erat,
1077 610 1186 675 arbitri
1214 609 1255 673 ed

117 713 271 800 quasdam
293 720 395 776 certas
416 734 467 777 res
488 720 642 798 quantum
663 714 693 776 in
710 713 855 778 futurum
872 714 1047 779 Pereensee
1064 715 1253 799 acciperent,

116 818 364 882 constituerunt.
408 817 591 882 Admodum
609 839 727 902 paruos
742 817 801 881 hos
818 826 965 903 sumptus
981 840 1062 899 esse,
1085 823 1121 882 ut
1137 840 1254 902 magna

118 921 259 986 omnium
282 941 389 985 rerum
412 921 519 985 uilitas
542 921 598 985 illo
622 928 766 1006 tempore
789 921 887 986 luisse
906 922 1061 1003 uideatur,
1084 923 1254 1005 Ussingius

116 1025 257 1106 monuit3
280 1021 337 1088 sed
360 1023 533 1088 srrbsidiine
556 1024 627 1089 loco
642 1023 776 1089 fortasse
794 1026 854 1088 hae
870 1028 1024 1110 pecuniae
1040 1026 1254 1091 Pereensibus

118 1128 213 1192 datae
223 1130 285 1193 sint
296 1129 335 1191 ad
347 1137 492 1213 sumptus
503 1129 544 1193 ab
555 1131 631 1214 ipsis
641 1130 859 1214 praestandos,
871 1152 933 1193 non
945 1131 1121 1215 requisiuit.
1138 1132 1254 1216 ltaque

117 1241 152 1297 ut
176 1233 215 1297 de
240 1232 447 1296 Pereensium
470 1233 565 1298 rebus
587 1234 705 1319 aliquid
733 1233 806 1298 inde
830 1234 1019 1315 efficiemus,
1052 1234 1092 1300 dc
1121 1236 1254 1320 singulis

115 1337 212 1402 rebus
229 1336 402 1402 uidendum
421 1339 490 1404 erit.
509 1373 541 1381 —
562 1338 784 1421 Aegineticum
801 1340 968 1422 pecuniam
988 1359 1057 1403 esse
1074 1359 1155 1423 quae
1171 1361 1253 1403 com-

117 1450 321 1520 memoratur,
344 1450 433 1508 recte
456 1443 541 1507 haud
560 1442 657 1507 dubio
675 1444 781 1507 docuit
796 1443 975 1526 Ussingius.
1016 1443 1081 1524 (uf.
1107 1442 1254 1527 Hultsch‚

116 1547 241 1614 Metrol.
265 1569 296 1632 p.
318 1551 379 1612 190
402 1548 475 1633 sq.).
520 1548 654 1613 Soluere
677 1550 774 1631 igitur
797 1549 946 1614 iubentur
970 1548 1210 1613 llelitaeenses:

223 1654 257 1734 1)
282 1653 490 1718 archontibus
511 1654 718 1718 Pereensium
742 1654 866 1736 argenti
890 1654 991 1718 minas
1015 1660 1088 1717 tres.
1134 1653 1252 1718 Minam

117 1766 304 1843 argenteam
325 1757 539 1842 aegineticam
556 1757 745 1821 Hultsohius
762 1759 807 1843 lp.
826 1758 902 1839 190)
928 1759 1035 1823 ualere
1055 1759 1255 1842 eomputauit

116 1869 244 1926 nostrae
281 1862 437 1946 pecuniae
473 1861 516 1926 M.
551 1865 621 1926 108.
653 1864 692 1926 85
726 1862 775 1927 Pl.
829 1862 908 1926 Tres
943 1862 1047 1925 minae
1078 1862 1174 1945 igitur
1205 1885 1253 1927 re·

116 1965 275 2050 spondent
301 1965 368 2030 fere
400 1965 463 2029 330
486 1966 529 2031 M.
577 1965 785 2030 Dubitaueris
815 1987 891 2029 num
920 1966 1001 2030 haee
1029 1966 1164 2051 pecunia
1196 1988 1253 2052 pro

117 2070 265 2135 mercede
299 2069 488 2133 archontum
522 2069 727 2133 Pereensium
756 2068 904 2133 habenda
934 2070 993 2151 sit,
1024 2091 1103 2154 qnos
1135 2071 1254 2134 mireris

117 2175 285 2258 pecuniam
310 2174 463 2258 accipere.
510 2173 573 2238 Sed
604 2175 629 2238 si
662 2175 731 2258 quis
763 2175 899 2239 coniciet
930 2173 969 2238 ad
1001 2174 1253 2260 suppeditandos

116 2289 263 2363 sumptus
286 2278 566 2344 administrationis
598 2281 657 2345 uici
692 2302 771 2365 quoa
802 2280 970 2344 archontes
1002 2281 1192 2356 emanarint,
1221 2281 1251 2343 in

116 2405 280 2449 commune
298 2383 378 2447 hane
395 2384 565 2467 pecuniam
580 2383 752 2466 adsignari,
769 2405 904 2469 eamque
920 2385 961 2448 ob
978 2406 1107 2449 eausam
1121 2383 1253 2446 archon·

114 2489 199 2552 tibus
223 2489 361 2552 solutam
386 2509 466 2569 esse,
491 2489 563 2551 huic
587 2489 665 2552 illud
690 2488 807 2570 obstat,
832 2489 918 2574 quod
942 2489 981 2553 de
1005 2489 1053 2553 his
1073 2488 1253 2573 sumptibus

114 2592 195 2656 infra
215 2593 396 2656 summatim
421 2594 521 2657 uerba
544 2593 636 2656 fiunt:
660 2595 709 2656 καὶ
735 2590 771 2656 τὰ
795 2592 884 2657 λοιπά
898 2602 968 2659 etc.
1014 2593 1135 2657 Facere
1157 2593 1253 2676 igitur

115 2717 179 2761 non
203 2718 381 2782 possumus,
415 2697 491 2782 quin
515 2718 571 2780 pro
596 2696 743 2761 mercede
772 2698 829 2761 has
862 2704 927 2762 tres
958 2698 1058 2760 minas
1082 2696 1252 2760 archontas

114 2802 276 2888 accepisse
290 2802 520 2884 intellegamus.
551 2801 735 2866 Dolendum
751 2809 859 2865 autem
876 2807 933 2882 eet,
952 2800 1036 2887 quod
1055 2800 1251 2866 nondictum

115 2912 173 2985 est,
198 2912 277 2988 quot
299 2904 420 2973 fuerint
444 2905 489 2968 illi
513 2904 695 2986 archontes,
726 2905 770 2967 ita
798 2912 833 2968 ut
857 2910 1009 2990 quantum
1041 2904 1173 2989 quisque
1201 2926 1253 2968 ac·

114 3010 235 3092 ceperit
258 3030 323 3073 non
347 3029 588 3093 cognoscemus.

220 3109 255 3193 2)
280 3112 432 3196 praeconi
462 3119 598 3176 stateras
625 3115 674 3176 10.
719 3112 827 3178 Stater
856 3120 1028 3195 argenteus
1058 3111 1251 3194 aeginetious

115 3221 195 3280 teste
226 3215 398 3280 Hultschio
430 3215 580 3300 (ibidem)
612 3217 699 3279 ualet
729 3217 811 3280 eirca
838 3215 879 3281 M.
904 3219 933 3280 2.
958 3217 999 3278 20
1023 3216 1073 3281 Ρ1.
1128 3217 1251 3280 Praeco
1280 3203 1283 3215 ’

114 3320 211 3403 igitur
234 3319 444 3384 Pereensium
468 3343 486 3383 a
509 3319 771 3384 Melitaeensibus
794 3320 860 3384 lero
885 3322 925 3383 22
943 3319 985 3384 M.
1009 3320 1178 3404 quotannis
1202 3341 1253 3382 ac·

115 3424 262 3509 cipiebat.
318 3424 397 3488 Cum
432 3433 540 3489 autem
577 3426 771 3505 nesciamus,
805 3446 880 3488 num
915 3424 1051 3488 fortasse
1086 3424 1252 3488 subsiciuis

114 3535 239 3592 tantum
263 3530 310 3593 his
335 3530 440 3615 operis
457 3529 571 3614 aliquis
587 3528 715 3593 functus
731 3530 782 3610 sit,
804 3527 977 3592 diiudicare
994 3549 1055 3592 non
1075 3548 1253 3613 possumus,

114 3641 221 3697 utrum
246 3633 325 3698 haee
347 3655 470 3697 summa
495 3655 552 3719 pro
577 3639 645 3697 tota
668 3631 814 3697 mercede
838 3632 985 3696 habenda
1007 3635 1049 3697 sit
1072 3653 1181 3697 necne.

217 3737 253 3820 3)
289 3738 329 3801 ad
362 3738 468 3800 oleum
499 3757 561 3820 quo
596 3737 628 3799 in
659 3736 826 3820 gymnasio
863 3737 996 3800 iuuenes
1032 3742 1178 3814 utantur,
1214 3739 1253 3800 10

113 3847 250 3906 stateras
274 3841 331 3922 (M.
357 3842 422 3921 22).
467 3837 651 3905 Secundum
675 3839 874 3904 lloockhium
899 3839 990 3920 (Oce.
1014 3839 1101 3924 publ.
1127 3838 1251 3902 111111ι

117 3944 194 4026 lou)
213 3945 382 4029 Lampsaci
399 3945 582 4010 Aristotelis
606 3944 804 4028 temporibus
828 3944 889 4007 olei
913 3949 989 4025 χοῦς
1012 3943 1114 4006 tribus
1140 3942 1251 4006 drach·

113 4048 171 4110 mis
189 4049 302 4112 Atticis
326 4049 488 4113 constitit.¹
535 4050 603 4110 Aut
626 4048 722 4131 igitur
748 4048 847 4112 multo
870 4047 962 4110 uilius
981 4048 1085 4110 oleum
1102 4046 1252 4110 Meliteae

114 4159 193 4230 erat,
218 4161 276 4216 aut
301 4156 341 4217 10
364 4153 533 4217 stateribus
558 4151 668 4216 decem
692 4152 760 4216 lere
782 4151 856 4234 χόες
879 4153 1049 4236 quotannis
1076 4151 1251 4236 comparari

112 4262 273 4337 poterant,
297 4258 317 4322 i.
342 4279 368 4321 e.
392 4260 422 4321 in
448 4257 514 4322 dies
538 4264 647 4321 nostra
671 4277 820 4322 mensura
843 4256 910 4322 sere
933 4259 981 4336 0‚1
1009 4256 1028 4322 l.

220 4384 228 4417 ¹
248 4381 375 4435 Ceterum
395 4381 431 4435 of.
450 4380 533 4434 editio
552 4382 581 4435 11
599 4381 664 4433 ibid.
