3030 4816
215 283 253 352 12
730 273 824 368 [304]

214 477 320 542 studio
343 475 494 562 probatae
517 481 720 561 opponuntur
737 476 827 540 novis
842 473 1018 556 comoediis,
1042 473 1100 541 ie.
1116 481 1187 561 post
1202 473 1343 541 Terentii
1438 555 1441 561 1

214 588 349 646 mortem
371 581 512 665 scriptis¹
537 600 567 644 v.
592 581 611 642 5
635 599 698 663 sq.:

342 720 404 800 Qui
424 724 559 783 utantur
580 719 655 781 aino
677 723 789 801 uetere,
813 719 967 800 sapientes
988 724 1074 801 puto,

341 822 384 886 Et
407 824 460 908 qni
482 821 621 891 lubenter
643 827 761 885 ueteres
783 827 924 904 spectant
941 820 1084 902 fabulas.

298 1007 305 1020 ο
341 927 485 1011 Antiqua
509 945 604 1008 opera
626 931 654 988 et
676 924 772 987 uerba
795 944 886 1008 quaen
909 923 995 988 nolis
1012 923 1150 1007 placent,

341 1031 512 1115 Aequomst
530 1030 658 1112 placere
680 1034 751 1091 ante
774 1025 889 1110 (alias)
911 1034 1028 1091 ueteres
1043 1027 1190 1110 fabulas.

341 1132 427 1201 Nona
447 1152 531 1195 nnnc
553 1151 654 1196 noum
677 1152 756 1216 qnae
773 1131 933 1214 prodeunt
955 1132 1128 1196 comoediae

342 1236 446 1302 Multo
469 1241 542 1300 sunt
565 1236 724 1320 nequiores
746 1256 842 1320 qnam
864 1238 985 1300 nummi
1009 1237 1094 1301 noui.

214 1377 365 1442 Similiter
397 1375 564 1440 Suetonius
597 1374 682 1458 Aug.
715 1376 754 1437 89
787 1374 827 1438 ds
859 1373 1023 1458 Augusto:
1064 1376 1118 1439 sed
1145 1377 1240 1460 plane
1271 1399 1344 1463 poe-

212 1488 332 1545 matum
360 1501 477 1565 quoque
505 1500 568 1543 non
594 1479 776 1562 irnperitus,
813 1478 1024 1543 delectabatur
1061 1482 1155 1545 ctiam
1187 1484 1346 1547 comoedia

213 1587 312 1650 ueteri
333 1590 361 1647 et
383 1605 474 1667 saepe
496 1604 565 1647 earn
587 1581 724 1646 eahihait
741 1583 929 1664 spectaculis
945 1581 1089 1667 publicis,
1111 1585 1166 1649 ubi
1186 1595 1276 1651 vetus
1297 1588 1345 1652 fs·

213 1689 289 1753 bula
319 1687 433 1751 Naevii
463 1687 570 1751 Plauti
593 1685 734 1749 Terentii
756 1684 892 1767 fabulas,
921 1686 1030 1750 florem
1053 1687 1144 1752 illum
1166 1698 1342 1775 poetarum,

213 1790 377 1874 significat.

318 1910 381 1975 Sed
403 1912 466 1974 iam
488 1909 655 1975 redeamus
678 1909 719 1973 ad
742 1914 882 1973 veterem
897 1910 917 1973 i.
930 1930 958 1975 e.
974 1911 1109 1987 relatam
1131 1913 1273 1978 fabulam
1287 1936 1346 1979 no·

213 2035 273 2079 vae
302 2016 323 2079 i.
339 2035 367 2079 e.
391 2015 530 2078 nondum
552 2019 642 2078 actae
666 2013 854 2098 oppositam.
912 2012 1044 2080 Veteres
1067 2016 1191 2082 fabulas
1213 2019 1344 2084 minoris

214 2117 306 2201 pretii
336 2117 431 2181 fuisse
460 2138 555 2201 quam
585 2137 682 2182 novas
712 2138 754 2181 ex
782 2115 929 2200 Hecyrae
961 2118 1043 2202 prol.
1071 2119 1088 2183 Ι
1117 2141 1147 2185 v.
1172 2123 1206 2187 6:
1241 2124 1343 2187 noluit

213 2222 327 2284 iterant
349 2221 479 2304 referre,
506 2227 541 2284 at
563 2220 677 2283 iterum
695 2225 800 2303 posset
822 2219 956 2283 recredere
974 2221 1044 2285 luce
1064 2223 1179 2288 clarius
1200 2232 1344 2309 apparet.

215 2323 307 2389 Unde
339 2325 527 2389 sumendum
558 2331 605 2388 est
631 2344 688 2408 pro
719 2324 861 2408 repetitis
891 2323 1007 2390 fabulis
1029 2326 1165 2410 pretium
1190 2350 1252 2392 non
1275 2336 1344 2394 esse

214 2428 361 2493 solutum.
416 2426 499 2491 Nam
531 2427 614 2512 quod
649 2425 822 2490 Eunuchus
850 2427 897 2491 bis
927 2434 998 2491 actu
1027 2430 1129 2494 maius
1159 2452 1253 2515 quam
1280 2432 1345 2496 ulia

215 2532 281 2595 ullu
304 2532 441 2616 pretium
463 2532 612 2595 meruisse
635 2529 759 2611 dicitur,
781 2531 814 2595 id
836 2552 902 2595 non
923 2531 1061 2616 pertinet
1082 2533 1123 2597 ad
1146 2535 1280 2598 relatam
1295 2535 1344 2599 fa-

216 2636 339 2700 bulam:
369 2656 464 2719 quam
492 2642 575 2699 recte
595 2633 810 2698 Rinehelius2
832 2635 864 2697 iu
877 2634 1006 2718 Parerg.
1023 2655 1054 2718 p.
1067 2638 1130 2699 332
1145 2659 1191 2722 sq.
1208 2638 1280 2703 adn.
1296 2640 1344 2703 iu·

215 2739 332 2803 dicavit
354 2738 480 2802 isdem
503 2737 616 2801 ludis
638 2737 852 2821 isdemque
875 2740 1087 2804 aedilibus
1113 2762 1260 2806 novam
1282 2742 1345 2809 bis

97 2900 98 2903 ,
216 2842 415 2926 deinceps
444 2846 548 2904 actam
578 2861 655 2906 esse.
700 2841 808 2923 Atque
837 2841 869 2905 id
899 2842 1001 2926 ipsum
1025 2842 1192 2910 Suetonius
1221 2847 1253 2909 in
1276 2847 1345 2910 vita

216 2945 357 3010 Terentii
378 2944 537 3029 scripsisse
559 2943 684 3007 videtur
700 2942 768 3023 (vit.
786 2943 858 3009 Ter.
875 2965 905 3029 p.
921 2948 973 3027 29,
990 2949 1009 3009 8
1026 2945 1134 3030 Reiff.)
1170 2948 1346 3014 Eunuchus

216 3049 340 3133 quidem
362 3047 420 3112 lis
443 3048 639 3131 deinceps
660 3047 718 3127 (its
740 3045 934 3113 Ritschelius
954 3051 1114 3133 ingeniose
1137 3073 1194 3137 pro
1215 3051 1261 3116 ns
1284 3053 1346 3136 dic,

217 3153 303 3239 quod
325 3153 480 3237 signifieat
502 3154 551 3217 bis
571 3151 728 3237 quotidie)
745 3159 819 3216 acta
842 3160 886 3215 est
901 3155 1072 3239 meruitque
1082 3157 1231 3238 pretium,
1246 3178 1346 3242 qnan-

217 3265 282 3321 tum
298 3258 387 3321 nulla
405 3261 498 3320 antea
515 3257 697 3340 cuiusquam
714 3256 880 3338 comoedia,
892 3257 927 3319 ld
937 3263 981 3321 est
993 3264 1059 3321 octo
1073 3260 1163 3322 milla
1174 3281 1346 3344 nummum,

217 3360 300 3446 quod
323 3361 367 3425 sic
389 3360 660 3444 interpretandum
682 3366 746 3424 est:
769 3360 887 3424 aediles
909 3360 962 3445 qui
985 3360 1174 3426 Eunuchum
1196 3365 1346 3431 emissent

219 3501 258 3512 —
268 3464 373 3548 idque,
382 3485 454 3527 cum
465 3484 623 3528 successus
633 3472 714 3527 esset
726 3464 872 3545 incertus,
888 3464 1021 3528 fortasse
1034 3465 1181 3529 mediocri
1191 3469 1293 3550 pretio
1303 3507 1346 3520 —

219 3590 291 3634 cum
323 3574 412 3632 tento
440 3567 554 3651 plausu
584 3573 758 3632 actuasset
782 3568 901 3650 fabula,
933 3589 1005 3631 eam
1027 3568 1156 3633 isdem
1177 3570 1259 3636 ludis
1282 3572 1346 3638 his

219 3672 377 3757 agendam
400 3693 524 3737 curasse
547 3673 785 3756 praemiumque
807 3679 920 3756 poetae
941 3672 1024 3736 ultro
1046 3674 1180 3738 auxisse.
1229 3674 1347 3743 Melius

320 3971 329 4004 ¹
349 3966 390 4019 Oi.
412 3965 555 4019 Ritschelii
572 3967 683 4032 Psrerg.
702 3982 728 4031 p.
749 3964 798 4018 180
810 3981 867 4032 sq.;
886 3963 965 4016 huius
979 3966 1215 4018 commentationis
1228 3965 1243 4032 ξ
1256 3971 1271 4020 5
1285 3968 1347 4024 init.

320 4070 331 4104 ¹
353 4070 515 4123 Ritschelius
539 4070 557 4121 l.
577 4085 617 4122 a:
644 4065 702 4120 ‘Die
722 4069 875 4135 Festgebsr
900 4069 1027 4120 erhdhten
1047 4070 1095 4119 des
1114 4069 1241 4122 Honorsr
1260 4069 1346 4125 durch

218 4155 297 4207 sinen
316 4155 402 4206 freien
428 4153 483 4207 sut
508 4154 555 4207 der
581 4154 741 4207 Grossmuth
761 4171 794 4206 au
810 4156 891 4221 jener
916 4155 1050 4207 liberales
1069 4155 1185 4219 Summe,
1211 4155 1254 4207 die
1280 4174 1349 4228 nun,

218 4242 308 4294 under
327 4242 372 4292 ihr
391 4239 436 4291 die
449 4243 530 4304 erate,
546 4241 619 4292 noch
639 4241 707 4292 auch
728 4239 803 4292 bloss
818 4241 863 4292 fur
876 4240 921 4292 die
934 4242 1037 4304 assita,
1053 4240 1172 4292 sonderu
1185 4242 1226 4294 als
1239 4241 1347 4310 cigent-

217 4327 303 4380 lioher
323 4326 472 4378 Bhrensold
491 4326 536 4378 fiir
555 4325 635 4399 beide
653 4326 863 4393 Aufftthrungsu
882 4341 1034 4379 zusammen
1053 4325 1128 4394 galn'
