2956 4822
231 1298 258 1380 Ι.
301 1299 360 1381 llll
386 1298 672 1383 sYnonolsno
701 1237 983 1381 1116161111
1011 1297 1314 1382 lnssnnlonun.

310 1510 406 1575 Binas
433 1512 555 1577 litteras
577 1512 729 1595 Antigoni
754 1513 838 1594 regis
861 1510 960 1575 Asiae
983 1511 1022 1574 66
1046 1512 1206 1575 ciuitatem
1230 1509 1338 1574 Teiam

205 1615 306 1697 datis,
332 1617 446 1700 quibus
484 1617 703 1695 constituitur,
743 1636 825 1701 quae
859 1617 998 1681 rationes
1033 1617 1064 1679 in
1101 1612 1339 1680 transducendis

127 1766 131 1774 .
204 1717 353 1782 Lebediis
377 1718 477 1782 Teum
500 1720 532 1782 in
555 1720 666 1782 urbem
689 1717 848 1784 ineundae
871 1721 951 1799 siut,
975 1720 1067 1804 cippo
1091 1735 1270 1783 marmoreo
1293 1719 1340 1782 in·

205 1823 337 1907 scriptas
360 1823 515 1887 chasius
538 1824 659 1887 inuenit
681 1824 712 1888 in
736 1824 919 1909 sepulcreto
943 1823 1076 1888 Turcico
1104 1822 1214 1908 oppidi
1237 1821 1340 1887 Serri·

204 1925 306 1989 lrissar·
336 1947 437 2010 prope
459 1927 516 1991 'l'ei
546 1928 654 1991 ruinas
685 1928 744 1991 siti.
792 1929 904 2010 llargo
936 1928 1018 2012 cippi
1049 1927 1178 1992 inferior
1205 1928 1340 1990 intactus

205 2036 272 2110 cst,
305 2030 419 2115 reliqui
450 2031 560 2095 mutili.
606 2031 781 2096 Interuallo
814 2032 990 2096 litterarum
1024 2032 1163 2094 maxime
1192 2031 1276 2093 inter
1305 2049 1339 2092 se

205 2133 376 2209 differunt,
408 2135 452 2197 ito
482 2140 517 2197 ut
545 2155 657 2199 uersus
685 2137 739 2221 qui
771 2137 936 2199 minimum
965 2135 1142 2200 litterarum
1172 2152 1339 2197 numerum

205 2245 392 2318 scruaruut,
423 2238 485 2301 sint
508 2241 563 2320 40,
595 2239 623 2303 ei
656 2241 708 2324 qui
735 2241 912 2303 maximum
943 2242 984 2304 66
1006 2239 1201 2303 litterarum:
1232 2258 1268 2301 ao
1299 2256 1339 2300 ue

206 2341 374 2424 longitudo
410 2343 540 2426 quidem
574 2343 687 2408 eadem
721 2345 861 2408 omnium
894 2365 1044 2409 uersuum
1075 2343 1173 2407 fuisse
1202 2341 1339 2407 uidetur.

206 2443 350 2518 Quorum
375 2446 405 2509 in
429 2447 498 2510 aliis
516 2449 555 2510 75
572 2456 604 2511 et
623 2449 672 2527 to,
695 2447 725 2511 in
749 2447 818 2512 uliis
842 2450 882 2512 53
908 2456 940 2513 et
963 2450 1004 2512 54
1027 2447 1148 2511 litteras
1160 2444 1340 2528 Wadding·

206 2557 301 2613 tonus
340 2551 497 2632 restituit,
537 2550 591 2636 qui
629 2572 794 2616 mensuras
831 2553 907 2615 satis
945 2551 1113 2635 diligenter
1150 2550 1340 2616 obseruasso

205 2652 339 2717 uidetur.

308 2756 485 2842 Descripsit
498 2766 530 2824 et
543 2766 693 2843 ectypnm
704 2759 779 2825 fecit
793 2759 957 2841 Lebcsius,
981 2758 1079 2824 edidit
1091 2758 1175 2825 idem
1188 2755 1339 2842 (Voyage

204 2859 470 2946 arclrdologiquc:
493 2863 570 2927 Asis
584 2863 728 2928 Mineure
741 2886 770 2928 u.
785 2864 851 2946 86),
875 2866 1104 2950 supplementis
1130 2871 1161 2928 et
1184 2884 1340 2929 commen·

206 2964 286 3027 tario
310 2953 745 3051 iustruxitWaddiugtonus
770 2967 934 3048 (ibidem),
967 2969 1164 3052 repetierunt
1187 2966 1339 3032 Hicksius

206 3065 328 3148 (Greek
366 3069 526 3133 historical
563 3070 782 3155 Inscriptions.
843 3070 990 3135 Oxoniae
1026 3073 1108 3135 1882
1140 3071 1273 3153 6149)
1308 3076 1340 3134 et

205 3171 470 3256 Dittenbergcrus
502 3175 647 3260 (Sylloge
680 3174 927 3258 inscriptionum
963 3175 1167 3241 Graecarum.
1213 3175 1340 3262 Lipsiae

207 3279 289 3340 1883
313 3299 343 3341 6.
359 3280 455 3358 126),
486 3280 539 3363 qui
568 3279 720 3343 nonnulla
751 3279 782 3342 in
813 3280 1042 3364 supplementis
1076 3280 1339 3361 emendanerunt,

205 3380 245 3443 de
261 3381 411 3445 uniuerso
427 3381 520 3446 titulo
538 3381 624 3448 etde
641 3382 773 3466 singulis
789 3383 866 3448 locis
883 3382 1128 3467 interpretandis
1152 3382 1338 3448 breuissime

205 3482 457 3567 disputauerunt.

207 3672 685 3688 ................
710 3651 1339 3690 νΐέπέ...........-.--.

308 3758 325 3842 ἐ
351 3766 378 3825 l.
417 3759 608 3846 [Βουλευτήν
630 3763 662 3827 δὲ
681 3763 725 3828 det
751 3761 819 3840 roaig
842 3767 1008 3845 Λεβεδίους
1031 3759 1086 3844 εἰς]
1111 3763 1144 3826 τὸ
1168 3763 1339 3827 Πανιώνιον

205 3861 413 3947 rincum-liiiio
436 3865 670 3949 6616666666
693 3866 769 3950 [lina
792 3866 926 3948 παρόντα
949 3868 997 3930 ἐπὶ
1015 3863 1179 3951 661116616νᾶ
1203 3862 1255 3930 τόν
1276 3866 1341 3932 ἴσον

308 4058 504 4124 Supplomenta
516 4059 550 4110 66
564 4075 636 4125 quus
650 4059 717 4111 nihil
731 4060 870 4124 adnotuni,
888 4058 1080 4122 Waddiugtoui
1093 4063 1163 4109 sunt.
1182 4057 1259 4119 Quae
1269 4057 1340 4122 dedi,

206 4144 442 4210 interpretationis
461 4146 521 4197 loco
540 4160 582 4197 me
602 4143 718 4207 dedisse,
740 4161 794 4198 non
814 4162 868 4213 quo
888 4145 1020 4198 hariolari
1039 4159 1119 4210 possa
1139 4144 1203 4196 mihi
1222 4143 1340 4208 uiderer,

206 4231 252 4282 uix
271 4245 338 4297 opus
357 4236 399 4283 cut
417 4247 538 4284 mouere.
558 4260 589 4271 -
608 4227 732 4298 16066
756 4234 786 4284 δὲ
805 4231 845 4295 (ἂν
863 4232 910 4296 Η.)
929 4227 965 4299 ἐς]
991 4227 1023 4283 ro*
1042 4233 1180 4284 Πανιώνιον
1204 4225 1341 4299 discordi·

206 4322 275 4382 iquos
295 4318 336 4368 W.
358 4318 390 4369 H.
421 4319 431 4379 ll
445 4315 549 4388 [πρῖἶξαι
568 4318 653 4373 πάντα
672 4320 703 4371 ru'
721 4315 803 4387 ao]csd
823 4318 864 4370 W.
884 4316 961 4389 [ἴχειν
979 4319 1060 4371 πάντα
1079 4315 1110 4371 ra*
1130 4313 1211 4385 κο]ινα’
1230 4317 1265 4371 Η.
