2962 4800
197 299 216 359 6
419 337 422 344 »
545 214 547 217 Ι
729 289 799 375 [62]

195 486 281 549 Triu.
306 487 366 547 957
454 482 591 565 Milan>
615 480 898 562 concrederet,
922 482 956 543 ai
977 501 1023 544 me
1045 481 1097 544 ille
1120 487 1149 544 et
1172 484 1352 564 cycillum

504 588 657 650 novissem
680 583 840 666 adprobo?

196 692 292 755 Hunc
314 711 452 771 versum,
476 710 549 752 cum
571 690 723 752 recolerem
746 687 849 751 forma
869 688 1045 771 imperfecti
1061 688 1163 751 vicem
1180 687 1352 769 obtineat,

195 793 459 857 Rothheimerum
484 798 612 856 secutus
636 790 790 854 hocloco
815 793 1005 855 enumeravi.

299 896 362 959 Sed
387 896 482 959 etiam
505 895 583 957 alios
607 895 695 957 locos
725 895 751 957 si
775 895 952 958 accuratius
977 895 1287 977 examinaverimus,
1314 896 1348 959 in

194 1020 264 1063 eam
293 999 505 1083 suspicionem
536 996 743 1077 adducemur,
774 1004 809 1059 ut
839 998 903 1060 vim
933 997 1095 1080 praeteriti
1126 998 1349 1063 coniunctivo

195 1101 327 1167 subesse
344 1108 503 1185 putemus.
548 1098 646 1164 Velut
669 1102 802 1183 legimus

195 1205 285 1268 Pers.
309 1209 350 1269 44
454 1204 619 1283 Qaaecioi:
642 1221 796 1284 nusquam
815 1206 948 1286 repperi.
965 1226 994 1266 .·.·
1009 1205 1168 1283 Quaeram
1183 1207 1347 1289 equidem,

986 1308 1083 1388 siparis
1106 1307 1232 1374 credat.

452 1411 614 1494 ::Nempe
635 1410 728 1474 habes
750 1413 785 1474 iri
816 1411 942 1474 roardo.
959 1433 987 1473 .·.·
1011 1410 1048 1475 Si
1076 1410 1111 1473 id
1140 1410 1230 1474 darei
1263 1421 1349 1478 esset

853 1513 939 1593 rullei,
963 1516 1028 1577 iam
1047 1513 1230 1596 pollicerer.

195 1617 233 1681 ab
256 1638 290 1681 eo
313 1616 378 1697 BC,
403 1618 440 1680 ab
463 1639 496 1682 eo
519 1618 560 1696 D,
583 1618 676 1682 labes
700 1618 777 1681 Pius
802 1624 833 1681 et
858 1616 995 1699 Langen
1018 1617 1039 1680 l.
1063 1636 1091 1679 c.
1114 1637 1189 1700 pag.
1219 1620 1296 1683 129.

196 1721 278 1784 Cum
309 1741 350 1783 ex
379 1723 607 1786 sententiarum
641 1742 768 1784 conexu
804 1729 870 1783 tum
902 1740 943 1783 ex
974 1720 1135 1781 enuntiato
1168 1736 1344 1801 quaeram,

194 1825 311 1906 siquis
336 1824 444 1886 credat
467 1824 560 1888 facile
582 1824 773 1908 perspicitur
796 1833 901 1887 nostra
924 1822 1034 1905 lingue
1056 1821 1114 1885 hos
1145 1843 1262 1888 versus
1294 1826 1345 1890 sic

195 1925 450 2009 interpretandos
473 1948 563 1990 esse:
593 1946 681 1990 werin
708 1926 759 1990 iola
790 1926 849 1989 das
873 1925 952 1988 Galat
982 1924 1075 2005 leitte,
1105 1923 1189 1987 hatte
1223 1926 1275 1990 icli
1310 1948 1346 1992 es

195 2029 248 2091 dir
277 2029 371 2093 schoa
400 2030 507 2113 litapst
537 2030 752 2112 ocrsproclaea.
804 2028 877 2093 Hoc
908 2034 1015 2093 autem
1050 2049 1120 2091 cum
1150 2029 1223 2093 loco
1260 2051 1341 2095 con·

194 2131 313 2194 feratur
337 2152 466 2196 necesse
491 2140 538 2196 est

196 2231 254 2316 Ep.
281 2235 340 2296 116
455 2234 492 2299 Si
520 2235 622 2303 ltercle
650 2234 803 2317 traherem,
833 2233 1037 2319 (pollicerer).
1055 2256 1082 2297 ::
1098 2232 1184 2297 Nom
1207 2236 1287 2315 qaid
1312 2243 1344 2300 te

999 2340 1100 2421 ipitar
1123 2338 1232 2401 ret—alit

452 2442 631 2526 Beaeytcam
660 2463 723 2507 esse
754 2444 913 2524 oratione,
945 2443 973 2506 si
1005 2441 1049 2504 ad
1079 2460 1144 2504 rem
1175 2443 1341 2507 auxilium

1005 2545 1230 2609 errrortaomet?

196 2648 240 2711 Ut
264 2654 296 2711 et
318 2648 494 2712 sententiae
518 2654 550 2710 et
566 2655 667 2711 metro
685 2647 915 2727 satisfacerent,
937 2649 968 2711 in
989 2648 1092 2730 priore
1108 2667 1202 2710 versu
1220 2645 1339 2713 Came·

196 2752 297 2814 rarius
329 2771 390 2813 reon
420 2770 586 2834 reperero,
616 2751 750 2814 Mueller
781 2751 1013 2829 (Plautinische
1036 2749 1191 2815 Prosodie
1216 2773 1247 2835 p.
1271 2754 1339 2817 257

196 2852 284 2936 adn.)
312 2855 480 2936 pollicerer
512 2853 754 2937 suppleverunt.
799 2853 901 2919 Gaetu
930 2875 1007 2918 voro
1040 2854 1119 2917 haec
1149 2852 1339 2920 adnotavit:

195 2955 237 3019 Ia
254 2957 279 3018 B
298 2955 635 3021 STRATIPPOOES
655 2964 726 3041 post
748 2957 934 3020 labereta
957 2959 1108 3040 scriptura
1130 2963 1174 3020 est
1190 2978 1210 3019 a
1227 2957 1339 3021 rubri·

197 3066 311 3140 calore,
335 3061 416 3141 paracl
439 3061 574 3124 terrenae
596 3081 659 3125 csse
685 3062 811 3145 sipralm
834 3062 966 3125 oidelar.
1012 3060 1091 3124 Inde
1113 3059 1234 3123 arridet
1259 3062 1340 3125 mihi

196 3162 275 3226 haee
298 3184 408 3227 versus
431 3163 608 3227 restitutio:

454 3267 491 3332 Si
512 3268 613 3331 hercle
642 3266 784 3330 taberent
807 3304 847 3313 —
870 3291 899 3332 .·.·
915 3269 1093 3333 Polliceres.
1139 3265 1226 3330 Nam
1256 3269 1339 3350 qaid

505 3379 532 3434 te
555 3372 657 3454 ipitar
679 3372 787 3434 retulit
811 3379 870 3435 etc.

194 3472 278 3536 Nam
308 3474 472 3556 politiores
504 3473 607 3538 forma
637 3475 760 3554 activa,
793 3475 853 3536 nisi
882 3475 972 3538 malis
998 3474 1165 3558 pollicerer
1193 3471 1337 3538 formam

196 3598 236 3638 ex
265 3577 371 3639 auimo
403 3579 497 3640 amici
527 3577 644 3640 dictam
680 3576 884 3661 Stratippocli
916 3577 1072 3653 tribuere,
1104 3576 1222 3659 legitur
1246 3577 1339 3661 apud

195 3676 286 3743 Varr.
310 3687 369 3744 sat.
394 3679 476 3743 Men.
502 3684 559 3759 413
592 3686 624 3745 et
654 3680 722 3743 fieri
752 3687 888 3763 poterat,
920 3688 955 3743 ut
978 3681 1122 3744 librarius
1151 3687 1336 3745 extremam

193 3786 315 3864 partem
354 3783 488 3846 neminis
526 3782 746 3866 Stratippoclis
784 3782 895 3845 litteris
934 3779 1208 3847 POLLICERES
1249 3784 1337 3850 male

194 3883 281 3947 lectis
325 3885 355 3948 in
397 3885 569 3969 archetypo
612 3886 665 3950 vel
707 3908 807 3970 prope
847 3887 987 3949 evanidis
1029 3885 1184 3948 contineri
1221 3889 1338 3971 opina·

194 3992 289 4051 retur.
335 3989 532 4073 Plerumque
563 3991 645 4051 enim
670 3988 892 4072 Stratippoclis
922 4011 1040 4054 nomen
1073 3988 1186 4053 STRA
1217 3990 1338 4057 litteris

194 4090 296 4153 notari
326 4090 407 4154 solet
438 4092 469 4154 in
504 4088 676 4154 Camerarii
707 4088 824 4155 ‘codice
848 4089 974 4171 vetere',
1005 4092 1067 4155 hoc
1096 4091 1168 4155 loco
1201 4102 1339 4176 praeter

194 4193 458 4258 cousuetudinem
481 4195 583 4277 plenis
606 4193 719 4258 litteris
735 4197 946 4279 perscriptum
964 4202 1021 4275 est,
1045 4194 1105 4257 nisi
1122 4194 1210 4279 quod
1226 4196 1341 4264 littera

194 4295 220 4361 L
243 4297 445 4379 neglegentia
468 4296 584 4359 librarii
610 4297 725 4362 omissa
748 4307 805 4362 est.
