2962 4800
693 329 763 419 m]
1258 332 1295 400 ro

263 525 384 603 Quibus
412 529 439 593 si
469 526 676 593 adiecerimus
705 551 803 592 unum
831 529 934 593 locum
957 528 1039 594 Phil.
1064 528 1153 610 112,
1177 534 1212 594 3:
1242 532 1296 594 sed

157 653 251 716 remae
279 632 386 714 fecisti
414 654 485 714 uec,
508 633 536 695 si
560 651 702 715 cuperes,
733 630 788 695 tibi
808 633 844 695 id
864 653 923 714 per
946 631 977 696 C.
1003 632 1168 697 Curionem
1187 635 1295 714 facere

159 739 316 818 licuisset,
349 738 454 801 onmia
488 736 644 801 eiusmodi
677 737 840 800 enuntiata
874 737 1121 819 condicionalia,
1154 760 1236 822 quae
1263 740 1296 802 in

159 841 352 906 orationibus
373 840 554 904 Halmianis
576 841 735 924 leguntur,
758 842 1023 904 enumeravimus.

262 943 324 1008 Sed
347 950 516 1028 antequam
546 944 754 1008 elocutionem
784 944 967 1008 Plautinum
993 965 1064 1007 cum
1089 944 1295 1009 Ciceroniana

159 1068 341 1133 comparare
365 1070 507 1133 pergam,
530 1056 564 1111 ut
586 1049 763 1112 accuratius
786 1048 883 1111 etiam
906 1049 1114 1133 perspiciatur
1138 1047 1295 1112 Ciceronis

158 1151 308 1235 loquendi
331 1173 422 1232 usus,
454 1152 586 1216 duorum
617 1152 695 1215 mihi
717 1152 872 1233 locorum,
902 1173 981 1236 quos
1014 1152 1157 1236 Draeger
1187 1154 1295 1216 attulit

157 1254 178 1317 l.
201 1276 228 1318 c.
251 1255 286 1318 ΙΙ
315 1276 346 1340 p.
371 1259 433 1319 694
463 1256 520 1319 sub
551 1256 656 1319 littera
678 1261 708 1336 tl,
733 1256 849 1320 mentio
879 1265 926 1319 est
956 1255 1109 1319 facienda.
1160 1256 1246 1330 Quos
1268 1258 1293 1319 si

158 1358 259 1422 obiter
274 1359 405 1443 legeris,
428 1359 605 1442 imperfecti
627 1366 659 1423 et
682 1358 984 1443 plusquamperfecti
1001 1360 1192 1423 coniunctivi
1208 1360 1294 1423 nullo

157 1462 335 1527 discrimine
358 1464 453 1547 positi
476 1485 543 1527 esse
558 1462 757 1527 videbuntur.
799 1463 854 1527 sin
879 1463 1061 1544 diligentius
1083 1464 1294 1546 inquisiveris‚

158 1567 236 1629 mira
251 1573 320 1630 arte
335 1567 476 1649 singulas
491 1565 609 1630 formas
624 1567 707 1629 inter
722 1589 755 1630 se
772 1588 947 1650 congruere
964 1567 1140 1650 intelleges.
1188 1568 1294 1652 Atque

156 1671 256 1734 altero
286 1669 412 1754 quidem
442 1671 510 1734 loco
544 1670 610 1734 har.
635 1691 716 1755 resp.
748 1669 829 1749 §47
861 1670 940 1734 haec
970 1671 1121 1753 legimus:
1156 1673 1206 1734 Aa
1238 1674 1296 1735 iste

155 1774 219 1837 uisi
239 1775 332 1855 prius
353 1794 384 1837 33
407 1774 507 1837 dedi
515 1781 602 1838 sset
625 1776 686 1854 ais,
709 1792 842 1853 quorum
865 1776 988 1837 animos
1016 1795 1036 1837 a
1059 1781 1163 1838 oestro
1185 1781 1292 1839 aucto·

156 1878 251 1940 ritate
278 1879 432 1940 seiunctos
467 1898 530 1941 3333
564 1877 800 1958 arbitrabatur,
834 1878 898 1941 uisi
930 1899 980 1941 eos
1010 1880 1043 1941 ia
1072 1879 1190 1942 caelum
1224 1880 1290 1942 suis

157 1980 306 2044 laudibus
333 1983 524 2064 praeclaras
553 1987 666 2044 auctor
688 1981 929 2063 catolleret,
961 1982 1025 2045 uisi
1058 1983 1226 2045 coercitam
1257 1981 1289 2045 C.

159 2081 326 2149 Caesaris.
351 2130 359 2143 .
383 2135 390 2148 .
415 2086 515 2169 siquis
537 2084 663 2162 infestis
685 2085 720 2146 ia
743 2086 867 2148 curiam
888 2106 920 2148 33
935 2085 1148 2148 tramissurum
1169 2086 1220 2147 mi
1227 2086 1291 2147 ai·

157 2194 340 2267 taratar,
367 2190 430 2251 uici
453 2209 484 2252 33
507 2187 561 2251 Ca.
586 2187 733 2270 Pompeio
756 2188 920 2268 adiutore,
942 2187 988 2252 M.
1013 2187 1129 2252 Crasso
1153 2194 1293 2266 auctore,

156 2307 235 2371 qaae
263 2290 427 2372 faciebat,
461 2290 571 2372 facere
612 2290 841 2367 claruerat,
882 2293 944 2353 uisi
982 2292 1122 2355 consules
1161 2310 1292 2354 causam

158 2396 356 2459 coniunxisse
382 2416 501 2473 secam,
535 2397 568 2458 ia
598 2414 655 2477 quo
690 2416 752 2458 aaa
781 2415 844 2457 aare
863 2393 1094 2473 ‘incutiebatum
1125 2415 1198 2458 eoa
1204 2394 1227 2476 f
1235 2397 1247 2457 i
1255 2417 1294 2457 r-

156 2505 285 2561 maret
295 2546 305 2578 ‚
330 2504 395 2560 tom
420 2498 555 2561 crudelis
575 2500 643 2578 roei,
667 2506 731 2562 tam
754 2499 924 2563 sceleratus
940 2500 987 2562 rei
1008 2498 1150 2581 publicae
1166 2505 1294 2562 oerator

157 2622 219 2665 3333
237 2602 472 2684 potuisset?

260 2705 576 2790 Plusquamperfecto
608 2706 741 2770 deducet
773 2707 943 2789 respondet
971 2708 1130 2789 potuisset.
1178 2703 1293 2770 Inserti

156 2815 229 2872 sunt
261 2816 408 2892 quattuor
439 2808 528 2893 impl.
560 2809 770 2888 coniunctivi,
801 2809 913 2894 quibus
945 2830 982 2873 ea
1014 2830 1095 2893 quae
1128 2809 1293 2893 principali

155 2913 277 2996 protasi
299 2911 475 2975 continetur
504 2914 660 2976 sententia
691 2913 833 2996 pluribus
857 2914 962 2978 verbis
984 2914 1170 2996 explicatur.
1193 2913 1295 2977 Aaou·

156 3016 310 3080 ratissima
339 3023 445 3079 autem
477 3015 619 3080 redolent
649 3016 925 3080 coniunctivorum
955 3019 1076 3080 formae
1099 3037 1209 3080 aarum
1232 3017 1293 3082 lor·

157 3140 280 3183 marum
303 3126 460 3200 naturam,
484 3140 562 3203 quas
585 3119 772 3203 legeremus,
796 3122 821 3184 si
844 3121 910 3184 sine
934 3119 1114 3184 condicione
1137 3127 1245 3184 auctor
1262 3120 1293 3183 id

156 3223 238 3307 quod
268 3222 424 3286 sentiebat
455 3222 596 3287 elocutus
627 3231 718 3286 esset.
764 3223 845 3286 Sunt
868 3222 900 3285 hi
933 3222 1113 3286 indicativi:
1144 3223 1229 3286 dedit
1254 3258 1291 3268 -

155 3326 318 3390 extollebat
344 3365 380 3374 -
405 3326 613 3391 minitabatur
638 3367 678 3376 —
702 3327 858 3392 clanrabat
882 3364 920 3373 -
947 3328 1151 3412 corrjirmabat
1172 3350 1292 3393 -non

152 3429 264 3512 potuit.

258 3533 400 3597 Eandem
425 3556 501 3618 prae
524 3558 557 3600 33
581 3536 642 3600 fert
665 3538 802 3620 speciem
834 3537 919 3601 locus
950 3537 1098 3600 orationis
1129 3534 1169 3598 de
1200 3535 1293 3600 domo

154 3658 211 3700 sua
234 3636 274 3700 ad
297 3639 422 3721 pont}
451 3640 529 3701 129:
562 3640 652 3720 Quod
681 3640 709 3702 si
738 3639 793 3703 tibi
821 3647 887 3703 tam
919 3644 952 3703 ia
981 3641 1036 3703 illo
1070 3641 1118 3702 rai
1148 3638 1294 3721 publicae

155 3739 335 3824 aaafrapio
358 3744 461 3805 omum
486 3744 519 3805 iu
541 3750 671 3806 meatem
693 3745 796 3807 oeuirc
816 3744 1051 3826 potuissent
1079 3750 1135 3805 aut
1162 3745 1191 3805 si
1220 3749 1293 3806 tuus

154 3847 290 3928 scriptor
308 3846 342 3907 iu
364 3846 418 3908 illo
441 3846 584 3909 incendio
608 3848 744 3910 civitatis
766 3867 829 3910 aare
852 3846 1056 3929 syaprapbos
1079 3866 1148 3910 carre
1163 3845 1293 3929 Bpeaa-

155 3949 208 4011 tiis
230 3946 387 4012 casulibus
410 3954 439 4011 et
470 3970 540 4011 ‹tum
569 3950 682 4033 lupatis
705 3948 876 4032 Broqitari
901 3950 1081 4033 faceret,
1112 3949 1166 4012 scd
1195 3969 1292 4012 vacuo

153 4053 259 4115 auimo
283 4051 339 4115 tibi
353 4053 416 4115 ista
438 4054 607 4131 mamito,
624 4052 678 4115 sed
694 4061 843 4134 portenta
867 4052 1162 4133 conscriberet,
1185 4072 1292 4115 33333

153 4157 268 4236 amaia,
298 4158 328 4219 si
352 4157 455 4219 minas
487 4176 531 4236 ro,
567 4163 600 4218 at
632 4155 732 4221 verbis
754 4158 903 4240 lepitimis
927 4164 1183 4221 consecutus.
1207 4155 1293 4227 *sea

153 4279 216 4322 uuo
238 4267 373 4342 tempore
397 4260 556 4324 cautiones
569 4259 691 4343 fiebam
710 4263 921 4343 pecuniarum
944 4271 1002 4326 eto.

257 4362 317 4427 His
340 4386 466 4449 quoque
490 4365 699 4428 coniunctivis
723 4367 754 4429 in
779 4374 929 4450 promptu
951 4377 998 4430 est
1021 4367 1194 4450 significari
1213 4365 1297 4426 iudi·

1174 4464 1209 4516 Q*
