2956 4822
678 333 768 418 [roa]
1269 341 1287 404 r

261 525 334 591 Hoc
365 525 459 590 modo
495 534 607 612 postca
630 526 765 591 Rhodus
790 527 832 607 (a.
857 527 929 591 Ohr.
954 530 1049 602 408).
1077 527 1288 611 Megalopolis

158 625 201 712 (a.
226 627 300 695 Chr.
324 630 418 712 369),
450 629 532 693 aliae
562 629 708 694 conditae
740 638 822 697 sunt.
856 668 896 679 -
928 633 1062 719 Saepius
1092 638 1286 697 autemnon

157 734 251 815 ultro,
275 741 369 819 pacto
386 736 468 799 inter
495 735 641 799 ciuitates
665 735 780 801 liberas
803 745 971 819 conuento,
994 736 1050 800 sed
1072 738 1104 799 ui
1127 738 1178 799 nel
1202 736 1288 799 iussu

157 839 373 923 praepotentis
398 838 530 903 alicuius
553 841 637 922 regis
655 842 707 904 uel
722 840 880 927 dynastae
901 829 1090 927 synoecismi
1111 840 1288 904 ciuitatium

157 941 287 1006 fiebant.
323 940 434 1027 Neque
462 941 645 1006 mirabimur
669 943 805 1007 uictores
836 964 974 1027 regesne
1005 943 1075 1006 illos
1102 942 1290 1027 plerumque

157 1045 232 1108 satia
257 1065 320 1109 non
344 1045 492 1108 habuisse
512 1046 659 1111 ciuitates
683 1046 762 1110 duas
786 1048 837 1111 uel
861 1046 969 1132 plures
992 1046 1023 1110 in
1047 1065 1142 1109 unam
1160 1044 1290 1108 coniun-

157 1168 243 1231 gere.
289 1148 405 1232 Neque
436 1137 518 1212 enini
541 1150 630 1214 firme
653 1171 759 1234 neque
783 1149 835 1214 diu
860 1151 941 1214 tales
967 1150 1156 1236 synoecismi
1180 1149 1289 1213 ualere

156 1254 356 1337 potuissent,
386 1254 444 1318 nisi
475 1254 561 1318 ciues
592 1256 667 1319 noui
697 1256 730 1319 in
762 1254 872 1319 urbem
903 1255 1002 1339 ipsam
1027 1275 1138 1320 eorum
1162 1252 1290 1337 quibus·

158 1378 228 1421 cum
271 1358 473 1423 consociandi
511 1366 631 1439 essent,
676 1358 920 1425 deducerentur.
980 1361 1088 1444 Atque
1126 1359 1289 1423 Romanos

157 1462 284 1545 saepius
307 1461 347 1524 ad
370 1462 535 1545 augendas
550 1484 624 1526 suas
646 1483 697 1526 res
714 1462 776 1526 hoc
791 1462 979 1547 synoecismi
1003 1461 1098 1525 modo
1122 1482 1197 1525 usos
1219 1481 1290 1526 esse

158 1567 311 1631 constat¹.
347 1566 498 1631 Similiter
514 1567 627 1651 Argiui
644 1567 752 1652 paullo
775 1574 848 1652 post
870 1567 987 1632 bellum
1004 1569 1165 1632 Persicum
1189 1567 1290 1631 socios

159 1668 313 1754 quosdam
328 1670 466 1753 ipsorum
484 1671 567 1735 dicto
585 1691 646 1736 nou
665 1671 831 1735 audientes
853 1671 976 1756 oppidis
994 1692 1103 1735 corum
1121 1670 1289 1735 destructis

158 1775 188 1837 in
213 1794 303 1838 suam
326 1773 437 1838 urbem
455 1774 657 1839 deduxerunt
667 1774 689 1839 ².
724 1775 915 1860 Saepissime
939 1782 1045 1840 autam
1067 1775 1127 1838 hoc
1150 1773 1289 1838 aMace·

159 1878 276 1941 donum
311 1878 438 1962 regibus
462 1878 668 1961 factumest,
699 1880 861 1944 sciliceta
889 1879 1039 1966 Philippo
1064 1876 1134 1964 (qui
1155 1877 1289 1943 fortasse

157 1988 363 2066 tyrannorum
392 1981 633 2067 Syracusicrum
666 1984 848 2069 exemplum
880 1984 910 2047 in
944 2006 981 2049 ea
1004 2006 1039 2049 re
1062 1988 1190 2048 secutus
1213 1979 1288 2064 est),

157 2085 270 2150 deinde
288 2087 424 2151 maxime
447 2087 488 2151 ab
504 2087 688 2152 Alexandro
712 2089 843 2174 eiusque
865 2087 1111 2168 successoribus,
1135 2086 1289 2170 imprimis

156 2189 187 2253 in
209 2189 288 2253 Asia
317 2190 455 2271 minore,
487 2211 549 2276 qua
581 2189 620 2256 de
649 2213 683 2256 re
713 2190 796 2255 inira
826 2192 978 2256 nonnulla
1007 2189 1171 2255 adserendi
1201 2188 1289 2254 locus

157 2294 226 2358 erit.
279 2294 347 2358 Illis
382 2295 466 2358 enim
499 2296 696 2380 temporibus
740 2297 869 2361 uincula
901 2297 971 2381 ipsa
1005 2293 1057 2386 (ut
1089 2296 1134 2359 ita
1168 2292 1285 2374 dicam)

157 2396 271 2482 quibus
295 2399 441 2463 ciuitates
464 2399 607 2483 singulae
637 2400 974 2465 circumscribebantur
997 2407 1028 2464 et
1051 2399 1132 2463 aliae
1154 2397 1195 2462 ab
1218 2396 1287 2461 aliis

157 2499 405 2580 distinebantur,
436 2501 668 2587 quodammodo
692 2503 772 2568 solui
796 2510 909 2587 coepta
933 2496 1042 2586 erant,
1074 2510 1109 2566 ut
1135 2501 1199 2565 iam
1221 2521 1286 2564 non

156 2604 239 2669 adeo
271 2606 434 2670 insolitum
462 2607 626 2672 uideretur
659 2608 797 2672 ciuitatis
827 2609 877 2672 ius
908 2607 993 2673 inter
1018 2606 1114 2673 urbes
1147 2604 1289 2670 Graecas

157 2709 291 2774 inuicem
315 2711 550 2777 communicari.

260 2814 323 2879 Sed
340 2823 430 2880 erant
446 2816 599 2880 Graeciae
621 2822 727 2901 partes
743 2816 773 2879 in
792 2814 906 2899 quibus
930 2815 1025 2879 etiam
1041 2814 1151 2898 quinto
1169 2831 1197 2876 a.
1214 2810 1289 2876 chr.

156 2918 282 2983 saeculo
299 2924 355 2983 aut
371 2918 477 2982 nullae
492 2918 559 2982 fere
576 2925 632 2983 aut
648 2919 856 3003 paucissimae
879 2917 976 2982 urbes
990 2921 1106 2982 essent.
1140 2914 1287 2999 Pagatim

158 3022 242 3085 enim
264 3027 296 3085 et
313 3023 451 3103 uicatim,
474 3029 620 3107 utsupra
636 3022 711 3103 dixi,
735 3023 762 3087 ei
779 3022 924 3088 homines
941 3021 1085 3085 habitare
1101 3019 1289 3105 pergebant,

156 3126 201 3188 ita
224 3133 329 3190 tamon
365 3134 400 3191 ut
422 3127 589 3211 paullatim
613 3127 749 3192 certiora
773 3128 855 3191 inter
878 3126 1020 3209 singulos
1048 3125 1118 3188 illos
1141 3123 1229 3187 uicos
1252 3142 1290 3186 ac

156 3249 258 3314 pagos
287 3231 415 3295 uincula
445 3233 636 3314 existerent,
667 3229 782 3295 deinde
812 3232 864 3294 uel
888 3250 1055 3294 commune
1077 3230 1126 3293 ius
1150 3226 1289 3291 ciuitatis

157 3343 190 3398 et
212 3355 392 3400 communes
414 3336 502 3418 leges
524 3336 607 3400 inter
630 3356 684 3400 eos
707 3335 986 3400 constituerentur.
1032 3333 1138 3408 Quam
1161 3330 1289 3397 coniun-

157 3438 269 3502 ctionis
291 3436 426 3503 sormam
450 3440 664 3519 συμπολιτείαν
685 3439 799 3504 Graeci
823 3438 977 3503 dicebant.

260 3543 406 3628 Denique
437 3544 519 3608 inter
551 3544 695 3608 ciuitates
719 3542 803 3627 ipsas
833 3541 986 3627 quasdam
1008 3540 1125 3605 similes
1160 3539 1289 3604 coniun-

157 3645 277 3710 ctiones
300 3647 464 3712 institutae
487 3655 562 3712 sunt
585 3668 667 3734 qnae
690 3645 802 3711 eodem
826 3647 955 3711 nomine
978 3644 1231 3730 appellabantur.

259 3751 298 3815 In
322 3752 435 3836 quibus
467 3772 524 3816 eae
554 3773 633 3837 quas
655 3747 779 3827 ἐθνικὰς
808 3750 1020 3830 συμπολιτειάς
1043 3753 1168 3812 uetares
1191 3747 1290 3810 nomi·

157 3853 287 3935 nabunt,
311 3856 429 3940 quippe
453 3875 536 3938 quae
558 3855 781 3918 uniuersorum
797 3854 942 3936 gentium
957 3852 1103 3916 ciuitates
1126 3851 1178 3915 nel
1203 3850 1290 3914 uicos

157 3958 442 4041 amplecterentur,
479 3958 617 4023 omnium
651 3958 880 4022 illustrissimae
918 3963 950 4020 ct
986 3955 1170 4021 notissimae
1206 3960 1289 4032 sunt,

154 4061 308 4145 imprimis
331 4062 535 4127 Achaeorum
566 4068 599 4124 et
620 4060 813 4126 Aetolorum
843 4059 1055 4145 sympolitiae.
1101 4058 1152 4122 Da
1175 4057 1290 4143 quibus

156 4212 361 4220 „oz—..-

261 4289 269 4322 ¹
290 4287 331 4339 Of.
351 4305 374 4339 c.
394 4305 419 4353 g.
459 4289 571 4353 Dionys.
591 4288 652 4339 Hal.
674 4287 730 4338 AR.
749 4287 818 4349 3,·29,

261 4377 270 4411 ²
289 4373 330 4427 (li.
367 4374 447 4427 Kubn
467 4375 485 4429 l.
505 4390 527 4428 c.
547 4391 573 4442 p.
594 4371 643 4426 198
661 4389 722 4443 sqq.
741 4390 801 4428 curn
821 4374 888 4429 locis
908 4372 946 4424 ibi
964 4371 1065 4430 citaris.
