2956 4822
247 311 288 374 ss
766 306 857 392 [asc]

246 498 504 584 locupletandum
542 499 855 563 circumlocutionum
892 506 1090 584 apparatum.
1149 497 1232 562 Nam
1273 505 1378 564 exstat

248 605 373 689 quidem
386 603 549 688 epitheton
559 601 754 686 χρυσοκόμης
767 604 828 666 iam
841 602 926 686 apud
940 601 1123 667 Hesiodum
1132 602 1162 664 in
1175 601 1382 686 Theogoniae

179 718 183 726 '
248 730 277 774 v.
293 711 365 789 947,
383 707 436 772 scd
451 707 491 770 de
503 707 646 789 Dionyso
659 705 787 770 dictum.
812 706 938 770 Deinde
951 707 981 768 in
995 729 1024 769 v.
1038 708 1079 769 49
1093 705 1249 789 Apollinis
1265 728 1381 771 nomen

247 819 343 897 poeta
358 814 405 875 ita
419 812 564 892 variavit,
581 818 616 873 ut
632 810 847 895 appellatione
865 813 983 893 Φοίβου
999 833 1039 874 ex
1056 811 1200 876 Homero
1217 811 1382 875 notissima

249 937 320 981 eum
350 917 532 998 insigniret,
567 935 624 978 neo
657 915 760 978 minus
791 913 954 1000 τοξοφόρος
986 915 1038 978 ille
1070 915 1175 978 Δάλου
1205 912 1383 998 θεοδμήτας

251 1021 372 1099 σκοπός,
394 1044 414 1085 a
438 1042 501 1106 quo
525 1027 560 1082 ut
581 1021 641 1105 ipsi
665 1021 830 1102 imperium
854 1019 982 1104 aliquod
1009 1021 1091 1083 iuter
1114 1020 1382 1099 bomines'daret,

250 1125 357 1189 Iamus
381 1125 532 1208 petivisse
559 1124 707 1187 inversu
738 1127 778 1188 59
810 1131 969 1201 narratur,
1001 1124 1118 1207 Apollo
1149 1125 1382 1208 intellegendus

247 1238 305 1294 est.
340 1228 468 1292 Etenim
485 1250 555 1293 cum
568 1227 650 1292 Delo
671 1228 784 1296 insula,
801 1229 883 1291 utin
900 1248 963 1310 qua
981 1223 1021 1291 ex
1034 1227 1159 1291 Latona
1176 1235 1260 1293 esset
1275 1237 1380 1311 natus,

248 1331 326 1396 deus
349 1318 514 1397 artissimis
536 1331 772 1415 quodammodo
788 1332 921 1395 vinculis
938 1339 1007 1395 erat
1022 1332 1218 1413 coniunctus,
1245 1354 1381 1420 cumque

246 1437 285 1500 ab
309 1435 534 1520 antiquissimis
558 1435 755 1517 temporibus
778 1433 839 1497 illio
870 1455 992 1497 summa
1023 1434 1182 1498 coleretur
1212 1435 1377 1519 religione,

249 1540 338 1625 quasi
370 1547 475 1604 custos
509 1539 644 1603 insulam
678 1538 918 1622 diligentissime
953 1539 1036 1604 tueri
1070 1538 1253 1622 putabatur.
1308 1538 1380 1603 Huc

247 1644 379 1725 accedit,
397 1642 481 1729 quod
498 1645 530 1706 in
545 1665 574 1708 v.
589 1646 629 1707 62
646 1663 774 1727 quoque
792 1641 949 1707 delitescit
966 1644 1091 1727 siguum
1104 1642 1272 1726 Apollinis.
1299 1641 1381 1707 Nam

245 1750 356 1830 πατρία
378 1744 473 1824 ὅσσα,
497 1769 578 1832 quae
602 1746 729 1810 Iamum
753 1747 906 1809 honorem
930 1755 1093 1830 petentem
1111 1745 1301 1833 Olympiam
1326 1748 1380 1811 ad·

247 1850 396 1932 ducebat,
420 1859 455 1914 ut
471 1850 558 1914 lovis
580 1847 729 1914 sacerdos
752 1850 794 1913 ibi
818 1850 920 1930 fieret,
944 1856 992 1913 est
1015 1870 1080 1912 vox
1094 1850 1193 1934 patris
1208 1849 1382 1935 Apollinis,

249 1955 299 2019 cui
321 1954 433 2018 Iamns
458 1977 499 2018 ex
522 1954 657 2018 Euadne
680 1961 781 2017 matre
805 1962 873 2018 erat
896 1963 999 2018 natus.
1037 1954 1151 2038 Itaque
1168 1975 1238 2017 oum
1254 1955 1383 2038 triginta

246 2056 312 2121 fere
337 2079 487 2121 versuum
502 2060 604 2143 spatio
621 2080 677 2122 sex
696 2078 824 2140 prorsus
840 2058 923 2121 inter
938 2079 972 2121 se
989 2056 1132 2123 diversae
1148 2059 1381 2144 appellationes
1398 2096 1401 2101 ·

245 2161 402 2245 Apollinis
425 2164 655 2244 contineantur,
679 2160 817 2225 dubitari
841 2163 893 2224 vix
919 2169 1037 2245 potest,
1059 2163 1134 2245 qniu
1154 2163 1313 2227 Pindarus
1342 2163 1382 2228 de

247 2264 403 2328 industria
418 2265 498 2330 hano
514 2267 711 2330 locutionum
727 2266 914 2330 varietatem
931 2265 1131 2350 appetiverit,
1155 2287 1195 2330 ne
1210 2265 1250 2329 ad
1268 2266 1379 2330 eadem

247 2370 376 2433 nomina
391 2369 601 2434 relaberetur.
636 2369 719 2433 Nam
735 2375 841 2454 potest
856 2368 983 2451 quidem
1000 2390 1076 2434 casu
1091 2372 1168 2446 lieri,
1191 2379 1227 2434 ut
1243 2372 1267 2434 si
1285 2391 1382 2456 quem

249 2473 375 2557 saepius
417 2475 595 2558 significare
636 2474 787 2550 velimus,
828 2474 924 2537 semel
964 2475 1118 2537 iterumve
1156 2495 1271 2539 nomen
1315 2476 1382 2540 eins

245 2579 411 2658 variemus,
428 2577 483 2642 sed
503 2579 533 2642 iu
551 2600 614 2643 uno
631 2578 768 2641 carmine
784 2586 903 2641 temere
917 2597 1107 2661 quemqnam
1120 2579 1226 2643 sexies
1240 2578 1382 2659 diversis,

246 2699 327 2763 quae
349 2683 537 2765 praesertim
560 2683 663 2745 minus
687 2683 751 2746 sint
775 2683 919 2761 usitatae,
944 2682 1212 2766 appellationibus
1234 2684 1379 2767 insigniri

244 2783 394 2868 equidem
418 2785 611 2868 persuadere
634 2785 711 2849 mihi
733 2807 797 2849 non
820 2805 960 2870 possum.

347 2889 431 2955 Item
454 2893 484 2955 in
509 2890 648 2953 carmine
671 2889 839 2973 Olympico
865 2896 989 2970 octavo,
1012 2889 1066 2952 ubi
1090 2889 1205 2969 legitur
1228 2892 1259 2954 in
1284 2911 1310 2955 v.
1336 2893 1375 2955 31

245 2995 314 3066 παῖς
337 2988 353 3054 ὁ
377 2997 513 3070 Λατοῦς,
533 2994 564 3056 in
588 3015 617 3057 v,
643 2998 680 3058 41
709 2989 882 3070 Ἀπόλλων,
906 2993 938 3056 in
959 3013 989 3058 V.
1014 2995 1054 3057 46
1079 2992 1162 3070 θεός,
1188 3015 1383 3079 quamquam

248 3095 351 3158 minus
374 3117 470 3181 saepe
494 3098 651 3181 Apollinis
675 3097 792 3161 mentio
815 3096 899 3161 facta
923 3108 980 3178 cst,
1005 3105 1110 3161 tamen
1133 3107 1263 3180 poetam
1288 3097 1382 3161 buius

252 3196 301 3261 dei
333 3219 449 3262 nomen
483 3203 606 3265 variare
636 3202 773 3265 voluisse
809 3210 1056 3265 consentaneum
1091 3212 1150 3266 cst.
1205 3200 1318 3284 Neque
1349 3202 1382 3264 in

249 3301 387 3365 carmine
403 3302 536 3388 Pythioo
559 3307 658 3390 primo
674 3304 831 3370 Pindarus
848 3305 1029 3390 Apollinem
1054 3305 1100 3369 bis
1126 3306 1239 3369 eodem
1256 3304 1382 3368 nomine

240 3390 439 3488 introduxit,
469 3406 524 3470 sed
556 3410 585 3472 iu
616 3432 645 3473 v.
682 3416 691 3472 l
727 3409 825 3473 habes
858 3408 1071 3487 Ἀπόλλωνος,
1104 3430 1132 3474 v.
1168 3413 1203 3470 1‘2
1228 3410 1382 3485 Λατοίδα,

245 3530 274 3575 v.
298 3514 339 3574 39
363 3510 460 3575 Λύκιε
483 3517 531 3576 καὶ
556 3512 663 3578 Δάλοι’
685 3512 827 3578 ἀνάσσων
851 3516 956 3594 Φοῖβε.
1003 3513 1104 3577 Multo
1129 3520 1234 3576 autem
1260 3514 1381 3577 maiore

245 3616 338 3698 copia
361 3616 552 3681 locutionum
578 3618 617 3681 ad
643 3619 822 3704 Apollinem
846 3619 1055 3704 spectantium
1082 3617 1225 3681 abundat
1250 3639 1380 3682 carmen

243 3718 414 3804 Pythicum
439 3722 579 3803 tertium,
603 3722 657 3784 ubi
670 3743 785 3804 ‚poena
802 3743 821 3784 a
838 3721 999 3786 Coronide
1014 3732 1145 3807 proptor
1161 3721 1381 3785 infidelitatem

247 3827 279 3883 ct
301 3822 492 3888 adulterium
516 3846 574 3908 per
595 3826 778 3910 Apollinem
801 3827 934 3910 repetita
959 3834 1133 3890 enarratur.
1179 3824 1276 3887 Cuius
1300 3823 1382 3888 odae

243 3925 274 3987 in
300 3945 327 3988 r.
352 3929 390 3988 14
414 3926 573 4012 Apollinis
598 3951 726 4010 nomen,
750 3931 831 4014 qnod
855 3931 959 4016 ipsum
982 3930 1013 3992 in
1037 3950 1064 3991 v.
1084 3933 1120 3991 11
1147 3930 1382 4013 pronuntiatur.

244 4029 288 4091 ita
312 4031 466 4095 variatum
493 4039 548 4108 est,
573 4042 607 4096 ut
630 4033 848 4118 appellatione
871 4033 977 4097 denno
1001 4055 1019 4096 a
1044 4033 1180 4096 crinibus
1204 4036 1305 4117 potita
1328 4032 1382 4097 ille

244 4132 368 4196 dicatur
397 4134 592 4215 ‹iaaapauo'pag
617 4140 747 4218 Φοῖβος,
776 4159 880 4222 neque
908 4138 1011 4200 minus
1041 4138 1073 4199 in
1104 4159 1133 4198 v.
1162 4139 1197 4199 15
1227 4135 1303 4212 θεός
1334 4146 1382 4199 est

248 4236 374 4320 signum
404 4238 570 4323 Apollinis.
625 4240 694 4303 lam
726 4261 802 4304 vero
836 4242 867 4304 iu
899 4262 926 4302 v.
960 4243 999 4303 27
1033 4241 1190 4304 Pindarus
1222 4240 1381 4325 Apollinis

245 4361 360 4403 noman
386 4341 432 4405 bis
456 4364 512 4426 per·
528 4344 681 4427 ambages
696 4344 843 4427 reddidit,
866 4365 938 4409 cum
960 4365 1020 4409 non
1037 4344 1137 4409 solum
1155 4346 1228 4406 ναοί·
1243 4343 1382 4426 βασιλεύς
