2954 4816
714 271 781 357 186]

312 466 328 529 I
354 468 453 545 12,6
484 464 588 529 eadem
619 466 710 528 iura
736 470 1014 548 praestantur
1040 463 1170 547 parenti
1185 462 1197 540 ΙΙ
1213 464 1265 542 25,
1295 465 1316 526 6

312 569 443 632 tribui
473 569 807 649 eaeusationemtt
826 571 875 648 11,
898 569 1041 644 neura
1144 565 1317 629 tributa

312 670 438 754 suutil
456 673 506 750 12,
530 674 549 735 6
571 673 670 735 iura
692 669 1015 752 tribuunturiill
1043 674 1096 750 13,
1126 690 1173 754 pr.
1201 689 1317 752 prae·

312 776 510 841 seruatur
532 778 606 840 ius.

286 884 316 945 3.
361 878 505 943 Verbum
537 878 699 942 admittere
736 886 791 943 aut
823 877 860 961 u)
893 877 1019 941 'aditum
1052 877 1122 942 olei.
1155 876 1195 940 ed
1228 876 1313 961 alqd.

184 984 268 1048 dere'
290 988 346 1046 aut
368 982 401 1063 tt)
424 977 612 1046 ‘concedere'
635 981 686 1045 vel
714 978 910 1065 ‘permittere'
943 1001 1043 1064 neque
1072 979 1228 1062 signifieat
1257 1001 1315 1065 per

183 1093 333 1171 quattuor
357 1084 597 1148 Institutionum
620 1084 728 1164 libros,
751 1084 865 1149 veluti:
897 1082 945 1146 ed
969 1081 1004 1164 a)
1035 1083 1049 1145 l
1073 1085 1123 1160 25,
1149 1087 1188 1146 14
1218 1106 1249 1148 a.
1271 1084 1317 1148 ad

184 1191 295 1255 tutelae
317 1209 431 1252 munus
446 1189 458 1270 ΙΙ
474 1187 527 1251 III
553 1192 578 1265 1,
606 1190 643 1251 12
668 1209 698 1252 a.
722 1188 766 1252 ad
788 1186 878 1268 bona,
903 1186 957 1252 afr.
982 1189 1011 1267 4,
1035 1208 1099 1270 pr.;
1122 1189 1151 1263 8,
1170 1209 1215 1272 pr.
1233 1187 1245 1268 ΙΙ
1263 1184 1317 1250 ΙΙΙ

184 1297 214 1372 2,
239 1296 257 1357 3
281 1315 310 1356 a.
335 1291 378 1356 ad
400 1290 597 1373 hereditates,
620 1292 675 1356 eir.
700 1294 730 1374 4,
753 1295 788 1366 8,
818 1294 848 1372 5,
871 1289 990 1373 still
1013 1292 1041 1364 2,
1065 1292 1084 1353 3
1107 1310 1137 1354 a.
1161 1290 1203 1352 ad
1224 1290 1317 1354 bano·

183 1419 255 1461 rum
272 1397 500 1480 possessionem
516 1394 527 1477 ii
544 1394 597 1458 III
614 1398 644 1476 2,
660 1399 679 1460 3
696 1397 743 1459 ita
769 1446 822 1461 ...
848 1396 1144 1473 admittuntur,
1168 1393 1223 1459 afr.
1241 1396 1317 1475 2,5,

184 1503 214 1581 2,
238 1501 274 1582 7,
299 1502 329 1582 9,
354 1501 414 1580 10,
440 1500 491 1580 11,
515 1496 631 1581 511111
654 1501 705 1577 25,
728 1502 746 1562 2
769 1519 799 1563 a.
824 1500 857 1561 in
879 1500 1061 1562 societatem.
1107 1497 1156 1562 ad
1179 1495 1317 1579 mles,

187 1606 226 1668 10
248 1623 312 1667 nan
334 1622 397 1666 esse
429 1607 532 1665 aretem
564 1601 860 1666 admittendam
891 1603 1120 1666 excasationem
1151 1602 1217 1665 eius
1236 1599 1317 1682 iiffl

184 1712 214 1785 9,
237 1712 257 1771 4
281 1728 311 1771 a.
335 1705 484 1769 bonarum
502 1706 721 1787 possessiones,
745 1704 799 1768 afr.
823 1704 875 1768 III
899 1704 949 1787 23,
973 1707 1009 1786 2,
1033 1703 1081 1767 IV
1104 1708 1133 1784 8,
1158 1706 1204 1769 7.-

284 1810 329 1874 At
353 1810 406 1895 qui
431 1808 575 1872 iniuriam
599 1810 782 1890 committit,
813 1809 839 1872 is
871 1809 900 1871 in
926 1807 993 1874 sola
1026 1809 1201 1894 posteriore
1223 1816 1317 1892 perte

184 1915 298 1979 dieitur
320 1913 466 1976 iniurium
488 1911 673 1974 admittere:
697 1911 751 1977 air.
776 1911 808 1974 ΙΙ
834 1914 920 1992 1,16
944 1911 1069 1987 furtum
1091 1913 1316 1994 committere3

184 2026 296 2083 eontra
324 2016 372 2079 IV
406 2019 433 2097 1,
467 2018 500 2079 ll
534 2016 662 2096 furtum
694 2016 910 2098 admittite,
947 2020 957 2076 l
993 2016 1132 2079 admitti
1161 2016 1317 2079 iniuriam

184 2121 255 2205 (afr.
278 2124 346 2201 3,4
369 2121 398 2183 si
419 2120 454 2183 id
477 2142 497 2182 a
518 2120 616 2183 milite
721 2119 908 2184 admissum
930 2127 973 2184 est
989 2116 995 2205 Ι
1011 2122 1039 2183 si
1055 2120 1139 2186 atius
1161 2120 1317 2204 iatequid

185 2224 350 2304 admisit!
371 2224 400 2288 si
422 2224 450 2285 is
471 2224 506 2284 in
529 2223 592 2285 aiio
616 2220 682 2285 loeo
783 2223 818 2286 id
841 2223 1005 2305 admisit).
1049 2222 1161 2309 Neque
1184 2222 1316 2288 fortuito

183 2330 214 2393 in
237 2329 316 2392 libro
341 2327 389 2390 IV
412 2326 470 2389 11.
495 2325 621 2388 admitti
643 2330 809 2389 exaratum
832 2345 901 2390 esse
931 2346 971 2389 ex
995 2347 1032 2390 eo
1053 2327 1205 2411 sequitur,
1228 2327 1315 2412 quod

183 2431 231 2496 IV
254 2434 347 2514 1,11,
370 2451 433 2515 quo
449 2429 519 2492 loeo
535 2428 595 2492 Gai
617 2429 833 2494 institutiones
857 2428 925 2511 (III
942 2429 1021 2512 202)
1036 2432 1190 2514 praebent
1213 2451 1316 2495 com·

184 2537 369 2610 mitteretur,
391 2533 526 2615 legitur:
548 2538 583 2596 ut
601 2531 730 2615 furtum
753 2532 993 2597 admitteretur.

285 2643 314 2703 4.
359 2637 493 2702 Locutio
524 2637 714 2702 admonendi
745 2653 854 2703 sarnus
875 2639 906 2701 in
930 2636 1017 2701 libris
1040 2638 1057 2701 Ι
1081 2646 1112 2703 et
1136 2637 1192 2701 11¹
1215 2637 1317 2718 deest,

184 2743 215 2807 in
241 2741 293 2805 111
316 2749 348 2807 et
371 2738 420 2803 IV
449 2746 555 2805 eutem
583 2762 621 2808 eo
653 2743 778 2826 saepius
808 2741 940 2826 legitur:
975 2740 1026 2805 ΙΙΙ
1054 2748 1079 2823 1,
1105 2745 1144 2805 13
1176 2742 1315 2806 admo·

184 2846 290 2910 neud
298 2845 310 2907 i
332 2851 436 2908 tamen
458 2864 593 2908 sumus
616 2865 676 2928 eos,
698 2847 753 2930 qui
776 2893 843 2925 ...,
872 2844 938 2909 utia
961 2851 1065 2908 tamen
1084 2850 1178 2928 parte
1208 2847 1316 2909 uocari

184 2948 343 3033 (Theoph.
365 2952 547 3029 μεμνῆσθαι
570 2946 654 3030 ἡμᾶς
674 2947 763 3031 χρή),
786 2948 840 3014 etr.
864 2952 894 3029 5,
918 2951 957 3030 5,
982 2951 1011 3026 6,
1033 2969 1097 3032 pr.;
1128 2951 1157 3026 8,
1180 2968 1241 3032 pr.;
1266 2947 1316 3011 IV

186 3056 213 3129 7,
237 3054 272 3131 8,
299 3055 348 3136 12,
365 3055 402 3133 2,
428 3052 475 3134 16,
498 3072 544 3137 pr.
590 3052 628 3115 In
652 3052 738 3116 libris
761 3053 832 3117 Iot
855 3051 1016 3118 Illorum
1040 3051 1123 3116 illius
1147 3051 1314 3117 locutionis

184 3163 334 3241 ooeupet:
368 3155 384 3219 Ι
417 3158 508 3234 12,9
541 3158 644 3221 scire
675 3162 826 3240 oportet
842 3158 854 3236 it
873 3159 922 3239 14,
949 3161 981 3236 1,
1024 3159 1081 3237 24,
1105 3159 1142 3238 2,
1174 3159 1232 3236 26,
1259 3159 1315 3220 12:

184 3258 1334 3341 scieuauuestttsse,10;t,2;10,1;11,6;19,6;,23,1:.

184 3364 393 3430 sciendum
414 3371 482 3428 est.
527 3362 596 3427 Neo
618 3362 767 3427 fefellisse
791 3383 840 3426 me
864 3362 1061 3447 opinionem,
1090 3384 1160 3426 oum
1188 3371 1315 3428 senten·

183 3467 260 3532 tiam
282 3468 312 3532 in
337 3466 439 3531 verbis
462 3466 650 3530 admonendi
673 3467 954 3531 summittentem
977 3488 1040 3530 non
1068 3466 1184 3532 distare
1212 3468 1251 3531 ab
1276 3490 1315 3533 ee

184 3592 266 3656 quae
289 3572 371 3636 inest
394 3571 424 3633 in
447 3571 607 3635 scandum
629 3577 672 3634 est
694 3569 876 3650 iudiearem,
901 3570 1005 3635 elucet
1027 3592 1068 3636 ex
1100 3571 1215 3635 talibus
1237 3572 1316 3637 locis

185 3677 296 3760 quales
319 3680 393 3739 suut
415 3673 467 3738 III
490 3678 519 3755 6,
536 3695 593 3759 pr,
615 3675 671 3738 ubi
693 3695 731 3739 ee
755 3696 837 3760 quee
853 3673 1031 3758 Theophila
1055 3675 1151 3759 vulgo
1168 3674 1317 3739 tribuitur

184 3778 386 3865 paraphrasis
409 3777 484 3842 illud
511 3777 613 3842 reddit
637 3798 693 3864 per
715 3776 823 3842 εἰδέναι
843 3775 925 3861 χρή,
949 3780 980 3860 8,
995 3798 1042 3862 pr.
1066 3773 1148 3855 οἶδας
1170 3775 1217 3840 ὅτι
1242 3801 1314 3860 ...,

184 3881 232 3945 IV
249 3885 278 3963 i,
294 3885 313 3945 8
336 3880 498 3967 ὀφείλομεν
513 3880 630 3946 sitium.
662 3882 830 3946 Sciendum
853 3890 898 3946 est
920 3887 1026 3946 autem
1050 3902 1090 3945 ue
1105 3903 1124 3944 e
1139 3881 1315 3967 posteriore

287 4144 295 4179 ¹
316 4141 394 4203 Quod
413 4142 516 4208 legitur
535 4143 563 4195 11
580 4141 605 4206 8,
623 4143 640 4194 2
658 4158 729 4193 nurse
747 4144 942 4194 admonend
949 4146 960 4195 i
979 4159 1095 4194 serenus
1123 4157 1205 4209 neque
1221 4139 1315 4208 pupil-

184 4228 239 4278 lum
258 4233 302 4278 ete.
327 4242 361 4281 ex
386 4226 437 4281 Gsi
462 4229 524 4280 inst.
544 4227 572 4281 11
596 4226 630 4283 80
654 4226 843 4299 depromptum
867 4229 1031 4285 oorreototis
1055 4227 1199 4298 Byzantini
1220 4227 1314 4282 oeulos

184 4312 289 4381 effugit.
