2954 4822
235 259 254 318 8
340 187 342 191 ¹
666 288 708 300 -
754 247 843 337 [rso]
889 288 930 298 -

318 445 479 511 Homines
503 444 590 510 docti
620 464 684 507 non
715 441 924 506 consentiunt
945 442 1109 506 fuerintne
1136 460 1274 505 revera
1303 438 1367 504 duo

232 547 356 628 Sorani,
381 569 461 634 quos
484 547 596 612 laudat
619 545 826 631 Hesychius,
850 565 891 608 an
914 566 998 609 unus
1021 549 1148 608 tantum
1172 543 1366 608 statuendus

231 652 273 715 818
297 651 451 718 Soranus.
498 651 582 716 Nam
605 650 790 715 Osannus
815 649 964 733 (Quaest.
988 648 1087 714 Hom.
1103 646 1156 712 III
1179 670 1210 734 p.
1231 650 1269 711 12
1292 646 1366 711 adn.

233 755 286 841 lt)
311 755 584 822 Ermerinsius
607 754 739 840 (Sorani
755 753 892 839 Ephesii
915 751 998 817 liber
1020 751 1060 817 de
1084 749 1232 817 muliebr.
1256 752 1366 816 effect.

230 883 261 946 p.
277 860 326 924 IV
342 859 426 947 sqq.)
451 861 505 925 alii
523 859 682 925 Soranum
699 858 842 924 secundo
858 859 930 922 loco
953 857 994 922 ab
1011 856 1181 942 Hesychio
1197 855 1366 923 laudatum

230 964 385 1049 gravibus
408 964 470 1029 nisi
486 964 687 1049 argumentis
703 963 833 1027 omnino
857 962 1042 1027 reiecerunt
1064 969 1230 1047 tamquam
1253 982 1273 1024 a
1297 963 1366 1027 solo

229 1067 398 1154 Hesychio
425 1069 550 1143 fictum;
578 1073 690 1133 eontra
716 1066 893 1132 Daubius
924 1064 982 1150 (de
1013 1064 1134 1129 Suidae
1163 1066 1367 1152 biographie.

230 1172 354 1257 origine
382 1177 416 1235 et
445 1171 508 1235 tide
538 1193 570 1257 p.
600 1174 663 1237 439
690 1169 764 1237 adn.
794 1168 849 1256 39)
881 1169 1048 1235 contendit
1078 1170 1202 1235 nullam
1232 1192 1366 1256 prorsus

230 1276 368 1342 subesse
384 1298 525 1358 causam,
544 1297 602 1340 eur
616 1296 716 1340 unum
732 1281 861 1339 tantum
878 1274 1038 1339 Soranum
1055 1273 1222 1338 exstitisse
1240 1280 1365 1339 statue-

230 1401 350 1447 remus.
388 1381 543 1445 Attamen
560 1370 761 1466 probabilius
785 1386 836 1444 est
858 1399 959 1442 unum
979 1383 1104 1442 tanturn
1122 1376 1283 1442 Soranum
1300 1378 1320 1442 i.
1337 1400 1366 1442 e.

231 1506 306 1550 oum
335 1505 431 1570 quem
461 1485 618 1549 maiorem
653 1482 729 1548 dicit
762 1482 879 1547 Suidas
908 1482 1008 1546 fnisse
1043 1487 1076 1544 88
1111 1481 1247 1566 scripta,
1281 1502 1366 1567 quae

230 1589 417 1674 Hesychius
447 1587 570 1653 Sorano
597 1609 693 1674 quem
721 1586 833 1652 laudat
861 1587 977 1651 minori
1008 1586 1134 1666 tribuit,
1166 1585 1214 1649 illi
1239 1584 1366 1650 Sorano

231 1691 425 1758 vindicanda
448 1714 522 1758 esse
546 1692 665 1757 omnia.

321 1837 347 1896 l.
382 1831 556 1897 Faciamus
585 1831 671 1896 enim
703 1853 738 1896 88
766 1852 844 1897 vera
874 1830 975 1895 fuisse
1007 1828 1170 1916 quendam
1203 1827 1365 1894 Soranum

231 1935 413 2022 Ephesium
437 1937 605 2015 minorem,
630 1935 684 2021 qui
708 1934 797 1999 libris
819 1934 867 1999 lv
889 1936 1056 2021 γυναικεῖα
1079 1939 1111 1996 88
1133 1926 1228 2018 βίους
1250 1927 1371 2019 ἰατρῶν

231 2038 288 2106 καὶ
302 2036 443 2126 αἱρέσεις
455 2038 510 2105 καὶ
526 2034 736 2125 συντάγματα
749 2037 880 2103 librisX
892 2039 1056 2125 scripserit
1069 2043 1103 2102 et
1114 2029 1197 2102 {itta
1208 2030 1369 2124 διάφοραε

231 2146 297 2230 qui,
321 2165 458 2230 quaeso,
481 2144 551 2208 fieri
574 2144 697 2229 potuit,
726 2149 762 2208 ut
784 2144 856 2207 eius
879 2143 1037 2207 memoria
1059 2141 1146 2228 apud
1169 2141 1370 2227 posteriores

236 2249 411 2334 scriptores
435 2254 469 2312 et
491 2247 635 2312 medicos
651 2248 781 2312 omnino
801 2253 1033 2319 evanesceret?
1069 2247 1178 2332 Atque
1202 2266 1275 2310 cum
1298 2267 1369 2311 cer-

234 2352 372 2417 tissimis
389 2352 585 2416 testimoniis
601 2350 673 2437 (cfr.
687 2351 855 2416 Ermerins
869 2352 891 2418 l.
905 2352 942 2426 l.;
959 2350 1070 2437 Voigt,
1086 2351 1155 2416 Sor.
1172 2349 1294 2436 Ephes.
1308 2356 1370 2416 888.

239 2479 269 2543 p.
287 2460 319 2531 3;
344 2457 387 2521 H.
403 2456 548 2535 Haeser,
572 2456 612 2521 de
630 2455 754 2520 Sorano
769 2455 913 2542 Ephesio
937 2456 1073 2542 eiusque
1096 2452 1174 2539 περὶ
1197 2478 1262 2541 yvv.
1280 2461 1370 2521 παθ.

234 2560 317 2625 111888
351 2581 456 2646 nuper
481 2567 621 2646 reperto,
649 2581 757 2646 progr.
779 2559 879 2625 lenae
900 2562 991 2640 18411,
1015 2582 1046 2645 p.
1063 2559 1097 2644 6)
1122 2565 1250 2624 constet
1269 2561 1370 2625 maio-

237 2686 305 2729 rem
324 2685 451 2749 quoque
469 2664 630 2728 Soranum
648 2670 822 2729 tractatum
846 2664 886 2729 de
910 2665 1124 2730 muliebribus
1142 2664 1371 2729 affectionibus

235 2767 431 2855 (pancrasio)
457 2768 643 2854 scripsisse,
667 2788 764 2854 quern
786 2767 950 2847 Dietzius,
981 2767 1221 2847 Ermerinsius,
1245 2767 1369 2833 Valen-

235 2874 321 2936 tinus
354 2871 442 2937 Rose
482 2871 604 2958 publici
641 2872 720 2937 iuris
751 2871 913 2953 fecerunt,
949 2872 1149 2957 posteriores
1180 2871 1298 2937 medici
1338 2880 1372 2939 et

236 2977 431 3062 scriptores,
464 2962 625 3057 Galenus,
659 2975 845 3054 Oribasius,
876 2975 1008 3040 Caelius
1037 2975 1253 3056 Aurelianus,
1289 2975 1370 3041 Τ88-

236 3080 402 3161 tullianus,
427 3079 528 3144 Orion
551 3088 623 3157 etc,
647 3101 720 3145 curn
744 3078 784 3144 de
808 3079 910 3144 altero
934 3087 1007 3143 utro
1025 3078 1150 3143 Sorano
1164 3079 1267 3144 rerba
1281 3079 1371 3145 face·

236 3192 319 3264 rent,
344 3185 537 3270 cognomine
560 3184 701 3270 quodam
725 3176 958 3268 (πρεσβύτερος
974 3183 1025 3247 vel
1047 3176 1199 3268 νεώτερος
1214 3184 1266 3247 881
1290 3183 1369 3269 8118)

237 3310 294 3352 888
318 3288 507 3355 discerncre
531 3287 709 3362 debebant;
733 3286 944 3351 nihilominus
968 3286 1009 3351 ab
1034 3285 1184 3352 omnibus
1201 3287 1255 3372 qui
1274 3285 1370 3353 Sora-

238 3414 315 3457 num
343 3394 489 3458 excitant
504 3394 718 3481 scriptoribus
731 3393 755 3478 ¹)
777 3399 832 3457 aut
852 3413 917 3456 uno
937 3389 1236 3480 8888881888Σωρανός
1257 3394 1371 3458 lauda-

240 3506 293 3563 tur
316 3506 373 3563 aut
396 3493 547 3583 Σωρανὸς
568 3498 586 3563 ὁ
604 3490 763 3585 ’aptatos

309 3766 330 3833 ¹)
349 3766 490 3834 Perpaucu
503 3782 536 3818 ex
550 3766 645 3819 multis
660 3764 744 3819 adero
758 3766 898 3835 exempla:
918 3765 1068 3828 Oribasius,
1082 3765 1184 3820 Iuliani
1198 3765 1374 3835 imperatoris

238 3851 364 3920 aequalis
377 3850 508 3917 (0811888811
521 3868 614 3920 opera,
628 3852 666 3905 Ill
680 3870 706 3921 p.
719 3852 858 3906 sca-382
870 3852 913 3906 ed.
926 3853 1311 3923 Bussemalrer-Daremberg),
1324 3853 1373 3908 ubi

238 3937 293 3991 duo
312 3937 407 4006 capita
425 3937 546 3992 eSorani
561 3937 632 3991 libro
644 3937 791 4008 depromit,
811 3937 1145 4009 81881888881μήιριις881
1159 3939 1265 3992 αἰδοίου
1276 3959 1373 4009 γυναι-

238 4022 312 4075 κείου
330 4023 418 4078 adicit
436 4024 532 4078 verba:
554 4024 590 4078 ἐκ
615 4026 678 4077 ru‘r
696 4026 861 4097 Σωρανοῠ.
898 4025 938 4078 Ex
956 4025 1047 4080 utrius
1065 4025 1163 4080 Sorani
1183 4026 1255 4080 libro
1275 4025 1374 4080 Oriba-

239 4109 310 4163 sium
329 4109 404 4165 bunc
422 4111 513 4164 locum
532 4110 734 4180 deprompsisse
753 4128 854 4174 censes,
873 4110 1099 4180 quandoquidem
1118 4112 1235 4179 uterque
1253 4111 1374 4166 Soranus

239 4194 274 4249 dc
293 4196 475 4251 muliebribus
494 4195 688 4251 affectionibus
706 4197 846 4267 scripsisse
865 4198 971 4252 fertur?
