2956 4822
206 338 266 397 ras
727 332 817 418 [aar]

203 526 336 611 singulis
366 527 531 610 utriusque
562 528 700 590 ciuitatis
732 527 855 592 ciuibus
885 528 944 592 bac
972 529 1045 612 lege
1081 529 1150 592 iura
1184 530 1342 614 quaedam

202 631 358 698 adtribui.
389 630 508 694 scilicet
537 631 708 714 praecipue
736 632 786 696 ius
813 631 1006 716 ubicumque
1035 633 1135 696 uelint
1167 637 1343 698 communis

205 734 354 800 territorii
374 733 491 798 fundos
508 733 700 816 acquirendi,
724 742 791 797 tnnr
808 734 1038 798 immunitatem
1055 757 1161 800 rerum
1181 760 1221 801 ax
1239 738 1341 804 altero

203 839 234 903 in
257 840 393 903 alterum
418 838 610 902 territorium
636 844 877 922 exportatarum
894 849 925 903 et
944 839 1199 922 importatarum,
1225 841 1342 907 deinde

203 943 252 1007 ius
276 943 386 1026 pascui
399 943 417 1006 ¹.
464 943 556 1015 Quae
581 943 651 1006 iura
673 964 745 1005 cum
770 941 947 1007 Medeoniis
978 943 1073 1006 etiam
1103 944 1171 1028 ipso
1202 945 1342 1010 ciuitatis

203 1049 272 1112 iure
294 1046 457 1110 adtributa
480 1046 551 1125 sint,
575 1046 787 1131 praedicatur,
811 1056 846 1111 ut
865 1048 962 1111 etiam
979 1047 1081 1111 Stiriis
1104 1047 1216 1113 eadem
1233 1056 1360 1114 esseut¹

203 1150 236 1213 iu
258 1171 337 1234 agro
361 1149 611 1214 Medeouiorum.

308 1253 402 1328 Quod
419 1251 459 1316 ad
473 1259 579 1316 cetera
590 1253 711 1317 adtinet
729 1275 811 1338 quae
827 1275 901 1317 cum
913 1253 1090 1320 Medeoniis
1104 1278 1122 1319 a
1135 1255 1238 1321 Stiriis
1255 1278 1342 1321 com·

205 1359 416 1433 municantur,
439 1379 477 1421 ea
501 1357 606 1420 onmia
630 1358 832 1421 continentur
854 1357 992 1422 formula
1024 1380 1087 1444 qua
1117 1361 1149 1423 iu
1178 1361 1342 1425 ciuitatem

204 1462 416 1546 recipiuntur:
441 1458 619 1541 aduersaria
643 1464 843 1537 Msd'aorm‘ovg
873 1459 988 1539 πάντας
1011 1463 1150 1545 Στιριόυς
1179 1463 1264 1541 ἴσους
1293 1466 1342 1528 καὶ

203 1563 337 1647 ὁμοίους.
393 1564 430 1629 In
460 1567 574 1649 quibus
604 1566 790 1629 nominatim
822 1566 869 1629 ins
902 1567 1045 1651 suffragii
1075 1570 1122 1633 eis
1149 1568 1342 1632 adtribuitur

206 1670 250 1750 (v.
277 1671 429 1749 13-15).
453 1670 629 1754 itidemque
653 1671 701 1734 ius
725 1670 893 1735 honorum.

299 1774 472 1839 Praeterea
484 1774 658 1838 Medeoniis
671 1784 875 1838 reseruantur
887 1775 950 1838 duo
963 1776 1041 1856 iura,
1054 1797 1189 1859 quorum
1203 1776 1341 1840 alterum

204 1880 244 1943 ad
261 1879 434 1962 phratriam
449 1879 690 1943 Medeoniorum
708 1879 809 1963 ipsam
824 1880 973 1962 pertinet,
990 1881 1125 1944 alterum
1141 1879 1181 1943 ad
1197 1879 1341 1962 singulos

205 1983 303 2047 ciues.
347 1982 457 2065 Atque
481 1982 520 2046 da
543 1983 602 2046 hoc
627 1983 687 2045 iam
711 2003 809 2067 snpra
832 1984 930 2047 uerba
952 1983 1023 2061 feei,
1053 1983 1257 2048 cumsimilis
1289 2005 1339 2049 ras

206 2088 303 2153 stiam
327 2087 356 2149 in
374 2086 522 2151 Teiorum
540 2094 572 2149 et
589 2085 806 2151 Lebediorurn
829 2087 1030 2170 synoeeismo
1048 2096 1193 2174 occurrat
1211 2088 1257 2173 (p.
1274 2087 1340 2168 31).

208 2191 350 2256 Cauetur
366 2192 459 2270 enim,
476 2213 515 2254 ne
531 2191 558 2252 ei
576 2190 630 2274 qui
646 2190 868 2274 magist-ratum
886 2191 937 2253 uel
955 2191 1168 2256 sacerdotium
1182 2190 1341 2255 Medeoua

206 2295 380 2382 gesserint,
412 2295 478 2357 ullo
508 2296 697 2379 rrragistratu
730 2294 877 2359 Stirieusi
907 2295 995 2374 fungi
1026 2302 1190 2378 cogantur.
1244 2295 1341 2370 Quod

207 2421 280 2464 cum
304 2399 345 2462 de
370 2399 471 2462 Stiriis
496 2420 557 2463 non
582 2409 753 2479 statuatur,
776 2399 1028 2483 intellegendum
1053 2406 1110 2478 est,
1134 2400 1299 2484 catalogos
1323 2422 1341 2465 c

208 2505 323 2588 quibus
358 2525 489 2566 munera
519 2504 685 2567 Stiriornm
719 2502 1007 2583 distribuebantur,
1042 2502 1222 2589 sympolitia
1256 2503 1338 2567 faeta

207 2608 349 2673 sublatos
372 2629 436 2671 nou
461 2630 540 2688 esse,
563 2616 789 2692 praeterquam
812 2607 895 2689 quod
920 2608 947 2672 ei
974 2606 1131 2671 Medeonii
1154 2606 1206 2691 qui
1230 2628 1341 2672 muno·

206 2711 293 2774 ribus
316 2711 415 2775 iuneti
440 2732 502 2774 non
527 2717 626 2791 erant,
650 2710 680 2774 in
705 2712 750 2775 eis
772 2711 1027 2775 inscriberentur.

313 2816 509 2880 Grauissima
532 2824 640 2879 autem
665 2816 806 2879 omnium
822 2836 928 2878 rerum
945 2822 1103 2898 quotquot
1119 2815 1150 2877 in
1166 2814 1227 2877 hoc
1248 2821 1341 2899 pacto

209 2929 388 3000 occurrunt,
413 2942 451 2982 ex
477 2941 539 3004 qua
562 2918 763 3003 potissimum
780 2916 854 3002 quid
871 2918 993 2981 intersit
1009 2918 1090 2981 inter
1105 2917 1341 3002 synoecismum

208 3033 241 3087 et
264 3023 476 3109 sympolitiam
501 3023 630 3100 efficias,
654 3022 707 3085 illa
731 3032 778 3084 est
794 3045 813 3085 a
829 3024 1029 3105 synoecismo
1052 3022 1255 3096 alienissima,
1277 3043 1341 3106 qua

208 3126 370 3212 phratrias
393 3127 634 3191 Medeoniornm
657 3127 688 3191 in
712 3125 854 3210 gerenda
876 3148 910 3189 re
934 3126 1060 3211 publica
1084 3126 1250 3190 Stiriorum
1282 3146 1341 3190 sua

207 3229 399 3293 adtribuitur
414 3251 497 3314 pars.
522 3229 722 3313 Quamquam
739 3231 823 3293 eninr
840 3228 1018 3313 praefectos
1031 3249 1117 3305 auos,
1132 3251 1189 3293 sua
1204 3229 1341 3311 comitia,

207 3333 365 3397 aerarium
389 3354 480 3396 suum
506 3333 600 3396 etiarn
625 3334 725 3397 tribus
756 3333 931 3396 ciuitatium
963 3333 1158 3396 Graecarum
1193 3331 1340 3397 babuisse

209 3436 356 3517 uidimus,
380 3438 485 3502 nullus
509 3447 614 3502 tamen
641 3438 687 3500 bis
712 3446 780 3501 erat
813 3438 901 3501 loeus
932 3437 962 3500 in
994 3436 1092 3500 rebus
1122 3435 1257 3520 publicis
1286 3458 1340 3520 ge·

206 3542 323 3605 randis.
369 3543 489 3605 Contra
512 3542 689 3606 Medeoniis
714 3541 906 3605 conceditur.
938 3550 971 3604 ut
995 3565 1012 3605 e
1036 3562 1094 3604 sua
1117 3540 1259 3626 phratria
1288 3541 1342 3604 eli·

208 3652 302 3729 gatur
324 3647 530 3731 magistratus
555 3646 681 3730 qnidam
705 3648 757 3731 qni
781 3668 845 3710 una
866 3668 936 3709 cnm
953 3645 1160 3709 archontibus
1176 3645 1342 3709 Stiriorum

209 3759 241 3814 et
265 3773 377 3815 causas
401 3773 455 3814 eas
479 3771 561 3834 quac
583 3750 622 3813 ad
649 3752 765 3813 indicia
794 3771 854 3815 non
886 3749 1083 3826 deferuntur,
1116 3746 1278 3829 diiudicet,
1309 3754 1341 3813 at

208 3853 328 3917 iudices
353 3877 415 3917 uua
439 3875 509 3917 emn
534 3854 654 3917 eisdem
677 3855 840 3918 sortiatur.

312 3958 434 4020 Iudicia
456 3956 553 4037 igitur
577 3978 636 4020 sua
661 3957 901 4022 Medeoniornnr
926 3956 1067 4041 phratria
1095 3977 1159 4019 non
1192 3955 1342 4020 habuisse

206 4059 345 4126 uidetur.

312 4168 467 4230 Memoria
479 4175 585 4229 autem
597 4166 725 4249 dignum
739 4171 796 4246 est,
809 4163 892 4228 hunc
904 4165 1123 4247 magistratum
1136 4163 1342 4228 Medeonium

209 4305 276 4312 ’,-
306 4310 323 4311 Π
360 4308 412 4313 Ακ

312 4394 320 4428 ¹
341 4395 381 4445 Da
399 4392 517 4462 ε’πινομίᾳ
534 4391 563 4445 cf
590 4390 698 4445 Boeckh
719 4390 752 4444 ad
773 4393 832 4444 CIG
855 4393 928 4447 1569.
965 4393 999 4445 ib.
1022 4389 1096 4445 1335.
1118 4389 1181 4443 1771
1201 4407 1262 4462 sqq.
