2956 4822
207 309 247 374 ea
747 307 840 394 [194]

207 501 265 567 has
299 501 378 566 duas
412 522 524 566 causas
557 502 721 565 interesse.
763 499 859 564 -Nam
894 501 1030 586 primum
1063 503 1197 569 Lebedii
1232 527 1343 573 omnes

208 613 367 692 coguntur
389 606 490 670 Teum
514 607 751 688 transmigrare,
775 626 847 668 curn
870 607 955 688 regis
978 607 1039 671 hoc
1053 607 1191 673 maxime
1206 610 1342 695 intersit,

206 718 242 775 ut
265 733 328 775 uno
351 711 422 774 loco
446 729 594 793 magnam
611 709 770 773 ciuitatem
790 709 973 773 constituat.
1011 709 1216 794 Magnetibus
1233 722 1340 780 autem

206 815 416 900 permittitur,
445 820 549 876 utrum
581 811 673 876 sedes
697 811 862 897 Smyrnam
895 813 1067 879 transferre
1098 816 1198 880 uelint
1231 840 1341 887 necne.

207 918 334 982 Deinde
357 915 505 981 Lebediis
530 922 657 1001 praeter
681 914 797 981 fundos
822 916 874 1000 qui
899 916 943 981 eis
972 918 1182 1002 assignantur,
1213 921 1245 984 iu
1277 930 1343 988 tres

206 1043 307 1087 annos
324 1022 535 1086 habitationes
551 1021 650 1106 gratis
667 1019 792 1099 dantur,
809 1020 1014 1104 Magnetibus
1030 1022 1120 1087 fundi
1142 1025 1231 1107 nulli,
1255 1027 1344 1091 babi-

207 1128 343 1192 tationes
367 1132 475 1191 autem
498 1127 529 1189 in
553 1147 611 1189 sex
633 1144 768 1189 menses.
815 1124 907 1198 Quae
931 1124 1129 1191 differentiae
1160 1137 1229 1193 arte
1259 1130 1342 1196 inter

207 1253 241 1297 se
259 1231 440 1295 cohaerent.
473 1228 557 1293 Nam
573 1249 642 1292 cum
656 1228 871 1293 Lebediorum
887 1229 1047 1294 traductio
1063 1251 1127 1295 non
1144 1232 1182 1296 ad
1200 1233 1343 1318 ipsorum

208 1335 412 1401 commodum
436 1333 601 1413 efficiatur,
624 1332 741 1396 damna
764 1333 877 1417 quibus
901 1333 1094 1416 afficiuntur,
1124 1337 1168 1401 eis
1195 1358 1344 1422 compen·

209 1440 309 1505 sanda
340 1445 424 1504 sunt.
475 1436 596 1502 Contra
627 1436 793 1521 Smyrnaei
824 1458 889 1501 non
917 1436 949 1500 id
981 1458 1077 1522 agere
1108 1440 1272 1522 uidentur,
1309 1448 1344 1505 ut

208 1545 405 1629 Magnesiam
428 1543 588 1608 desertam
615 1540 741 1623 faciant,
772 1561 877 1627 neque
906 1542 1033 1606 omnino
1064 1543 1123 1608 sibi
1150 1551 1214 1608 tam
1246 1567 1344 1630 quam

209 1649 413 1733 Magnetibus
445 1647 504 1711 hac
537 1667 571 1710 re
601 1646 774 1709 consulere.
828 1644 912 1708 Nam
946 1645 971 1709 si
1006 1646 1055 1709 cui
1087 1668 1104 1711 e
1138 1646 1343 1732 Magnetibus

208 1755 267 1838 ipsi
310 1753 431 1816 uolenti
469 1772 533 1815 non
573 1756 640 1814 erat
677 1749 845 1834 Smyrnam
883 1751 1124 1835 transmigrare,
1162 1761 1248 1817 certe
1285 1775 1343 1818 sex

210 1859 365 1922 mensium
396 1855 595 1920 habitatione
623 1853 722 1917 libera
746 1873 896 1917 concessa
919 1852 960 1916 ad
985 1854 1046 1918 hoe
1069 1856 1125 1918 uix
1147 1859 1344 1921 commoneri

209 1966 345 2047 poterat.
396 1959 479 2024 Tota
513 1958 609 2041 igitur
644 1979 695 2021 res
730 1977 787 2042 pro
827 1957 994 2022 commodo
1030 1958 1232 2044 Magnetibus
1270 1982 1345 2026 con-

210 2086 298 2130 cesso
337 2062 488 2129 habenda
524 2068 586 2143 est,
626 2084 664 2127 co
701 2061 848 2144 consilio,
888 2071 924 2126 ut
963 2063 1017 2146 qui
1056 2061 1209 2148 Smyrnae
1249 2086 1344 2150 quam

210 2168 395 2253 Magnesiae
427 2168 572 2232 habitare
608 2167 753 2244 mallent,
784 2167 829 2232 eis
861 2147 1026 2232 semenstri
1060 2169 1163 2253 spatio
1197 2171 1344 2254 proprias

210 2272 425 2337 habitationes
441 2272 501 2335 sibi
517 2271 721 2357 comparandi
737 2271 874 2336 facultas
890 2278 1115 2356 praestaretur.
1143 2273 1343 2358 Quamquam

210 2396 274 2442 non
310 2378 496 2460 negauerim
520 2376 730 2462 Smyrnaeus
760 2396 923 2461 sperasse,
958 2376 1028 2442 lore
1061 2384 1098 2440 ut
1130 2378 1229 2441 artius
1262 2379 1345 2441 inter

211 2488 380 2565 utramque
415 2480 575 2544 ciuitatem
607 2479 771 2543 uinculum
804 2487 1001 2555 necteretur,
1033 2482 1059 2545 si
1089 2503 1185 2566 quam
1214 2481 1343 2566 plurimi

210 2586 396 2670 Magnetum
419 2585 585 2670 Smyrnam
609 2583 897 2667 transmigrassem,
921 2592 1019 2670 utque
1042 2605 1080 2649 eo
1104 2584 1199 2649 modo
1223 2586 1345 2650 firmius

211 2689 394 2776 sympolitia
417 2695 526 2754 staret.
1035 2676 1037 2679 ⁵

314 2794 452 2881 Reliqua
474 2795 560 2878 pacti
584 2814 657 2879 pars
682 2793 722 2856 ad
746 2794 969 2878 exsequendas
990 2793 1189 2858 condiciones
1205 2793 1235 2856 in
1253 2813 1346 2877 supe-

211 2899 348 2964 rioribus
371 2898 579 2984 paragraphis
603 2904 805 2963 enumeratas
829 2898 979 2982 pertinet.

315 3001 332 3087 ξ
358 3006 406 3068 11.
433 3006 480 3067 12.
526 3003 609 3067 Iuris
638 3003 762 3068 iurandi
785 3004 950 3085 utriusque
974 3000 1112 3065 ciuitatis
1141 2999 1241 3064 uerba
1270 3021 1346 3065 con·

211 3108 394 3172 stitunntnr.
418 3143 457 3152 -
487 3107 549 3171 Dei
580 3129 637 3192 per
668 3128 748 3192 quos
778 3108 884 3171 iurant
913 3106 1079 3189 Magnetes
1103 3110 1135 3167 et
1166 3103 1346 3189 Smyrnaei,

213 3212 315 3277 eidem
337 3218 421 3293 sunt,
444 3218 670 3297 praeterquam
694 3211 779 3296 quod
797 3210 954 3296 Apollinis
974 3211 1012 3289 ἐμ
1031 3206 1164 3284 lln'vdorg
1186 3209 1269 3288 loco,
1293 3207 1346 3291 qui

211 3315 400 3399 Magnetum
422 3317 594 3400 praecipue
617 3314 743 3396 πάτριος
765 3313 841 3392 θεός
863 3314 960 3379 luisse
988 3313 1116 3379 uidetur
1148 3309 1205 3394 (ol.
1229 3332 1258 3377 v.
1278 3311 1345 3392 85),

212 3419 244 3482 in
268 3419 516 3505 Smyrnaeorum
540 3420 607 3483 iure
631 3419 765 3484 iurando
782 3418 893 3483 Venus
911 3417 1097 3483 Stratoniois
1121 3422 1180 3495 est,
1202 3423 1298 3500 atque
1316 3416 1346 3478 in

212 3525 394 3589 colonorum
428 3523 498 3589 iure
529 3522 664 3587 iurando
689 3530 762 3608 post
786 3523 926 3608 reliquos
950 3521 1028 3585 dccs
1052 3521 1193 3605 deasque
1218 3519 1347 3583 additur

213 3627 357 3693 Fortuna
386 3629 472 3714 regis
496 3628 634 3711 Seleuci,
665 3650 747 3714 quae
776 3650 793 3692 c
824 3638 1022 3692 sacramento
1052 3624 1178 3689 militari
1211 3623 1346 3687 sortasse

211 3731 273 3796 huc
303 3740 434 3817 recepta
462 3741 519 3800 est.
564 3730 700 3816 (Magna
732 3734 835 3796 Mater
867 3731 1019 3816 Sipylene
1051 3730 1083 3793 in
1112 3727 1249 3791 nummis
1280 3734 1346 3791 tam

212 3835 459 3921 Smyrnaeorum
494 3857 589 3923 quam
620 3836 807 3922 Magnetum
842 3835 949 3900 efficta
985 3839 1052 3898 cst:
1087 3832 1125 3897 cf.
1159 3830 1281 3896 Mokhel
1313 3830 1348 3895 II

211 3960 243 4023 p.
266 3942 328 4005 537
353 3963 400 4026 sq.
445 3940 610 4019 111106.)

315 4043 502 4129 Magnetum
524 4045 574 4108 ius
598 4044 766 4108 iurandum
798 4044 878 4109 duas
908 4051 1015 4130 partes
1034 4040 1183 4126 amplecti
1210 4038 1347 4119 uidetur,

214 4167 348 4232 quarum
371 4147 472 4213 altera
488 4150 530 4230 (v.
548 4148 692 4232 tid-dl)
711 4150 742 4212 in
761 4149 845 4232 pacti
861 4149 961 4213 uerba
975 4150 1091 4228 iurant,
1114 4145 1214 4208 altera
1229 4143 1347 4208 ciuium

214 4249 319 4315 officia
343 4254 522 4318 communia
544 4254 575 4317 in
606 4275 641 4318 se
669 4252 836 4337 rccipiunt.
881 4251 1052 4338 Popularia
1075 4248 1244 4336 potestatis
1273 4267 1348 4311 oon·

212 4356 391 4420 seruandae
414 4358 445 4421 in
470 4357 528 4421 hac
552 4364 642 4444 parte
664 4358 836 4444 praecipue
854 4358 933 4421 ratio
950 4355 1097 4437 habetur,
1121 4353 1212 4419 uelut
1227 4351 1260 4416 in
1275 4350 1344 4414 iure
