2954 4808
228 279 269 339 54
752 273 841 357 [110]

227 474 283 530 est.
322 464 435 552 Neque
464 467 545 530 enirn
577 466 640 530 ulla
668 466 841 530 similitudo
872 474 919 530 est
952 466 1023 529 huie
1053 465 1124 530 loeo
1164 487 1240 529 cum
1276 460 1381 531 altero

226 570 374 655 exemplo
398 571 560 648 Plautino,
593 570 681 634 euius
705 570 735 633 in
759 570 878 656 protasi
912 570 993 634 eoni.
1025 569 1127 654 impf„
1164 570 1199 632 in
1235 571 1380 655 apodesi

226 675 289 741 ind.
314 675 616 760 plusquamperfeeti
637 697 703 759 par
717 676 835 760 fuerat
850 674 982 758 legitur:
1007 673 1104 739 Stich.
1122 676 1201 739 512.
1252 674 1378 740 Verum

226 781 349 846 illorum
367 781 473 865 potius
494 780 729 844 enuntiatorum
754 778 897 843 condicio
922 778 1030 842 similis
1046 787 1103 856 est,
1127 799 1275 862 quorum
1301 801 1379 865 ape·

225 883 311 948 dosis
335 904 407 946 eum
423 883 650 947 interiectionis
669 883 803 967 quadam
828 884 859 945 vi
882 881 1116 966 pronuntiatur.
1157 881 1283 967 Itaque
1301 884 1377 947 talia

226 988 400 1072 comparari
430 995 564 1071 possunt
594 987 752 1069 exempla,
784 986 890 1070 qualia
923 984 996 1049 inde
1028 983 1237 1049 aCieerorris
1265 997 1377 1053 aetate

225 1092 351 1176 saepius
386 1093 470 1176 apud
510 1092 679 1175 scriptores
716 1097 885 1156 occurrunt
919 1091 980 1154 hoe
1017 1089 1111 1153 modo
1147 1091 1376 1157 conformata:

227 1195 399 1259 Praeclare
421 1196 606 1274 eicerarmae,
638 1197 702 1258 rrisr'
727 1197 906 1278 spoliatum,
931 1245 938 1258 .
964 1194 1172 1278 ..Lepidus
1203 1200 1376 1280 recepisset

224 1300 396 1363 Antonium
422 1299 486 1363 eie.
510 1299 548 1362 ad
574 1299 648 1364 fam.
672 1299 749 1379 XII,
779 1301 825 1380 10,
850 1299 887 1380 33
911 1305 960 1362 et:
985 1298 1130 1362 Perierat
1153 1301 1240 1363 alter
1266 1302 1375 1384 filine,

224 1406 253 1467 si
284 1406 429 1488 carnifici
461 1405 588 1468 convive
623 1425 686 1467 nore
714 1405 884 1487 placuisset
918 1403 992 1468 Sen.
1024 1402 1063 1467 de
1092 1403 1139 1466 ira
1177 1403 1213 1466 ΙΙ
1245 1407 1313 1486 33,
1347 1408 1374 1468 6.

226 1505 323 1572 Cuius
353 1508 478 1590 generis
503 1507 650 1593 exempla
683 1516 835 1591 congesta
866 1515 940 1570 eunt
969 1527 988 1570 a
1020 1506 1192 1588 Draegero
1224 1507 1246 1571 l.
1274 1530 1304 1573 e.
1341 1509 1376 1573 II

224 1632 254 1695 p.
278 1612 341 1674 696
365 1632 410 1695 sq.
435 1620 467 1675 et
490 1631 509 1674 a
532 1611 646 1675 Fothio
672 1612 691 1676 l.
716 1632 741 1675 c.
767 1631 797 1694 p.
823 1612 885 1674 274
909 1632 954 1694 sq.
