<?xml version="1.0" encoding="UTF-8"?>
<!DOCTYPE html PUBLIC "-//W3C//DTD XHTML 1.0 Transitional//EN"
    "http://www.w3.org/TR/xhtml1/DTD/xhtml1-transitional.dtd">
<html xmlns="http://www.w3.org/1999/xhtml" xml:lang="en" lang="en">
 <head>
  <title>
</title>
<meta http-equiv="Content-Type" content="text/html;charset=utf-8" />
  <meta name='ocr-system' content='tesseract 3.04.00' />
  <meta name='ocr-capabilities' content='ocr_page ocr_carea ocr_par ocr_line ocrx_word'/>
</head>
<body>
  <div class='ocr_page' id='page_1' title='image "./dissertationesp00stragoog/dissertationesp00stragoog_0264.png"; bbox 0 0 2970 4814; ppageno 0'>
   <div class='ocr_carea' id='block_1_1' title="bbox 533 268 1229 360">
    <p class='ocr_par' dir='ltr' id='par_1_1' title="bbox 533 268 1229 360">
     <span class='ocr_line' id='line_1_1' title="bbox 533 268 1229 360; baseline 0.003 -25"><span class='ocrx_word' id='word_1_1' title='bbox 533 310 575 321; x_wconf 90' lang='lat'><em>-</em></span> <span class='ocrx_word' id='word_1_2' title='bbox 621 268 708 360; x_wconf 78' lang='lat'>[253]</span> <span class='ocrx_word' id='word_1_3' title='bbox 755 310 797 320; x_wconf 95' lang='lat'>-</span> <span class='ocrx_word' id='word_1_4' title='bbox 1190 277 1229 337; x_wconf 82' lang='grc' dir='ltr'><strong><em>ιι</em></strong></span> 
     </span>
    </p>
   </div>
   <div class='ocr_carea' id='block_1_2' title="bbox 97 455 1233 964">
    <p class='ocr_par' dir='ltr' id='par_1_2' title="bbox 97 455 1233 964">
     <span class='ocr_line' id='line_1_2' title="bbox 98 455 1232 551; baseline 0.001 -26"><span class='ocrx_word' id='word_1_5' title='bbox 98 458 155 526; x_wconf 83' lang='grc' dir='ltr'><strong><em>καὶ</em></strong></span> <span class='ocrx_word' id='word_1_6' title='bbox 184 459 218 526; x_wconf 81' lang='grc' dir='ltr'><strong><em>ἕν</em></strong></span> <span class='ocrx_word' id='word_1_7' title='bbox 247 455 413 551; x_wconf 78' lang='grc' dir='ltr'><strong><em>αἰσθήσει,</em></strong></span> <span class='ocrx_word' id='word_1_8' title='bbox 435 455 564 548; x_wconf 83' lang='grc' dir='ltr'><strong><em>γεγονὸς</em></strong></span> <span class='ocrx_word' id='word_1_9' title='bbox 589 457 704 545; x_wconf 86' lang='grc' dir='ltr'><strong><em>χυμός·</em></strong></span> <span class='ocrx_word' id='word_1_10' title='bbox 735 459 806 528; x_wconf 77' lang='grc' dir='ltr'><strong><em>ἐστὶ</em></strong></span> <span class='ocrx_word' id='word_1_11' title='bbox 829 456 889 548; x_wconf 84' lang='grc' dir='ltr'><strong><em>γάρ</em></strong></span> <span class='ocrx_word' id='word_1_12' title='bbox 911 456 1013 545; x_wconf 86' lang='grc' dir='ltr'><strong><em>χυμὸς</em></strong></span> <span class='ocrx_word' id='word_1_13' title='bbox 1034 455 1150 547; x_wconf 77' lang='grc' dir='ltr'><strong><em>γλυκὺς</em></strong></span> <span class='ocrx_word' id='word_1_14' title='bbox 1175 458 1232 526; x_wconf 84' lang='grc' dir='ltr'><strong><em>καὶ</em></strong></span> 
     </span>
     <span class='ocr_line' id='line_1_3' title="bbox 97 558 1229 653; baseline 0.001 -24"><span class='ocrx_word' id='word_1_15' title='bbox 97 560 225 649; x_wconf 86' lang='grc' dir='ltr'><strong><em>πικράς.</em></strong></span> <span class='ocrx_word' id='word_1_16' title='bbox 264 560 302 631; x_wconf 86' lang='grc' dir='ltr'><strong><em>τὸ</em></strong></span> <span class='ocrx_word' id='word_1_17' title='bbox 318 564 354 631; x_wconf 82' lang='grc' dir='ltr'><strong><em>δὲ</em></strong></span> <span class='ocrx_word' id='word_1_18' title='bbox 368 558 522 631; x_wconf 86' lang='grc' dir='ltr'><strong><em>άπεπτον</em></strong></span> <span class='ocrx_word' id='word_1_19' title='bbox 540 563 597 630; x_wconf 85' lang='grc' dir='ltr'><strong><em>καὶ</em></strong></span> <span class='ocrx_word' id='word_1_20' title='bbox 614 558 785 652; x_wconf 78' lang='grc' dir='ltr'><strong><em>άνέφιγτον,</em></strong></span> <span class='ocrx_word' id='word_1_21' title='bbox 803 566 976 653; x_wconf 74' lang='grc' dir='ltr'><strong><em>πεφθῆναι</em></strong></span> <span class='ocrx_word' id='word_1_22' title='bbox 993 562 1029 630; x_wconf 79' lang='grc' dir='ltr'><strong><em>δὲ</em></strong></span> <span class='ocrx_word' id='word_1_23' title='bbox 1044 559 1229 648; x_wconf 76' lang='grc' dir='ltr'><em>δυνάμενον,</em></span> 
     </span>
     <span class='ocr_line' id='line_1_4' title="bbox 99 661 1233 755; baseline 0.001 -23"><span class='ocrx_word' id='word_1_24' title='bbox 99 661 144 747; x_wconf 83' lang='grc' dir='ltr'><strong><em>ὡς</em></strong></span> <span class='ocrx_word' id='word_1_25' title='bbox 167 670 185 755; x_wconf 77' lang='grc' dir='ltr'><em>ἦ</em></span> <span class='ocrx_word' id='word_1_26' title='bbox 209 667 242 733; x_wconf 83' lang='grc' dir='ltr'><strong><em>ἑν</em></strong></span> <span class='ocrx_word' id='word_1_27' title='bbox 264 664 366 748; x_wconf 86' lang='grc' dir='ltr'><strong><em>πόαις</em></strong></span> <span class='ocrx_word' id='word_1_28' title='bbox 388 666 445 734; x_wconf 83' lang='grc' dir='ltr'><strong><em>καὶ</em></strong></span> <span class='ocrx_word' id='word_1_29' title='bbox 463 661 612 755; x_wconf 84' lang='grc' dir='ltr'><strong><em>ὀπώραις</em></strong></span> <span class='ocrx_word' id='word_1_30' title='bbox 634 662 714 755; x_wconf 74' lang='grc' dir='ltr'><strong><em>ὑγρὰ</em></strong></span> <span class='ocrx_word' id='word_1_31' title='bbox 734 662 841 748; x_wconf 74' lang='grc' dir='ltr'><strong><em>οὐσία,</em></strong></span> <span class='ocrx_word' id='word_1_32' title='bbox 864 664 974 750; x_wconf 84' lang='grc' dir='ltr'><strong><em>χυλός·</em></strong></span> <span class='ocrx_word' id='word_1_33' title='bbox 998 665 1055 733; x_wconf 79' lang='grc' dir='ltr'><strong><em>καὶ</em></strong></span> <span class='ocrx_word' id='word_1_34' title='bbox 1077 669 1136 733; x_wconf 83' lang='grc' dir='ltr'><strong><em>τοῦ</em></strong></span> <span class='ocrx_word' id='word_1_35' title='bbox 1158 665 1233 752; x_wconf 78' lang='grc' dir='ltr'><strong><em>βίον</em></strong></span> 
     </span>
     <span class='ocr_line' id='line_1_5' title="bbox 97 767 1229 860; baseline 0.003 -25"><span class='ocrx_word' id='word_1_36' title='bbox 97 774 351 857; x_wconf 78' lang='grc' dir='ltr'><strong><em>μαρτυροῦντος·</em></strong></span> <span class='ocrx_word' id='word_1_37' title='bbox 381 767 418 839; x_wconf 85' lang='grc' dir='ltr'><strong><em>τὸ</em></strong></span> <span class='ocrx_word' id='word_1_38' title='bbox 447 770 507 856; x_wconf 79' lang='grc' dir='ltr'><strong><em>μὲν</em></strong></span> <span class='ocrx_word' id='word_1_39' title='bbox 532 767 593 858; x_wconf 85' lang='grc' dir='ltr'><strong><em>γάρ</em></strong></span> <span class='ocrx_word' id='word_1_40' title='bbox 619 772 726 851; x_wconf 78' lang='grc' dir='ltr'><strong><em>καλῶς</em></strong></span> <span class='ocrx_word' id='word_1_41' title='bbox 752 768 860 860; x_wconf 72' lang='grc' dir='ltr'><strong><em>ἑφθὸν</em></strong></span> <span class='ocrx_word' id='word_1_42' title='bbox 886 767 1048 858; x_wconf 77' lang='grc' dir='ltr'><strong><em>σάγχομον</em></strong></span> <span class='ocrx_word' id='word_1_43' title='bbox 1070 772 1229 852; x_wconf 86' lang='grc' dir='ltr'><strong><em>καλεῖται,</em></strong></span> 
     </span>
     <span class='ocr_line' id='line_1_6' title="bbox 98 868 1097 964; baseline 0.001 -23"><span class='ocrx_word' id='word_1_44' title='bbox 98 870 136 942; x_wconf 84' lang='grc' dir='ltr'><strong><em>τὸ</em></strong></span> <span class='ocrx_word' id='word_1_45' title='bbox 159 875 196 942; x_wconf 75' lang='grc' dir='ltr'><strong><em>δὲ</em></strong></span> <span class='ocrx_word' id='word_1_46' title='bbox 219 868 382 964; x_wconf 78' lang='grc' dir='ltr'><strong><em>άνέψητον</em></strong></span> <span class='ocrx_word' id='word_1_47' title='bbox 404 870 598 963; x_wconf 81' lang='grc' dir='ltr'><strong><em>άσάγχομον.</em></strong></span> <span class='ocrx_word' id='word_1_48' title='bbox 644 876 698 943; x_wconf 90' lang='lat' dir='ltr'><strong><em>Or.</em></strong></span> <span class='ocrx_word' id='word_1_49' title='bbox 728 880 797 959; x_wconf 71' lang='lat'><strong><em>163,</em></strong></span> <span class='ocrx_word' id='word_1_50' title='bbox 815 880 843 942; x_wconf 86' lang='lat'><strong>3.</strong></span> <span class='ocrx_word' id='word_1_51' title='bbox 889 877 1097 956; x_wconf 77' lang='lat' dir='ltr'><strong>Me1.36‚15.</strong></span> 
     </span>
    </p>
   </div>
   <div class='ocr_carea' id='block_1_3' title="bbox 183 1000 748 1750">
    <p class='ocr_par' dir='ltr' id='par_1_3' title="bbox 183 1000 614 1093">
     <span class='ocr_line' id='line_1_7' title="bbox 183 1000 614 1093; baseline -0.007 -18"><span class='ocrx_word' id='word_1_52' title='bbox 183 1006 253 1075; x_wconf 90' lang='grc'><strong><em>262</em></strong></span> <span class='ocrx_word' id='word_1_53' title='bbox 277 1000 370 1093; x_wconf 59' lang='lat' dir='ltr'><strong><em>crib:</em></strong></span> <span class='ocrx_word' id='word_1_54' title='bbox 394 1028 423 1072; x_wconf 83' lang='lat' dir='ltr'><strong>v.</strong></span> <span class='ocrx_word' id='word_1_55' title='bbox 447 1001 614 1093; x_wconf 81' lang='grc' dir='ltr'><strong><em>τράχηλος.</em></strong></span> 
     </span>
    </p>

    <p class='ocr_par' dir='ltr' id='par_1_4' title="bbox 184 1130 614 1224">
     <span class='ocr_line' id='line_1_8' title="bbox 184 1130 614 1224; baseline -0.007 -20"><span class='ocrx_word' id='word_1_56' title='bbox 184 1134 255 1204; x_wconf 90' lang='grc'><strong>263</strong></span> <span class='ocrx_word' id='word_1_57' title='bbox 279 1130 411 1224; x_wconf 79' lang='grc' dir='ltr'><strong><em>φωλήε</em></strong></span> <span class='ocrx_word' id='word_1_58' title='bbox 437 1156 466 1200; x_wconf 82' lang='lat' dir='ltr'><strong>v.</strong></span> <span class='ocrx_word' id='word_1_59' title='bbox 490 1131 614 1201; x_wconf 81' lang='grc' dir='ltr'><strong><em>αἰδοῖα.</em></strong></span> 
     </span>
    </p>

    <p class='ocr_par' dir='ltr' id='par_1_5' title="bbox 183 1266 748 1490">
     <span class='ocr_line' id='line_1_9' title="bbox 183 1266 748 1357; baseline -0.002 -17"><span class='ocrx_word' id='word_1_60' title='bbox 183 1271 254 1340; x_wconf 88' lang='grc'><strong>264</strong></span> <span class='ocrx_word' id='word_1_61' title='bbox 277 1266 506 1357; x_wconf 77' lang='grc' dir='ltr'><strong><em>ὠλὲκρανσνῑ</em></strong></span> <span class='ocrx_word' id='word_1_62' title='bbox 531 1295 561 1339; x_wconf 87' lang='lat' dir='ltr'><strong>v.</strong></span> <span class='ocrx_word' id='word_1_63' title='bbox 585 1267 748 1341; x_wconf 80' lang='grc' dir='ltr'><strong><em>δάκτυλοι.</em></strong></span> 
     </span>
     <span class='ocr_line' id='line_1_10' title="bbox 183 1395 618 1490; baseline -0.002 -20"><span class='ocrx_word' id='word_1_64' title='bbox 183 1402 253 1472; x_wconf 83' lang='grc'><strong>265</strong></span> <span class='ocrx_word' id='word_1_65' title='bbox 276 1395 431 1470; x_wconf 75' lang='grc' dir='ltr'><strong><em>ὠλέναιε</em></strong></span> <span class='ocrx_word' id='word_1_66' title='bbox 455 1425 484 1468; x_wconf 87' lang='lat' dir='ltr'><strong>v.</strong></span> <span class='ocrx_word' id='word_1_67' title='bbox 506 1406 618 1490; x_wconf 85' lang='grc' dir='ltr'><strong><em>χεῖρες.</em></strong></span> 
     </span>
    </p>

    <p class='ocr_par' dir='ltr' id='par_1_6' title="bbox 183 1523 642 1621">
     <span class='ocr_line' id='line_1_11' title="bbox 183 1523 642 1621; baseline -0.011 -18"><span class='ocrx_word' id='word_1_68' title='bbox 183 1534 254 1603; x_wconf 91' lang='grc'><strong><em>266</em></strong></span> <span class='ocrx_word' id='word_1_69' title='bbox 277 1523 399 1617; x_wconf 76' lang='grc' dir='ltr'><strong><em>ὦμοςε</em></strong></span> <span class='ocrx_word' id='word_1_70' title='bbox 424 1554 453 1598; x_wconf 82' lang='lat' dir='ltr'><strong><em>v,</em></strong></span> <span class='ocrx_word' id='word_1_71' title='bbox 476 1527 642 1621; x_wconf 75' lang='grc' dir='ltr'><strong><em>τράχηλος.</em></strong></span> 
     </span>
    </p>

    <p class='ocr_par' dir='ltr' id='par_1_7' title="bbox 185 1652 659 1750">
     <span class='ocr_line' id='line_1_12' title="bbox 185 1652 659 1750; baseline -0.004 -19"><span class='ocrx_word' id='word_1_72' title='bbox 185 1662 254 1731; x_wconf 80' lang='grc'><strong>267</strong></span> <span class='ocrx_word' id='word_1_73' title='bbox 279 1652 400 1741; x_wconf 77' lang='grc' dir='ltr'><strong><em>ὦπεςε</em></strong></span> <span class='ocrx_word' id='word_1_74' title='bbox 424 1684 454 1727; x_wconf 87' lang='lat' dir='ltr'><strong>v.</strong></span> <span class='ocrx_word' id='word_1_75' title='bbox 476 1656 659 1750; x_wconf 81' lang='grc' dir='ltr'><strong><em>ὀφθαλμοί.</em></strong></span> 
     </span>
    </p>
   </div>
   <div class='ocr_carea' id='block_1_4' title="bbox 90 1781 1233 3360">
    <p class='ocr_par' dir='ltr' id='par_1_8' title="bbox 90 1781 1233 3125">
     <span class='ocr_line' id='line_1_13' title="bbox 182 1781 1233 1883; baseline -0.001 -24"><span class='ocrx_word' id='word_1_76' title='bbox 182 1791 255 1861; x_wconf 86' lang='grc'><strong>268</strong></span> <span class='ocrx_word' id='word_1_77' title='bbox 280 1781 375 1857; x_wconf 77' lang='lat' dir='ltr'><strong>circ:</strong></span> <span class='ocrx_word' id='word_1_78' title='bbox 408 1785 659 1879; x_wconf 75' lang='grc' dir='ltr'><strong><em>Ἀπολλόδωρος</em></strong></span> <span class='ocrx_word' id='word_1_79' title='bbox 692 1790 760 1876; x_wconf 82' lang='grc' dir='ltr'><strong><em>μέν,</em></strong></span> <span class='ocrx_word' id='word_1_80' title='bbox 796 1786 866 1859; x_wconf 87' lang='grc' dir='ltr'><strong><em>άπὸ</em></strong></span> <span class='ocrx_word' id='word_1_81' title='bbox 894 1795 953 1859; x_wconf 82' lang='grc' dir='ltr'><strong><em>τοῦ</em></strong></span> <span class='ocrx_word' id='word_1_82' title='bbox 983 1792 1139 1875; x_wconf 79' lang='grc' dir='ltr'><strong><em>δέχεσθαι</em></strong></span> <span class='ocrx_word' id='word_1_83' title='bbox 1174 1790 1233 1883; x_wconf 83' lang='grc' dir='ltr'><strong><em>τὴν</em></strong></span> 
     </span>
     <span class='ocr_line' id='line_1_14' title="bbox 95 1884 1233 1986; baseline -0.001 -23"><span class='ocrx_word' id='word_1_84' title='bbox 95 1890 210 1964; x_wconf 72' lang='grc' dir='ltr'><strong><em>ὄσσαν·</em></strong></span> <span class='ocrx_word' id='word_1_85' title='bbox 234 1892 267 1963; x_wconf 84' lang='lat' dir='ltr'><strong><em>ci</em></strong></span> <span class='ocrx_word' id='word_1_86' title='bbox 290 1893 334 1976; x_wconf 81' lang='grc' dir='ltr'><strong><em>δέ,</em></strong></span> <span class='ocrx_word' id='word_1_87' title='bbox 358 1889 404 1961; x_wconf 81' lang='grc' dir='ltr'><strong><em>δι’</em></strong></span> <span class='ocrx_word' id='word_1_88' title='bbox 430 1884 474 1961; x_wconf 82' lang='grc' dir='ltr'><strong><em>ὦν</em></strong></span> <span class='ocrx_word' id='word_1_89' title='bbox 489 1889 630 1965; x_wconf 86' lang='grc' dir='ltr'><strong><em>ὠθεῖται</em></strong></span> <span class='ocrx_word' id='word_1_90' title='bbox 653 1899 671 1984; x_wconf 74' lang='grc' dir='ltr'><strong><em>ἡ</em></strong></span> <span class='ocrx_word' id='word_1_91' title='bbox 691 1892 784 1986; x_wconf 79' lang='grc' dir='ltr'><strong><em>φωνή</em></strong></span> <span class='ocrx_word' id='word_1_92' title='bbox 791 1915 798 1930; x_wconf 92' lang='grc'><em>·</em></span> <span class='ocrx_word' id='word_1_93' title='bbox 823 1893 855 1963; x_wconf 78' lang='grc' dir='ltr'><strong><em>οὶ</em></strong></span> <span class='ocrx_word' id='word_1_94' title='bbox 878 1894 923 1977; x_wconf 83' lang='grc' dir='ltr'><strong><em>δέ,</em></strong></span> <span class='ocrx_word' id='word_1_95' title='bbox 946 1892 1031 1963; x_wconf 86' lang='grc' dir='ltr'><strong><em>κατὰ</em></strong></span> <span class='ocrx_word' id='word_1_96' title='bbox 1052 1893 1233 1982; x_wconf 83' lang='grc' dir='ltr'><strong><em>μετάθεσιν</em></strong></span> 
     </span>
     <span class='ocr_line' id='line_1_15' title="bbox 93 1993 1228 2090; baseline 0 -24"><span class='ocrx_word' id='word_1_97' title='bbox 93 2001 153 2067; x_wconf 82' lang='grc' dir='ltr'><strong><em>τοῦ</em></strong></span> <span class='ocrx_word' id='word_1_98' title='bbox 172 2001 200 2065; x_wconf 79' lang='grc' dir='ltr'><strong><em>π</em></strong></span> <span class='ocrx_word' id='word_1_99' title='bbox 221 1996 268 2080; x_wconf 82' lang='grc' dir='ltr'><strong><em>εἷς</em></strong></span> <span class='ocrx_word' id='word_1_100' title='bbox 289 2009 322 2080; x_wconf 76' lang='grc' dir='ltr'><strong><em>τ,</em></strong></span> <span class='ocrx_word' id='word_1_101' title='bbox 357 1993 427 2067; x_wconf 74' lang='grc' dir='ltr'><strong><em>ὅπα</em></strong></span> <span class='ocrx_word' id='word_1_102' title='bbox 453 1995 526 2066; x_wconf 86' lang='grc' dir='ltr'><strong><em>τινὰ</em></strong></span> <span class='ocrx_word' id='word_1_103' title='bbox 550 1994 641 2080; x_wconf 79' lang='grc' dir='ltr'><strong><em>ὅντα,</em></strong></span> <span class='ocrx_word' id='word_1_104' title='bbox 670 1995 763 2085; x_wconf 83' lang='grc' dir='ltr'><strong><em>παρὰ</em></strong></span> <span class='ocrx_word' id='word_1_105' title='bbox 790 1996 827 2067; x_wconf 85' lang='grc' dir='ltr'><strong><em>τὸ</em></strong></span> <span class='ocrx_word' id='word_1_106' title='bbox 860 1994 949 2080; x_wconf 85' lang='grc' dir='ltr'><strong><em>ὀπὰς</em></strong></span> <span class='ocrx_word' id='word_1_107' title='bbox 977 1997 1068 2082; x_wconf 79' lang='grc' dir='ltr'><strong><em>ἔχειν,</em></strong></span> <span class='ocrx_word' id='word_1_108' title='bbox 1102 1995 1124 2090; x_wconf 79' lang='grc' dir='ltr'>ἢ</span> <span class='ocrx_word' id='word_1_109' title='bbox 1150 1994 1228 2066; x_wconf 77' lang='grc' dir='ltr'><strong><em>καθ’</em></strong></span> 
     </span>
     <span class='ocr_line' id='line_1_16' title="bbox 90 2096 1232 2193; baseline 0.002 -23"><span class='ocrx_word' id='word_1_110' title='bbox 90 2099 307 2189; x_wconf 79' lang='grc' dir='ltr'><strong><em>Ἡρακλείδην</em></strong></span> <span class='ocrx_word' id='word_1_111' title='bbox 341 2098 434 2188; x_wconf 84' lang='grc' dir='ltr'><strong><em>παρὰ</em></strong></span> <span class='ocrx_word' id='word_1_112' title='bbox 461 2098 499 2170; x_wconf 87' lang='grc' dir='ltr'><strong><em>τὸ</em></strong></span> <span class='ocrx_word' id='word_1_113' title='bbox 534 2101 690 2186; x_wconf 80' lang='grc' dir='ltr'><strong><em>δέχεσθαι</em></strong></span> <span class='ocrx_word' id='word_1_114' title='bbox 720 2099 779 2193; x_wconf 76' lang='grc' dir='ltr'><strong><em>τὴν</em></strong></span> <span class='ocrx_word' id='word_1_115' title='bbox 812 2096 897 2184; x_wconf 68' lang='lat' dir='ltr'><strong><em>ina,</em></strong></span> <span class='ocrx_word' id='word_1_116' title='bbox 933 2099 952 2171; x_wconf 80' lang='grc' dir='ltr'>ὅ</span> <span class='ocrx_word' id='word_1_117' title='bbox 977 2102 1047 2171; x_wconf 78' lang='grc' dir='ltr'><strong><em>ἐστι</em></strong></span> <span class='ocrx_word' id='word_1_118' title='bbox 1076 2100 1186 2193; x_wconf 80' lang='grc' dir='ltr'><strong><em>φωνήν</em></strong></span> <span class='ocrx_word' id='word_1_119' title='bbox 1196 2105 1232 2190; x_wconf 84' lang='grc' dir='ltr'><strong><em>ι).</em></strong></span> 
     </span>
     <span class='ocr_line' id='line_1_17' title="bbox 93 2201 1233 2296; baseline -0.001 -23"><span class='ocrx_word' id='word_1_120' title='bbox 93 2203 132 2274; x_wconf 86' lang='grc' dir='ltr'><strong><em>τὸ</em></strong></span> <span class='ocrx_word' id='word_1_121' title='bbox 164 2206 200 2273; x_wconf 80' lang='grc' dir='ltr'><strong><em>δὲ</em></strong></span> <span class='ocrx_word' id='word_1_122' title='bbox 234 2208 345 2274; x_wconf 87' lang='grc' dir='ltr'><strong><em>κοῖλον</em></strong></span> <span class='ocrx_word' id='word_1_123' title='bbox 376 2208 435 2273; x_wconf 81' lang='grc' dir='ltr'><strong><em>τοῦ</em></strong></span> <span class='ocrx_word' id='word_1_124' title='bbox 474 2201 574 2274; x_wconf 80' lang='grc' dir='ltr'><strong><em>ὠτίου</em></strong></span> <span class='ocrx_word' id='word_1_125' title='bbox 602 2206 751 2296; x_wconf 76' lang='grc' dir='ltr'><strong><em>κυψέλιγ</em></strong></span> <span class='ocrx_word' id='word_1_126' title='bbox 780 2204 921 2293; x_wconf 79' lang='grc' dir='ltr'><strong><em>λέγεται,</em></strong></span> <span class='ocrx_word' id='word_1_127' title='bbox 956 2202 1011 2273; x_wconf 82' lang='grc' dir='ltr'><strong><em>διὰ</em></strong></span> <span class='ocrx_word' id='word_1_128' title='bbox 1046 2201 1084 2274; x_wconf 86' lang='grc' dir='ltr'><strong><em>τὸ</em></strong></span> <span class='ocrx_word' id='word_1_129' title='bbox 1122 2208 1233 2274; x_wconf 85' lang='grc' dir='ltr'><strong><em>κοῖλον</em></strong></span> 
     </span>
     <span class='ocr_line' id='line_1_18' title="bbox 96 2303 1231 2398; baseline -0.001 -21"><span class='ocrx_word' id='word_1_130' title='bbox 96 2309 152 2377; x_wconf 84' lang='grc' dir='ltr'><strong><em>καὶ</em></strong></span> <span class='ocrx_word' id='word_1_131' title='bbox 182 2306 285 2398; x_wconf 77' lang='grc' dir='ltr'><strong><em>κυφὸν</em></strong></span> <span class='ocrx_word' id='word_1_132' title='bbox 315 2309 371 2376; x_wconf 83' lang='grc' dir='ltr'><strong><em>καὶ</em></strong></span> <span class='ocrx_word' id='word_1_133' title='bbox 400 2309 581 2397; x_wconf 83' lang='grc' dir='ltr'><strong><em>κογχοειδὲς</em></strong></span> <span class='ocrx_word' id='word_1_134' title='bbox 608 2309 664 2376; x_wconf 84' lang='grc' dir='ltr'><strong><em>καὶ</em></strong></span> <span class='ocrx_word' id='word_1_135' title='bbox 692 2314 763 2389; x_wconf 87' lang='grc' dir='ltr'><strong><em>τοῖς</em></strong></span> <span class='ocrx_word' id='word_1_136' title='bbox 789 2303 932 2396; x_wconf 77' lang='grc' dir='ltr'><strong><em>ἀγγείοις</em></strong></span> <span class='ocrx_word' id='word_1_137' title='bbox 954 2308 1145 2396; x_wconf 57' lang='grc' dir='ltr'><strong><em>εὀικὲναιλ),</em></strong></span> <span class='ocrx_word' id='word_1_138' title='bbox 1175 2309 1231 2376; x_wconf 86' lang='grc' dir='ltr'><strong><em>καὶ</em></strong></span> 
     </span>
     <span class='ocr_line' id='line_1_19' title="bbox 93 2407 1232 2502; baseline 0.001 -23"><span class='ocrx_word' id='word_1_139' title='bbox 93 2410 326 2502; x_wconf 76' lang='grc' dir='ltr'><strong><em>κοψελίτης,</em></strong></span> <span class='ocrx_word' id='word_1_140' title='bbox 359 2415 376 2480; x_wconf 83' lang='grc' dir='ltr'>ὁ</span> <span class='ocrx_word' id='word_1_141' title='bbox 406 2412 440 2480; x_wconf 80' lang='grc' dir='ltr'><strong><em>ἒν</em></strong></span> <span class='ocrx_word' id='word_1_142' title='bbox 469 2416 516 2502; x_wconf 74' lang='grc' dir='ltr'><strong><em>τῷ</em></strong></span> <span class='ocrx_word' id='word_1_143' title='bbox 547 2407 635 2501; x_wconf 84' lang='grc' dir='ltr'><strong><em>ὠτίφ</em></strong></span> <span class='ocrx_word' id='word_1_144' title='bbox 670 2409 833 2502; x_wconf 80' lang='grc' dir='ltr'><strong><em>φυόμενος</em></strong></span> <span class='ocrx_word' id='word_1_145' title='bbox 861 2408 975 2499; x_wconf 82' lang='grc' dir='ltr'><strong><em>ῥύπος.</em></strong></span> <span class='ocrx_word' id='word_1_146' title='bbox 1013 2408 1050 2478; x_wconf 85' lang='grc' dir='ltr'><strong><em>τὸ</em></strong></span> <span class='ocrx_word' id='word_1_147' title='bbox 1080 2410 1116 2479; x_wconf 80' lang='grc' dir='ltr'><strong><em>δὲ</em></strong></span> <span class='ocrx_word' id='word_1_148' title='bbox 1144 2408 1232 2480; x_wconf 85' lang='grc' dir='ltr'><strong><em>κάτω</em></strong></span> 
     </span>
     <span class='ocr_line' id='line_1_20' title="bbox 96 2512 1231 2606; baseline -0.001 -22"><span class='ocrx_word' id='word_1_149' title='bbox 96 2521 161 2584; x_wconf 82' lang='grc' dir='ltr'><strong><em>τῶν</em></strong></span> <span class='ocrx_word' id='word_1_150' title='bbox 183 2512 275 2584; x_wconf 73' lang='grc' dir='ltr'><strong><em>ὤτων</em></strong></span> <span class='ocrx_word' id='word_1_151' title='bbox 296 2514 412 2603; x_wconf 79' lang='grc' dir='ltr'><strong><em>λοβὸς</em></strong></span> <span class='ocrx_word' id='word_1_152' title='bbox 433 2518 574 2605; x_wconf 79' lang='grc' dir='ltr'><strong><em>λέγεται,</em></strong></span> <span class='ocrx_word' id='word_1_153' title='bbox 604 2513 720 2606; x_wconf 78' lang='grc' dir='ltr'><strong><em>ἐπειδὴ</em></strong></span> <span class='ocrx_word' id='word_1_154' title='bbox 747 2514 986 2605; x_wconf 72' lang='grc' dir='ltr'><strong><em>μαρτυρόμενοί</em></strong></span> <span class='ocrx_word' id='word_1_155' title='bbox 1012 2542 1076 2582; x_wconf 89' lang='grc' dir='ltr'><strong><em>τινι</em></strong></span> <span class='ocrx_word' id='word_1_156' title='bbox 1104 2517 1231 2603; x_wconf 72' lang='grc' dir='ltr'><strong><em>λαμβα-</em></strong></span> 
     </span>
     <span class='ocr_line' id='line_1_21' title="bbox 94 2614 1232 2708; baseline -0.001 -22"><span class='ocrx_word' id='word_1_157' title='bbox 94 2617 221 2706; x_wconf 85' lang='grc' dir='ltr'><strong><em>νόμεθα</em></strong></span> <span class='ocrx_word' id='word_1_158' title='bbox 257 2615 378 2688; x_wconf 76' lang='grc' dir='ltr'><strong><em>αἰτῶν·</em></strong></span> <span class='ocrx_word' id='word_1_159' title='bbox 424 2620 456 2689; x_wconf 73' lang='grc' dir='ltr'><strong><em>οἳ</em></strong></span> <span class='ocrx_word' id='word_1_160' title='bbox 490 2621 538 2704; x_wconf 81' lang='grc' dir='ltr'><strong><em>δι’,</em></strong></span> <span class='ocrx_word' id='word_1_161' title='bbox 577 2618 627 2689; x_wconf 78' lang='grc' dir='ltr'><strong><em>ὅτι</em></strong></span> <span class='ocrx_word' id='word_1_162' title='bbox 663 2618 852 2708; x_wconf 80' lang='grc' dir='ltr'><strong><em>λιοβώμενοί</em></strong></span> <span class='ocrx_word' id='word_1_163' title='bbox 885 2647 976 2701; x_wconf 89' lang='grc' dir='ltr'><strong><em>τινας</em></strong></span> <span class='ocrx_word' id='word_1_164' title='bbox 1009 2614 1232 2705; x_wconf 76' lang='grc' dir='ltr'><strong><em>ἀποτέμνουσι</em></strong></span> 
     </span>
     <span class='ocr_line' id='line_1_22' title="bbox 93 2716 1232 2815; baseline -0.001 -24"><span class='ocrx_word' id='word_1_165' title='bbox 93 2728 197 2791; x_wconf 80' lang='grc' dir='ltr'><strong><em>ταῐπα</em></strong></span> <span class='ocrx_word' id='word_1_166' title='bbox 224 2721 266 2790; x_wconf 86' lang='grc' dir='ltr'><strong><em>τά</em></strong></span> <span class='ocrx_word' id='word_1_167' title='bbox 295 2724 390 2813; x_wconf 78' lang='grc' dir='ltr'><strong><em>μέρη,</em></strong></span> <span class='ocrx_word' id='word_1_168' title='bbox 419 2721 512 2811; x_wconf 83' lang='grc' dir='ltr'><strong><em>παρὰ</em></strong></span> <span class='ocrx_word' id='word_1_169' title='bbox 538 2725 598 2810; x_wconf 82' lang='grc' dir='ltr'><strong><em>μὲν</em></strong></span> <span class='ocrx_word' id='word_1_170' title='bbox 627 2721 686 2815; x_wconf 81' lang='grc' dir='ltr'><strong><em>τὴν</em></strong></span> <span class='ocrx_word' id='word_1_171' title='bbox 712 2721 818 2813; x_wconf 74' lang='grc' dir='ltr'><strong><em>λώβην</em></strong></span> <span class='ocrx_word' id='word_1_172' title='bbox 847 2716 901 2791; x_wconf 75' lang='grc' dir='ltr'><strong><em>οὖν</em></strong></span> <span class='ocrx_word' id='word_1_173' title='bbox 926 2720 1098 2813; x_wconf 56' lang='grc' dir='ltr'><strong><em>εἷ’(νῃταιθ).</em></strong></span> <span class='ocrx_word' id='word_1_174' title='bbox 1131 2720 1232 2790; x_wconf 77' lang='grc' dir='ltr'><strong><em>τὰδὲ</em></strong></span> 
     </span>
     <span class='ocr_line' id='line_1_23' title="bbox 93 2822 1231 2915; baseline -0.001 -22"><span class='ocrx_word' id='word_1_175' title='bbox 93 2822 251 2894; x_wconf 70' lang='grc' dir='ltr'><strong><em>ὑποκάτω</em></strong></span> <span class='ocrx_word' id='word_1_176' title='bbox 281 2831 341 2895; x_wconf 78' lang='grc' dir='ltr'><strong><em>τοῦ</em></strong></span> <span class='ocrx_word' id='word_1_177' title='bbox 370 2823 454 2909; x_wconf 79' lang='grc' dir='ltr'><strong><em>ὠτὸς</em></strong></span> <span class='ocrx_word' id='word_1_178' title='bbox 475 2825 622 2915; x_wconf 78' lang='grc' dir='ltr'><strong><em>γνάθοι</em></strong></span> <span class='ocrx_word' id='word_1_179' title='bbox 650 2828 797 2915; x_wconf 81' lang='grc' dir='ltr'><strong><em>λέγονται</em></strong></span> <span class='ocrx_word' id='word_1_180' title='bbox 824 2829 880 2895; x_wconf 86' lang='grc' dir='ltr'><strong><em>καὶ</em></strong></span> <span class='ocrx_word' id='word_1_181' title='bbox 909 2825 1074 2910; x_wconf 85' lang='grc' dir='ltr'><strong><em>χαλινοί.</em></strong></span> <span class='ocrx_word' id='word_1_182' title='bbox 1112 2823 1231 2914; x_wconf 87' lang='grc' dir='ltr'><strong><em>γνάθοι</em></strong></span> 
     </span>
     <span class='ocr_line' id='line_1_24' title="bbox 93 2927 1230 3022; baseline 0.001 -25"><span class='ocrx_word' id='word_1_183' title='bbox 93 2931 152 3017; x_wconf 81' lang='grc' dir='ltr'><strong><em>μὲν</em></strong></span> <span class='ocrx_word' id='word_1_184' title='bbox 179 2928 271 3019; x_wconf 82' lang='grc' dir='ltr'><strong><em>παρὰ</em></strong></span> <span class='ocrx_word' id='word_1_185' title='bbox 299 2928 358 3020; x_wconf 80' lang='grc' dir='ltr'><strong><em>τὴν</em></strong></span> <span class='ocrx_word' id='word_1_186' title='bbox 386 2929 534 3019; x_wconf 75' lang='grc' dir='ltr'><strong><em>γνάμψιν</em></strong></span> <span class='ocrx_word' id='word_1_187' title='bbox 560 2931 616 2998; x_wconf 81' lang='grc' dir='ltr'><strong><em>καὶ</em></strong></span> <span class='ocrx_word' id='word_1_188' title='bbox 647 2928 777 3019; x_wconf 82' lang='grc' dir='ltr'><strong><em>κάμψιν</em></strong></span> <span class='ocrx_word' id='word_1_189' title='bbox 804 2927 826 3022; x_wconf 74' lang='grc' dir='ltr'>ἢ</span> <span class='ocrx_word' id='word_1_190' title='bbox 849 2929 963 3000; x_wconf 82' lang='grc' dir='ltr'><strong><em>κλάσιν</em></strong></span> <span class='ocrx_word' id='word_1_191' title='bbox 988 2936 1052 2999; x_wconf 80' lang='grc' dir='ltr'><strong><em>τῶν</em></strong></span> <span class='ocrx_word' id='word_1_192' title='bbox 1075 2928 1230 3019; x_wconf 58' lang='grc' dir='ltr'><strong><em>ὀστῶνῆ·</em></strong></span> 
     </span>
     <span class='ocr_line' id='line_1_25' title="bbox 94 3032 314 3125; baseline -0.023 -4"><span class='ocrx_word' id='word_1_193' title='bbox 94 3035 151 3102; x_wconf 69' lang='grc' dir='ltr'><strong><em>καὶ</em></strong></span> <span class='ocrx_word' id='word_1_194' title='bbox 168 3032 314 3125; x_wconf 70' lang='grc' dir='ltr'><strong><em>Ὅμηρος</em></strong></span> 
     </span>
    </p>

    <p class='ocr_par' dir='ltr' id='par_1_9' title="bbox 248 3135 1031 3360">
     <span class='ocr_line' id='line_1_26' title="bbox 512 3135 999 3226; baseline 0 -20"><span class='ocrx_word' id='word_1_195' title='bbox 512 3137 742 3226; x_wconf 75' lang='grc' dir='ltr'><strong><em>,,ε’πὲγναμψεν</em></strong></span> <span class='ocrx_word' id='word_1_196' title='bbox 763 3135 824 3226; x_wconf 82' lang='grc' dir='ltr'><strong><em>γάρ</em></strong></span> <span class='ocrx_word' id='word_1_197' title='bbox 847 3136 999 3221; x_wconf 75' lang='grc' dir='ltr'><strong><em>ἅπαντας</em></strong></span> 
     </span>
     <span class='ocr_line' id='line_1_27' title="bbox 248 3239 1031 3331; baseline 0.004 -23"><span class='ocrx_word' id='word_1_198' title='bbox 248 3239 333 3331; x_wconf 80' lang='grc' dir='ltr'><strong><em>Ἥρη</em></strong></span> <span class='ocrx_word' id='word_1_199' title='bbox 355 3241 550 3330; x_wconf 78' lang='grc' dir='ltr'><strong><em>λισσομένη“</em></strong></span> <span class='ocrx_word' id='word_1_200' title='bbox 574 3245 627 3330; x_wconf 85' lang='grc' dir='ltr'>(ΙΙ.</span> <span class='ocrx_word' id='word_1_201' title='bbox 651 3249 682 3309; x_wconf 89' lang='grc' dir='ltr'><strong><em>Β</em></strong></span> <span class='ocrx_word' id='word_1_202' title='bbox 709 3247 747 3309; x_wconf 82' lang='grc'><strong><em>14</em></strong></span> <span class='ocrx_word' id='word_1_203' title='bbox 771 3277 810 3299; x_wconf 88' lang='grc'><strong><em>--</em></strong></span> <span class='ocrx_word' id='word_1_204' title='bbox 835 3247 872 3309; x_wconf 83' lang='grc'><strong><em>31</em></strong></span> <span class='ocrx_word' id='word_1_205' title='bbox 900 3277 940 3299; x_wconf 90' lang='lat'>=</span> <span class='ocrx_word' id='word_1_206' title='bbox 965 3246 1031 3330; x_wconf 82' lang='lat'><strong>68).</strong></span> 
     </span>
     <span class='ocr_line' id='line_1_28' title="bbox 261 3336 266 3360; baseline 0 0"><span class='ocrx_word' id='word_1_207' title='bbox 261 3336 266 3360; x_wconf 67' lang='grc' dir='ltr'><strong><em>ι</em></strong></span> 
     </span>
    </p>
   </div>
   <div class='ocr_carea' id='block_1_5' title="bbox 93 3375 1232 3883">
    <p class='ocr_par' dir='ltr' id='par_1_10' title="bbox 93 3375 1232 3883">
     <span class='ocr_line' id='line_1_29' title="bbox 93 3375 1232 3471; baseline 0.003 -24"><span class='ocrx_word' id='word_1_208' title='bbox 93 3380 249 3463; x_wconf 84' lang='grc' dir='ltr'><strong><em>χαλινοὶ</em></strong></span> <span class='ocrx_word' id='word_1_209' title='bbox 269 3380 314 3463; x_wconf 79' lang='grc' dir='ltr'><strong><em>δέ,</em></strong></span> <span class='ocrx_word' id='word_1_210' title='bbox 340 3378 390 3449; x_wconf 81' lang='grc' dir='ltr'><strong><em>ὅτι</em></strong></span> <span class='ocrx_word' id='word_1_211' title='bbox 413 3376 459 3448; x_wconf 73' lang='grc' dir='ltr'><strong><em>δι&gt;</em></strong></span> <span class='ocrx_word' id='word_1_212' title='bbox 478 3375 585 3448; x_wconf 80' lang='grc' dir='ltr'><strong><em>αὐτῶν</em></strong></span> <span class='ocrx_word' id='word_1_213' title='bbox 605 3378 728 3464; x_wconf 76' lang='grc' dir='ltr'><strong><em>χαίνειν</em></strong></span> <span class='ocrx_word' id='word_1_214' title='bbox 750 3378 890 3467; x_wconf 81' lang='grc' dir='ltr'><strong><em>γίνεται’</em></strong></span> <span class='ocrx_word' id='word_1_215' title='bbox 914 3378 945 3448; x_wconf 76' lang='grc' dir='ltr'><strong><em>οἱ</em></strong></span> <span class='ocrx_word' id='word_1_216' title='bbox 969 3380 1006 3448; x_wconf 82' lang='grc' dir='ltr'><strong><em>δέ</em></strong></span> <span class='ocrx_word' id='word_1_217' title='bbox 1029 3405 1113 3471; x_wconf 88' lang='grc' dir='ltr'><strong><em>φασι</em></strong></span> <span class='ocrx_word' id='word_1_218' title='bbox 1140 3410 1232 3465; x_wconf 91' lang='grc' dir='ltr'><strong><em>χανι-</em></strong></span> 
     </span>
     <span class='ocr_line' id='line_1_30' title="bbox 96 3478 1232 3574; baseline 0.004 -25"><span class='ocrx_word' id='word_1_219' title='bbox 96 3481 171 3564; x_wconf 85' lang='grc' dir='ltr'><strong><em>νοάς</em></strong></span> <span class='ocrx_word' id='word_1_220' title='bbox 193 3510 284 3564; x_wconf 89' lang='grc' dir='ltr'><strong><em>τινας</em></strong></span> <span class='ocrx_word' id='word_1_221' title='bbox 306 3478 404 3551; x_wconf 81' lang='grc' dir='ltr'><strong><em>εἶναι·</em></strong></span> <span class='ocrx_word' id='word_1_222' title='bbox 436 3482 600 3567; x_wconf 86' lang='grc' dir='ltr'><strong><em>χαίνοντες</em></strong></span> <span class='ocrx_word' id='word_1_223' title='bbox 628 3480 689 3572; x_wconf 84' lang='grc' dir='ltr'><strong><em>γὰρ</em></strong></span> <span class='ocrx_word' id='word_1_224' title='bbox 712 3478 830 3564; x_wconf 69' lang='grc' dir='ltr'><strong><em>αὐτοὺς</em></strong></span> <span class='ocrx_word' id='word_1_225' title='bbox 852 3481 911 3574; x_wconf 80' lang='grc' dir='ltr'><strong><em>τὴν</em></strong></span> <span class='ocrx_word' id='word_1_226' title='bbox 933 3481 1092 3572; x_wconf 66' lang='grc' dir='ltr'><strong><em>αἴσθησιν</em></strong></span> <span class='ocrx_word' id='word_1_227' title='bbox 1113 3483 1232 3553; x_wconf 78' lang='grc' dir='ltr'><strong><em>ποιού-</em></strong></span> 
     </span>
     <span class='ocr_line' id='line_1_31' title="bbox 94 3585 1230 3677; baseline 0.002 -23"><span class='ocrx_word' id='word_1_228' title='bbox 94 3594 185 3671; x_wconf 87' lang='grc' dir='ltr'><strong><em>μεθα</em></strong></span> <span class='ocrx_word' id='word_1_229' title='bbox 219 3590 283 3654; x_wconf 79' lang='grc' dir='ltr'><strong><em>τῶν</em></strong></span> <span class='ocrx_word' id='word_1_230' title='bbox 321 3585 603 3677; x_wconf 55' lang='grc' dir='ltr'><strong><em>εἷσφερομένιονὸ).</em></strong></span> <span class='ocrx_word' id='word_1_231' title='bbox 661 3588 739 3655; x_wconf 82' lang='lat' dir='ltr'><strong>Mel.</strong></span> <span class='ocrx_word' id='word_1_232' title='bbox 765 3592 815 3671; x_wconf 79' lang='lat'><strong><em>74,</em></strong></span> <span class='ocrx_word' id='word_1_233' title='bbox 837 3592 877 3654; x_wconf 86' lang='grc'><strong>28</strong></span> <span class='ocrx_word' id='word_1_234' title='bbox 891 3593 984 3670; x_wconf 78' lang='grc'><strong>-76,</strong></span> <span class='ocrx_word' id='word_1_235' title='bbox 1010 3594 1054 3654; x_wconf 88' lang='grc'><strong><em>12,</em></strong></span> <span class='ocrx_word' id='word_1_236' title='bbox 1116 3597 1146 3675; x_wconf 80' lang='lat' dir='ltr'><strong><em>i)</em></strong></span> <span class='ocrx_word' id='word_1_237' title='bbox 1176 3592 1230 3657; x_wconf 98' lang='lat' dir='ltr'><strong>Or.</strong></span> 
     </span>
     <span class='ocr_line' id='line_1_32' title="bbox 101 3691 1230 3780; baseline 0.004 -25"><span class='ocrx_word' id='word_1_238' title='bbox 101 3696 171 3774; x_wconf 83' lang='lat'>170,</span> <span class='ocrx_word' id='word_1_239' title='bbox 186 3696 215 3758; x_wconf 90' lang='lat'><strong><em>3.</em></strong></span> <span class='ocrx_word' id='word_1_240' title='bbox 244 3693 277 3776; x_wconf 89' lang='grc'><strong>2)</strong></span> <span class='ocrx_word' id='word_1_241' title='bbox 302 3693 357 3759; x_wconf 88' lang='lat' dir='ltr'><strong><em>Or.</em></strong></span> <span class='ocrx_word' id='word_1_242' title='bbox 381 3695 485 3772; x_wconf 81' lang='lat'>81‚6;</span> <span class='ocrx_word' id='word_1_243' title='bbox 509 3691 562 3756; x_wconf 78' lang='lat' dir='ltr'><strong>Et.</strong></span> <span class='ocrx_word' id='word_1_244' title='bbox 586 3692 629 3758; x_wconf 88' lang='lat' dir='ltr'><strong><em>M.</em></strong></span> <span class='ocrx_word' id='word_1_245' title='bbox 653 3695 727 3774; x_wconf 79' lang='lat'><strong><em>549,</em></strong></span> <span class='ocrx_word' id='word_1_246' title='bbox 745 3696 796 3759; x_wconf 87' lang='grc'><strong>22.</strong></span> <span class='ocrx_word' id='word_1_247' title='bbox 826 3693 859 3777; x_wconf 84' lang='grc'><strong><em>3)</em></strong></span> <span class='ocrx_word' id='word_1_248' title='bbox 883 3694 938 3759; x_wconf 93' lang='lat' dir='ltr'><strong>Or.</strong></span> <span class='ocrx_word' id='word_1_249' title='bbox 963 3696 1083 3770; x_wconf 58' lang='grc'><strong>9215.</strong></span> <span class='ocrx_word' id='word_1_250' title='bbox 1117 3694 1150 3780; x_wconf 85' lang='grc'><strong><em>4)</em></strong></span> <span class='ocrx_word' id='word_1_251' title='bbox 1175 3695 1230 3760; x_wconf 93' lang='lat' dir='ltr'><strong>Or.</strong></span> 
     </span>
     <span class='ocr_line' id='line_1_33' title="bbox 96 3795 945 3883; baseline 0.002 -23"><span class='ocrx_word' id='word_1_252' title='bbox 96 3800 148 3878; x_wconf 78' lang='lat'><strong><em>40,</em></strong></span> <span class='ocrx_word' id='word_1_253' title='bbox 166 3802 195 3862; x_wconf 87' lang='grc'><strong><em>4.</em></strong></span> <span class='ocrx_word' id='word_1_254' title='bbox 239 3797 274 3881; x_wconf 86' lang='grc'><strong><em>5)</em></strong></span> <span class='ocrx_word' id='word_1_255' title='bbox 298 3796 444 3875; x_wconf 84' lang='lat' dir='ltr'><strong>Or.163‚</strong></span> <span class='ocrx_word' id='word_1_256' title='bbox 465 3802 512 3862; x_wconf 87' lang='lat'><strong><em>15.</em></strong></span> <span class='ocrx_word' id='word_1_257' title='bbox 558 3795 624 3860; x_wconf 82' lang='lat' dir='ltr'><strong>cfr.</strong></span> <span class='ocrx_word' id='word_1_258' title='bbox 649 3818 748 3883; x_wconf 78' lang='lat' dir='ltr'><strong>supra</strong></span> <span class='ocrx_word' id='word_1_259' title='bbox 772 3818 803 3883; x_wconf 89' lang='lat' dir='ltr'><strong><em>p.</em></strong></span> <span class='ocrx_word' id='word_1_260' title='bbox 821 3799 861 3861; x_wconf 82' lang='lat'><strong><em>29</em></strong></span> <span class='ocrx_word' id='word_1_261' title='bbox 877 3819 945 3883; x_wconf 79' lang='lat' dir='ltr'><strong>sqq.</strong></span> 
     </span>
    </p>
   </div>
   <div class='ocr_carea' id='block_1_6' title="bbox 94 4003 1232 4300">
    <p class='ocr_par' dir='ltr' id='par_1_11' title="bbox 94 4003 1232 4300">
     <span class='ocr_line' id='line_1_34' title="bbox 181 4003 1232 4090; baseline 0.003 -23"><span class='ocrx_word' id='word_1_262' title='bbox 181 4003 341 4077; x_wconf 81' lang='lat' dir='ltr'><strong>Quoniam</strong></span> <span class='ocrx_word' id='word_1_263' title='bbox 364 4004 490 4068; x_wconf 75' lang='lat' dir='ltr'><strong>Meretri</strong></span> <span class='ocrx_word' id='word_1_264' title='bbox 519 4004 619 4068; x_wconf 82' lang='lat' dir='ltr'><strong>verba</strong></span> <span class='ocrx_word' id='word_1_265' title='bbox 649 4005 682 4068; x_wconf 90' lang='lat' dir='ltr'><strong><em>in</em></strong></span> <span class='ocrx_word' id='word_1_266' title='bbox 710 4005 774 4086; x_wconf 83' lang='lat' dir='ltr'><strong>cis,</strong></span> <span class='ocrx_word' id='word_1_267' title='bbox 805 4005 920 4090; x_wconf 82' lang='lat' dir='ltr'><strong>quibus</strong></span> <span class='ocrx_word' id='word_1_268' title='bbox 949 4003 1125 4069; x_wconf 82' lang='lat' dir='ltr'><strong><em>Orcmcrus</em></strong></span> <span class='ocrx_word' id='word_1_269' title='bbox 1155 4027 1232 4070; x_wconf 84' lang='lat' dir='ltr'>usus</span> 
     </span>
     <span class='ocr_line' id='line_1_35' title="bbox 95 4107 1232 4195; baseline 0.002 -24"><span class='ocrx_word' id='word_1_270' title='bbox 95 4114 160 4188; x_wconf 78' lang='lat' dir='ltr'><strong><em>est,</em></strong></span> <span class='ocrx_word' id='word_1_271' title='bbox 185 4107 352 4172; x_wconf 84' lang='lat' dir='ltr'><strong>codicibus</strong></span> <span class='ocrx_word' id='word_1_272' title='bbox 379 4107 590 4172; x_wconf 82' lang='lat' dir='ltr'><strong>multifariam</strong></span> <span class='ocrx_word' id='word_1_273' title='bbox 616 4115 881 4195; x_wconf 69' lang='lat' dir='ltr'><strong>corruptarum,</strong></span> <span class='ocrx_word' id='word_1_274' title='bbox 905 4128 992 4172; x_wconf 78' lang='lat' dir='ltr'><strong>nova</strong></span> <span class='ocrx_word' id='word_1_275' title='bbox 1016 4108 1164 4173; x_wconf 84' lang='lat' dir='ltr'><strong>subsidia</strong></span> <span class='ocrx_word' id='word_1_276' title='bbox 1189 4131 1232 4174; x_wconf 82' lang='lat' dir='ltr'><strong><em>ex</em></strong></span> 
     </span>
     <span class='ocr_line' id='line_1_36' title="bbox 94 4210 1232 4300; baseline 0.004 -25"><span class='ocrx_word' id='word_1_277' title='bbox 94 4210 302 4276; x_wconf 80' lang='lat' dir='ltr'><strong>bibliothecis</strong></span> <span class='ocrx_word' id='word_1_278' title='bbox 333 4217 367 4277; x_wconf 84' lang='lat' dir='ltr'><strong><em>ct</em></strong></span> <span class='ocrx_word' id='word_1_279' title='bbox 389 4210 533 4276; x_wconf 80' lang='lat' dir='ltr'><strong>eruenda</strong></span> <span class='ocrx_word' id='word_1_280' title='bbox 562 4232 635 4277; x_wconf 78' lang='lat' dir='ltr'><strong>esec</strong></span> <span class='ocrx_word' id='word_1_281' title='bbox 660 4218 693 4277; x_wconf 83' lang='lat' dir='ltr'><strong><em>et</em></strong></span> <span class='ocrx_word' id='word_1_282' title='bbox 722 4214 791 4277; x_wconf 90' lang='lat' dir='ltr'><strong><em>erui</em></strong></span> <span class='ocrx_word' id='word_1_283' title='bbox 813 4234 911 4298; x_wconf 78' lang='lat' dir='ltr'>posse</span> <span class='ocrx_word' id='word_1_284' title='bbox 935 4213 1014 4276; x_wconf 90' lang='lat' dir='ltr'><strong>mihi</strong></span> <span class='ocrx_word' id='word_1_285' title='bbox 1037 4235 1232 4300; x_wconf 81' lang='lat' dir='ltr'><strong>persuasum</strong></span> 
     </span>
    </p>
   </div>
   <div class='ocr_carea' id='block_1_7' title="bbox 0 0 1490 4814">
    <p class='ocr_par' dir='ltr' id='par_1_12' title="bbox 0 0 1490 4814">
     <span class='ocr_line' id='line_1_37' title="bbox 0 0 1490 4814; baseline 0 0"><span class='ocrx_word' id='word_1_286' title='bbox 0 0 1490 4814; x_wconf 95' lang='lat' dir='ltr'><strong><em> </em></strong></span> 
     </span>
    </p>
   </div>
  </div>
 </body>
</html>
