2970 4814
529 353 569 362 -
616 314 704 403 [roa]
751 355 791 365 -
1186 317 1227 383 ιι

91 504 144 578 36,
164 499 215 585 15)
243 491 328 585 αἷμα
352 501 442 585 (Mel.
460 506 511 582 37,
532 501 567 590 5)
590 500 761 590 σκύβαλον,
786 499 890 594 οὖρον,
921 505 1113 594 περίττωμα
1136 509 1227 594 (Mel.

91 608 144 686 38,
164 605 215 691 10)
239 600 343 685 1ἱνίινος
375 606 466 691 (Mel.
490 613 542 688 41,
564 607 620 691 25)
650 604 738 698 λύπη
767 610 1007 699 (Mel.‹13‚12)
1041 613 1112 697 (cfr.
1143 608 1228 698 χαρά

92 709 171 774 Mel.
195 714 249 791 44,
270 709 323 795 15)
345 705 485 796 δολιρυον
508 711 599 796 (Mel.
624 715 747 800 43,15)
770 713 870 801 γέλως
893 716 981 801 (Mel.
1005 722 1057 796 44,
1074 717 1141 802 27).

179 813 273 888 Quae
308 835 381 879 cum
419 816 464 880 ita
498 817 579 897 sint,
614 818 744 883 titulum
778 817 856 904 περὶ
888 816 1017 906 φύσεως
1044 813 1227 907 ἀνθρώπου

91 919 200 1004 aptius
230 938 304 982 cum
333 918 443 984 indole
478 927 511 985 et
540 927 656 985 natura
683 921 757 987 libri
796 922 933 989 Sorauei
963 945 1144 1010 congruere
1175 945 1227 989 ar·

91 1023 201 1088 bitror·
216 1040 315 1108 quam
336 1023 467 1087 titulum
483 1021 691 1110 ἐτυμολογίαι
706 1008 769 1092 'aori
780 1021 934 1110 σώματος
955 1029 1014 1094 τοῦ
1036 1020 1226 1115 ἀνθρώπου.

180 1125 334 1191 Ceterum
371 1126 436 1191 iem
473 1125 694 1192 Ermerinsius
728 1128 859 1214 (Sorani
891 1131 1028 1218 Ephesii
1069 1132 1153 1198 liber
1186 1131 1228 1197 de

91 1230 306 1296 muliebribus
334 1230 578 1313 affectionibus,
609 1253 683 1319 pag.
707 1234 740 1299 X
757 1236 818 1321 sq.)
847 1237 1031 1323 suspicatus
1066 1243 1116 1302 est
1143 1236 1228 1301 hane

92 1335 337 1421 inscriptionem
361 1332 570 1421 ἒτυμολυγίαι
590 1336 650 1402 τοῦ
669 1331 822 1421 σώματος
841 1339 901 1404 τοῦ
918 1331 1101 1425 ἀνθρώπου
1123 1359 1227 1426 aeque

92 1444 192 1524 etque
232 1439 321 1503 illam
358 1459 442 1525 quae
480 1440 647 1505 invenitur
684 1442 717 1505 in
752 1442 885 1507 scholiis
921 1443 961 1507 ed
999 1442 1074 1508 Rufi
1110 1443 1229 1508 librum

92 1534 273 1625 ὀνομασίαι
296 1544 361 1608 τῶν
382 1539 507 1628 μορίων
524 1544 585 1610 τοῦ
599 1539 753 1629 σώματος
768 1547 826 1611 τοῦ
842 1539 1024 1632 ἀνθρώπου
1039 1567 1105 1610 non
1120 1545 1227 1632 ipsum

92 1666 168 1711 esse
190 1647 337 1728 titulum,
371 1668 484 1712 rerum
508 1669 549 1713 ea
571 1649 783 1735 inscriptione
807 1650 910 1714 solsm
933 1651 1103 1716 materiam
1127 1650 1228 1736 signi*-

92 1749 193 1815 ficari.
238 1750 352 1817 Verba
367 1750 558 1817 Ermerinsii
582 1752 664 1818 haec
688 1759 781 1817 sunt:
801 1745 973 1818 ‘Eiusdem
999 1752 1082 1841 [scil.
1100 1753 1228 1842 Sorani]

92 1862 202 1920 autern
228 1875 310 1940 opus
332 1856 409 1920 olim
433 1856 738 1939 circumferebatur,
761 1857 863 1932 euius
876 1858 1034 1945 reliquiae
1057 1864 1230 1924 occurmnt

92 1961 125 2023 in
147 1980 208 2024 ms.
231 1958 393 2024 Vaticano
423 1967 458 2025 et
479 1961 512 2024 in
535 1960 782 2047 Etymologicis
806 1968 884 2028 cett.
908 1948 949 2009 ὲ
972 1961 1229 2048 Darembergius

91 2059 198 2150 'nuper
219 2064 309 2128 locos
333 2084 373 2130 eo
398 2070 587 2151 spectantes
610 2066 758 2152 collegit,
787 2066 874 2130 unda
896 2071 964 2132 tres
988 2066 1169 2149 decumam,
1192 2075 1229 2132 ut

92 2168 134 2234 de
165 2169 260 2232 titulo
286 2170 337 2233 vel
364 2169 481 2234 saltem
512 2156 553 2235 de
582 2172 718 2236 materie
741 2171 816 2235 libri
838 2176 976 2238 constet.
1021 2170 1145 2237 Ecod.
1169 2192 1228 2237 suo

91 2271 167 2335 Vat.
184 2267 442 2358 Darembergius
464 2272 556 2339 dedit
578 2274 674 2340 haec:
706 2273 748 2339 od
766 2295 880 2343 vocem
902 2268 1009 2341 ἴουλοι
1032 2275 1229 2362 adscriptum

94 2367 292 2442 vidiu‘Ods*
308 2371 493 2461 Σωρανός
514 2375 552 2471 ε’,ν
573 2378 626 2466 τῷ
648 2375 739 2463 περὶ
755 2370 983 2463 ὀνομασιῶν
1003 2374 1231 2466 μονοβίβλῳ

94 2471 165 2545 ἀπὸ
199 2470 311 2545 ἶούλου
344 2480 404 2546 τοῦ
439 2474 548 2546 πολλὰ
582 2478 639 2547 καὶ
672 2476 781 2547 πυκνὰ
814 2476 973 2566 (πολλοὺς
1004 2479 1061 2547 καὶ
1091 2477 1233 2562 mavei-9

92 2576 184 2668 lege)
216 2577 345 2664 ἔχοντος
377 2578 486 2664 πόδας
519 2579 604 2672 ζῴου
637 2577 861 2670 ὀνομάζεσθαι
896 2578 1015 2664 αὐτούς
1046 2607 1154 2674 φησιν.
1190 2624 1229 2634 -

94 2686 187 2752 Idem
215 2709 258 2753 ex
286 2686 395 2774 Etym.
419 2688 549 2754 Orionis
572 2690 751 2775 excerpsit:
784 2687 918 2775 Βρέγμα
946 2686 1064 2774 κυρίως
1086 2686 1145 2754 rat
1167 2691 1232 2754 τῶν

94 2787 220 2878 νηπίων
251 2787 345 2877 παρὰ
372 2786 411 2859 τὸ
441 2785 538 2880 ’ὑγρὸν
563 2785 647 2859 εἶναι
678 2790 735 2858 καὶ
761 2785 894 2859 ἁπαλὸν
919 2787 958 2859 τὸ
980 2790 1087 2878 μέρος.
1136 2787 1230 2858 Οὕτω

95 2890 289 2980 Σωρανὸς
319 2893 358 2962 ἐν
390 2899 486 2976 ταῖς
518 2891 812 2982 ἕτυμολογίαις
843 2897 914 2961 τοῦ
946 2891 1134 2980 σώματος
1161 2889 1232 2961 τοῦ

24 3084 26 3089 y
94 2991 322 3084 ἀνθρώπου.
366 2999 494 3065 Ibidem
517 3007 627 3065 autem
651 3000 683 3064 in
707 3021 786 3065 voce
810 2994 981 3087 ααλαισιή
1004 3000 1088 3084 legis
1111 2999 1143 3063 in
1167 2999 1230 3064 fine

95 3102 172 3167 loci:
197 3097 282 3169 οὕτω
306 3099 492 3190 Σωρανὸς
513 3101 553 3170 ἐν
574 3104 629 3192 τῷ
651 3100 740 3190 περὶ
764 3101 1031 3188 ἐτυμολογιῶν
1060 3103 1134 3169 τοῦ
1161 3094 1231 3167 ἆν-

93 3201 281 3293 θρώνιου.
325 3207 370 3272 Et
391 3209 424 3272 in
448 3230 527 3273 voce
550 3207 695 3295 φλέγμα·
723 3203 808 3274 οὕτω
831 3204 915 3292 λέγει
939 3201 1121 3293 Σιυρανός
1143 3204 1231 3273 ἐτυ-
1282 3267 1284 3273 ,

93 3311 283 3396 μολογῶν
313 3306 383 3378 τὸν
416 3304 639 3396 ἄνθρωπον
673 3305 775 3377 ὅλον.
842 3309 981 3375 Constat
1015 3311 1114 3396 igitur
1148 3332 1229 3397 opus

95 3413 213 3479 Sorani
238 3416 424 3496 exstitisse,
458 3437 520 3501 quo
549 3417 715 3480 nominum
744 3415 886 3501 partium
920 3416 1065 3501 corporis
1097 3414 1230 3479 humaui

96 3519 327 3604 etymologiam
350 3520 573 3584 illustraverit.
623 3518 710 3583 Num
740 3519 822 3583 locis
845 3517 962 3583 adlatis
985 3517 1229 3604 inscriptionem

95 3622 136 3686 ab
169 3622 238 3709 ipso
271 3622 403 3688 auctore
432 3622 515 3688 libro
545 3621 679 3687 inditam
709 3622 907 3702 habeamus,
937 3644 1001 3687 non
1030 3629 1118 3688 certe
1146 3621 1230 3688 scire

95 3746 153 3790 nos
184 3726 313 3812 opinor;
344 3726 403 3792 sed
430 3748 544 3814 parum
572 3733 682 3792 tamen
710 3726 788 3791 mihi
811 3725 941 3792 videtur
966 3725 1147 3814 probabile.
1192 3727 1231 3791 In

95 3829 201 3895 indice
217 3831 249 3894 iu
266 3830 387 3895 Dietzii
404 3831 545 3896 editione
562 3831 765 3917 deperditum
783 3837 881 3918 eaput
901 3834 970 3896 167.
998 3832 1063 3896 fert
1086 3831 1229 3896 titulum:

96 3931 171 4020 περὶ
195 3936 398 4024 κατασκευῆς
418 3936 479 4001 τοῦ
504 3928 687 4021 ἀνθρώπου
717 3932 774 4000 καὶ
805 3927 986 4018 ὀνομασίας
1008 3930 1141 4000 πάντων
1167 3936 1231 4001 τῶν

99 4038 205 4121 μελῶν
226 4036 283 4104 καὶ
305 4041 370 4104 τῶν
392 4035 571 4121 στοιχείων.
616 4038 689 4104 Non
712 4038 825 4103 dubito
853 4041 930 4123 quin
953 4040 985 4103 in
1009 4039 1059 4103 his
1083 4060 1149 4103 uon
1171 4039 1230 4104 ha-

98 4143 232 4208 beamus
255 4143 499 4229 inscriptionem
522 4143 655 4229 capitis,
682 4141 741 4207 sed
764 4143 894 4206 titulum
919 4144 1028 4228 operis
1051 4142 1165 4228 ipsius,
1189 4143 1229 4209 de

97 4268 160 4334 quo
185 4247 324 4333 agimus.
368 4246 465 4310 Hunc
494 4253 602 4310 autem
632 4268 706 4312 esse
730 4246 882 4327 titulum,
913 4267 1008 4332 quem
1038 4246 1108 4331 ipse
1138 4247 1231 4332 operi
