3030 4816
694 303 786 393 [31η
1266 312 1307 380 25

172 506 279 582 Quid?
323 503 438 569 Naevii
461 510 493 569 et
515 503 623 567 Plauti
654 503 933 568 celeberrimorum
964 505 1153 569 comicorum
1183 505 1308 570 tabulas

171 613 241 676 illas
265 612 411 694 ignorare
437 610 567 693 impune
595 614 664 671 erat
687 606 836 672 Terentio
869 609 986 672 comico
1018 616 1141 692 poetae,
1173 630 1306 693 eamque

171 715 402 800 spectatoribus
426 714 661 777 excusationem
684 713 819 797 probare
842 715 992 797 poterat?
1037 713 1102 778 Res
1126 715 1306 779 declaratur

171 820 208 884 iis
231 839 312 903 quae
335 817 428 881 modo
451 817 697 901 disputavimus3
727 817 835 900 itaque
857 819 1030 882 rectissime
1053 818 1207 883 iudicasse
1230 818 1309 882 mihi

174 924 298 988 videtur
311 921 452 986 Boissicr
468 944 538 986 cum
555 922 675 985 diceret
690 922 722 984 in
741 918 808 984 ‘Les
821 921 990 1005 prolopues
1007 923 1043 985 de
1059 920 1202 987 Terencc’
1224 921 1308 1007 (Μὸ-

171 1029 281 1111 langes
306 1027 419 1092 Graux
441 1048 471 1111 p.
494 1026 568 1106 82):
599 1023 635 1089 ‘Il
658 1046 692 1089 se
715 1032 863 1089 contenta
887 1025 1073 1110 dblldgner,
1097 1048 1176 1111 pour
1198 1049 1232 1092 se
1251 1026 1306 1092 de·

171 1133 291 1211 fendre,
308 1131 383 1216 qn’il
400 1132 536 1212 ignorait
551 1131 761 1194 entibrement
777 1129 961 1194 l’existence
977 1130 1032 1195 des
1048 1132 1132 1196 deun
1149 1133 1306 1199 comedies

170 1238 283 1300 latines
307 1242 339 1299 et
361 1241 443 1299 cette
459 1233 591 1318 reponse
608 1240 655 1298 est
670 1235 853 1298 instructive
869 1255 949 1318 pour
965 1257 1053 1299 nous.
1091 1236 1163 1301 Elle
1185 1244 1307 1302 montre

169 1361 229 1425 que
262 1362 312 1404 ces
344 1340 465 1404 vieilles
498 1339 602 1436 pibces
633 1338 786 1402 n'etaient
817 1360 875 1423 pas
907 1341 1041 1423 reprises
1073 1342 1155 1406 alors
1187 1364 1241 1406 sur
1275 1344 1305 1408 le

169 1442 292 1507 theatro
316 1465 355 1506 ou
378 1443 556 1527 repandues
579 1462 636 1525 par
658 1442 690 1504 la
713 1439 848 1506 lecture'.
889 1441 982 1506 Certe
1006 1444 1031 1506 si
1054 1443 1169 1508 Casina
1195 1447 1305 1529 paucis

168 1548 258 1611 annis
281 1554 351 1632 post
374 1547 516 1610 Terentii
540 1553 673 1611 mortem
689 1545 841 1609 Romanis
864 1547 931 1610 sere
954 1546 1033 1611 adeo
1050 1549 1210 1632 incognita
1227 1555 1304 1630 erat,

168 1657 203 1714 ut
225 1672 282 1735 pro
305 1672 389 1715 nova
411 1652 522 1716 referri
547 1658 661 1734 posset,
692 1672 756 1714 non
781 1651 893 1714 mirum
917 1650 1030 1715 Naevii
1062 1659 1094 1716 et
1117 1653 1224 1717 Plauti
1255 1674 1306 1717 co·

169 1755 307 1819 moedias
330 1756 401 1818 illas
424 1757 455 1818 in
479 1756 625 1818 notitiam
642 1754 783 1818 Terentii
807 1777 868 1818 non
885 1756 1007 1820 venisse
1030 1778 1133 1841 neque
1146 1764 1304 1843 spectatas

167 1880 268 1945 neque
291 1861 389 1924 lectas
412 1859 451 1923 ab
476 1860 671 1944 aequalibus,
695 1861 881 1945 praesertim
904 1881 975 1923 curu
999 1862 1108 1944 quales
1133 1868 1201 1926 tum
1222 1883 1304 1926 com·

167 1966 276 2030 mercii
298 1965 383 2050 quod
400 1966 533 2029 dicimus
548 1966 726 2029 litterarum
742 1973 774 2029 et
789 1966 960 2028 memoriae
976 1967 1150 2030 litterariae
1165 1967 1303 2033 rationes

166 2070 285 2133 fuerint
307 2076 500 2154 reputemus.

269 2172 336 2235 Iam
361 2172 401 2235 ad
424 2173 550 2255 singula
573 2180 779 2236 transeamus.
821 2171 980 2236 Naeuium
995 2172 1146 2237 Plautum
1162 2174 1302 2239 Ennium

166 2285 290 2342 veteres
312 2284 421 2361 poetas
445 2276 561 2341 diserte
586 2276 682 2339 tradit
698 2276 866 2340 Terentius
888 2277 974 2340 viam
996 2276 1056 2340 sibi
1078 2278 1249 2361 praeivisse
1269 2280 1302 2344 in

166 2379 417 2445 contaminandis
440 2381 556 2444 fabulis
578 2378 679 2443 Andr.
697 2381 777 2464 prol.
801 2400 830 2442 v.
856 2382 912 2443 18:

294 2520 356 2600 Qui
377 2540 468 2604 quom
490 2519 571 2583 barac
594 2525 755 2600 accusant,
777 2517 937 2583 Naeuium
961 2517 1112 2584 Plautum
1136 2519 1276 2585 Eretriam

293 2624 467 2705 Accasurrt,
491 2645 567 2708 quos
589 2623 639 2686 bic
662 2630 768 2686 noster
791 2629 936 2686 auctores
957 2623 1058 2688 latet.

164 2762 216 2827 Ex
239 2763 411 2828 certissimo
427 2763 524 2846 igitur
540 2762 717 2826 testimonio
733 2761 870 2825 efficitur
885 2761 1007 2825 artificii
1024 2762 1108 2825 illius
1123 2763 1301 2847 singularis,

164 2889 225 2952 quo
241 2889 282 2931 ex
298 2866 441 2952 pluribus
457 2867 574 2930 fabulis
590 2866 810 2929 fabularumre
826 2864 969 2949 partibus
986 2865 1115 2930 Graecis
1136 2868 1300 2932 comoedia

163 2971 281 3035 Latina
297 2971 494 3048 conflaretur,
518 2976 728 3033 auctorem
752 2974 790 3030 et
809 2976 1028 3052 parentem
1052 2950 1301 3035 fuisseNae·

165 3076 273 3139 vium
294 3082 422 3159 poetam
439 3075 509 3137 aliis
525 3094 647 3158 quoque
663 3072 842 3136 nominibus
858 3078 1051 3136 novatorem.
1086 3073 1147 3146 Qui
1164 3075 1300 3159 primum

164 3198 258 3242 ausus
281 3185 327 3241 est
350 3199 400 3241 res
423 3185 528 3261 gestas
552 3175 769 3240 Romanorum
796 3176 935 3239 carmine
965 3176 1063 3239 latino
1090 3197 1238 3242 enarrare
1268 3185 1301 3244 et

164 3282 322 3345 illustrare
334 3303 372 3344 ea
383 3288 499 3359 aetate,
513 3301 576 3364 qua
588 3285 714 3366 praeter
725 3280 923 3343 brevissimos
936 3279 1180 3361 magistratuum
1189 3282 1299 3346 titulos

164 3407 271 3450 rerum
283 3386 449 3470 scriptores
459 3385 555 3449 nullis
568 3386 634 3448 iere
647 3384 792 3448 subsidiis
807 3384 1000 3464 nitebantur,
1017 3386 1070 3468 qui
1082 3392 1250 3469 praeterea
1264 3386 1298 3450 in

163 3489 327 3573 tragoedia
349 3495 518 3573 praetexta
541 3488 624 3551 illins
647 3490 759 3551 aetatis
782 3509 831 3551 res
855 3495 960 3570 gestas
982 3489 1183 3573 popularium
1199 3490 1298 3554 oculis

163 3593 305 3671 subiecit,
336 3593 389 3676 qui
420 3591 556 3674 denique
583 3591 615 3654 in
639 3590 801 3655 comoedia
829 3591 1009 3674 aequalium
1040 3613 1167 3656 suorum
1197 3614 1299 3657 mores

163 3696 348 3780 perstrinxit
371 3716 408 3759 ea
430 3715 505 3758 usus
528 3693 686 3772 libertate,
710 3714 772 3776 qua
795 3714 886 3757 nemo
908 3700 982 3778 post
1004 3715 1077 3757 eum
1101 3696 1236 3759 comicus
1252 3695 1298 3758 uti

164 3821 260 3864 ausus
282 3809 338 3876 est,
367 3799 450 3863 idem
481 3799 577 3862 etiam
607 3799 639 3861 in
669 3798 855 3861 consuendis
885 3798 1035 3863 liberiore
1058 3799 1150 3863 modo
1180 3799 1297 3864 fabulis

162 3903 274 3967 ceteris
297 3903 418 3967 exstitit
441 3902 634 3986 exemplum.

264 4007 317 4072 Ad
341 4008 496 4070 rationem
518 4027 599 4090 qnae
622 4007 703 4069 inter
726 4004 883 4069 Naevium
905 4013 937 4070 et
953 4006 1106 4069 Plautum
1123 4006 1299 4071 intercedat

161 4111 194 4175 in
217 4111 333 4175 fabulis
356 4108 579 4194 componendis
601 4109 760 4193 pertinent
784 4107 865 4173 Eun.
889 4110 970 4194 prol.
995 4132 1024 4172 v.
1049 4111 1090 4173 25
1114 4131 1177 4196 sq.:

292 4247 432 4312 Colacem
455 4267 519 4311 esse
540 4246 646 4311 Naeui
669 4252 696 4309 et
720 4245 841 4327 Plauti,
864 4255 997 4311 ueterem
1016 4247 1175 4330 fabellam,

290 4352 438 4416 Parasiti
457 4371 624 4434 personam
648 4350 721 4414 inde
745 4349 883 4414 ablutam
905 4356 933 4414 et
956 4352 1075 4417 militis.
