2956 4822
648 345 737 429 [235]
1200 355 1260 414 139

119 541 171 604 oui
200 538 376 604 iurisdictio
408 561 472 603 una
501 561 573 604 oum
605 539 707 605 Stiriis
737 541 976 625 magistratibus
1007 542 1258 608 administranda

120 643 286 722 tribuitur,
318 643 473 728 appellari
496 651 700 727 quaestorem
723 665 884 709 sacrorum
918 643 1138 727 (ἑεροταμίαν).
1184 646 1257 722 Quo

120 747 266 811 nimirum
285 748 412 811 nomine
427 748 628 828 significetur
642 747 683 810 ad
699 749 856 812 aerarium
873 769 998 813 saorurn
1015 749 1257 816 Medeoniorum

119 851 298 915 curandum
321 850 475 934 imprimis
492 872 564 914 eum
581 851 762 915 institutum
779 873 859 917 esse.
895 851 933 915 In
948 852 1045 917 rebus
1060 855 1158 918 saeris
1174 854 1256 919 enim

120 975 213 1040 quam
237 949 377 1021 maxime
393 957 462 1021 iura
477 957 638 1022 reseruari·
650 956 773 1022 ciuitati
790 958 919 1042 quaein
937 957 1073 1022 alteram
1093 958 1256 1022 oiuitatem

119 1058 318 1140 concederet,
342 1061 439 1124 moris
462 1059 592 1125 Graecis
615 1059 713 1124 fuisse
728 1059 915 1143 significari.
960 1061 1147 1126 Tenuerunt
1162 1063 1258 1146 igitur

120 1162 172 1225 hio
194 1163 285 1247 quasi
308 1163 444 1227 mediam
468 1164 552 1227 uiarn
574 1165 660 1229 inter
690 1164 846 1229 rationem
876 1166 921 1228 roi
950 1165 1097 1250 publicae
1127 1187 1257 1230 seruau-

118 1265 191 1330 dam
209 1265 401 1348 (seeundum
426 1287 521 1351 quam
544 1269 707 1352 phratriae
723 1289 787 1332 non
803 1268 966 1354 proprium
988 1276 1037 1333 est
1053 1270 1258 1354 magistratus

119 1370 239 1435 hebere
261 1392 396 1455 quorum
420 1380 564 1455 potestas
587 1372 628 1436 ad
654 1395 703 1436 res
736 1372 879 1458 publicas
909 1373 1098 1456 pertineat),
1131 1379 1163 1437 et
1194 1394 1257 1437 ser·

119 1473 225 1539 uanda
254 1475 324 1539 iura
347 1476 487 1540 oiuitatis
510 1497 591 1561 quae
622 1496 699 1539 suae
722 1476 877 1541 libertatis
909 1484 1000 1561 perte
1023 1478 1107 1541 ultro
1138 1499 1172 1541 se
1202 1476 1257 1541 ab·

119 1576 213 1642 dieat.
258 1577 340 1642 Nam
373 1579 576 1661 magistratus
606 1579 732 1663 quidem
763 1578 926 1644 Medeonii
956 1601 1091 1664 quorum
1116 1586 1257 1666 potestas

118 1681 159 1745 ad
182 1702 247 1745 rem
272 1681 431 1766 publicam
455 1685 626 1767 praecipue
648 1684 840 1767 pertinebat,
871 1684 1050 1756 abolentur,
1081 1706 1120 1749 ea
1150 1689 1256 1748 nutem

118 1804 192 1867 pars
223 1806 306 1869 quas
337 1806 443 1850 rerum
475 1784 674 1870 publicarum
698 1785 911 1869 gerendarum
941 1787 1102 1872 phratriae
1126 1786 1257 1852 Medeo-

118 1888 243 1952 uiorum
267 1889 472 1954 concedenda
496 1889 640 1967 uidetur,
672 1910 834 1954 sacrorum
861 1891 1022 1975 quaestori
1053 1891 1255 1957 adtribuitur.

121 1991 182 2065 Qui
205 1991 281 2057 inde
303 2013 322 2055 a
344 1999 490 2078 tempore
519 1994 723 2078 sympolitiae
752 1994 850 2058 initae
882 1995 1099 2060 aMedeoniis
1128 1996 1255 2080 quidem

117 2094 174 2158 sed
197 2099 335 2161 omnium
358 2097 527 2163 Stiriorurn
550 2097 709 2181 suffragiis
732 2099 880 2180 eligetur.

222 2200 260 2263 In
297 2200 433 2265 eundern
474 2203 709 2266 transferuntur
742 2202 846 2268 officia
881 2223 919 2266 ea
955 2224 1150 2268 summorum
1190 2225 1254 2268 ma·

118 2303 309 2385 gistratuum
338 2303 579 2369 Medeoniorum
613 2305 653 2370 ad
686 2327 777 2370 soora
810 2308 1001 2391 pertinentia
1034 2329 1117 2392 quae
1151 2330 1255 2394 neque

119 2407 299 2487 abolentur,
323 2429 428 2493 neque
449 2411 690 2493 magistratibus
713 2410 815 2474 Stiriis
843 2409 1078 2476 adtribuuntur.
1125 2411 1254 2477 Summa

119 2511 203 2575 enim
226 2532 386 2576 sacrorum
403 2512 645 2576 Medeoniorum
669 2512 899 2576 administratio
923 2513 1112 2578 transfertur
1127 2515 1254 2599 quidem

118 2635 139 2678 a
170 2615 408 2698 magistratibus
442 2615 619 2680 Medeoniis
653 2614 694 2679 ad
729 2616 859 2692 Stirios,
896 2617 941 2680 ita
972 2624 1077 2682 tamen
1112 2627 1147 2682 ut
1181 2618 1255 2703 lege

118 2718 246 2802 publiea
268 2727 437 2781 teneantur
460 2718 505 2798 (v.
522 2719 588 2799 46),
611 2727 644 2782 et
667 2720 756 2783 utin
779 2721 903 2784 aerario
927 2720 1067 2784 curando
1099 2729 1131 2787 et
1159 2723 1254 2786 saeri-

119 2822 196 2886 fieiis
225 2821 361 2906 publicis
389 2820 543 2886 iaciendis
574 2823 733 2904 quaestori
763 2843 925 2887 sacrorum
959 2823 1129 2889 Medeonio
1163 2846 1254 2910 prae·

118 2925 229 3010 oipuus
245 2927 331 2990 loeus
343 2933 534 2991 resumetur.
559 2924 762 3011 Quapropter
778 2928 803 2990 is
817 2928 1041 2992 sacrificiorum
1054 2929 1252 3015 publieomm

118 3029 297 3113 portionem
324 3050 388 3093 non
418 3031 522 3119 solum
553 3049 622 3092 eam
654 3051 738 3114 quae
767 3039 864 3096 antea
893 3033 932 3095 ad
962 3055 1034 3097 eum
1063 3034 1252 3117 pertinebat,

118 3133 173 3199 sed
198 3134 293 3197 etiam
317 3155 387 3198 eam
411 3153 493 3218 quae
519 3132 708 3198 archontum
740 3142 817 3212 erat,
849 3135 922 3199 inde
952 3137 991 3200 ab
1021 3138 1076 3202 illo
1106 3143 1252 3221 tempore

62 3308 65 3312 ,
117 3238 261 3324 aooipiet.

220 3340 397 3424 Utriusque
427 3346 533 3404 autem
565 3341 703 3405 oiuitatis
733 3342 819 3406 ciues
849 3344 1021 3429 participes
1050 3345 1130 3408 fiunt
1159 3345 1253 3409 soori-

117 3445 261 3509 fioiorum
284 3443 325 3507 ab
350 3450 483 3528 utraque
506 3445 633 3528 publice
655 3444 882 3510 faciendorum.

222 3546 371 3611 Phratria
382 3547 625 3612 Medeoniorunr
643 3548 787 3612 nimirum
803 3571 878 3614 suas
893 3571 945 3614 res
960 3570 1043 3633 quae
1057 3569 1119 3614 non
1133 3549 1172 3612 ad
1187 3569 1252 3612 rem

116 3653 276 3737 publicam
301 3652 402 3735 ipsam
425 3653 598 3734 pertinent,
621 3652 686 3716 suis
712 3652 848 3716 comitiis
872 3660 905 3717 et
920 3674 977 3737 per
992 3675 1067 3717 suos
1084 3653 1252 3735 magistros

117 3757 210 3840 gerit.
257 3755 297 3818 Hi
322 3762 431 3820 autem
454 3756 507 3839 qui
537 3757 656 3821 fuerint
686 3764 814 3841 praeter
846 3764 1048 3843 quaestorem
1080 3777 1252 3821 sacrorum.

117 3861 176 3926 boo
199 3866 292 3944 paeto
309 3880 372 3923 uon
389 3860 551 3926 doeemur.
597 3861 659 3934 Qui
675 3859 803 3943 quidem
818 3874 893 3926 ante
909 3861 1123 3946 sympolitiem
1143 3862 1251 3926 initam

117 3964 276 4029 Medeons
293 3962 413 4028 fuerint
429 3966 642 4049 magistratus,
659 3986 677 4028 e
694 3963 838 4029 uersibus
851 3968 891 4029 38
903 3986 948 4050 sq.
961 3973 1104 4050 apparet.
1132 3965 1252 4031 Eorum

116 4074 303 4150 πρακτῆρας,
326 4067 427 4148 ὶιρεῖς,
450 4066 595 4151 ἕεράρχας
617 4069 773 4133 mansisse
803 4068 950 4134 oouioias.
996 4069 1251 4134 Iurisdiotionetn

117 4172 278 4258 phratriae
301 4172 470 4255 magistros
494 4192 557 4236 non
582 4170 741 4254 habuisse,
765 4194 805 4236 ex
829 4174 875 4237 eis
898 4194 982 4258 quae
1005 4195 1099 4259 supra
1118 4177 1251 4260 exposui

117 4276 321 4359 intellegitur.
1172 4288 1175 4292 ·

220 4379 321 4444 Suum
336 4381 494 4445 aerarium
512 4381 586 4466 quin
601 4381 760 4447 Medeonii
777 4381 957 4464 habuerint,
973 4404 1066 4448 nemo
1083 4382 1252 4451 dubitabit.
1298 4471 1305 4488 .
