3030 4816
743 315 833 404 pn]

323 515 374 580 De
398 515 572 578 Phasmate
595 513 743 577 Donatus
770 513 848 578 haee
879 513 1012 577 adnotet
1042 513 1081 577 ad
1105 511 1187 577 Eun.
1219 514 1306 599 prol.
1335 517 1375 580 9:

220 620 358 684 Phasma
374 672 380 685 .
394 672 400 685 .
414 671 420 685 .
435 670 441 683 .
455 639 566 682 nomen
579 625 622 681 est
629 617 768 700 fabulae
779 616 969 680 Menandri:
982 619 1016 680 in
1027 638 1090 702 qno
1101 637 1238 682 nouerca
1251 640 1372 704 snper-

220 726 317 789 dncla
333 725 524 788 adulescenti
539 724 707 806 nirpinern,
729 743 824 806 qnam
839 742 875 784 es
891 723 996 785 uicino
1012 723 1147 807 quodam
1164 733 1370 808 conceperat,

216 829 343 911 furtiue
355 829 510 907 eductam,
524 847 592 889 cnm
605 824 729 889 haberet
737 828 772 888 in
781 825 909 889 latebris
919 826 1007 909 apud
1016 827 1157 889 nicinum
1164 830 1369 911 proximum,

218 932 276 997 hoe
298 933 388 997 iliada
412 953 513 996 seeum
536 930 666 994 habebat
688 929 822 993 adsidue
842 930 929 992 nnllo
947 931 1078 995 conscia.
1114 930 1285 1014 Paridem,
1310 936 1370 1018 qui

218 1038 340 1102 medius
355 1039 437 1101 inter
453 1037 577 1099 domum
598 1037 710 1099 mariti
725 1055 763 1097 ac
778 1035 877 1097 nicini
894 1033 1016 1116 fuerat,
1039 1036 1086 1097 ita
1096 1036 1251 1120 perfodit,
1273 1044 1313 1101 nt
1329 1040 1367 1101 in

218 1144 286 1225 ipso
310 1144 452 1205 transitu
472 1160 600 1204 sacrum
624 1140 725 1203 locum
749 1159 812 1201 esse
834 1139 1017 1218 simularet;
1041 1158 1168 1223 cumque
1186 1143 1366 1205 transitum

219 1247 391 1310 intenderet
415 1248 507 1310 sertis
529 1268 568 1308 ac
588 1244 706 1325 fronde
725 1243 831 1326 felici,
853 1265 920 1307 rem
943 1243 1087 1307 diuinam
1110 1265 1200 1328 saepe
1213 1245 1364 1327 jaciens,

220 1351 368 1414 enocabat
391 1351 435 1413 ocl
457 1372 488 1414 se
514 1351 681 1432 uirpinem.
726 1347 816 1427 Quod
840 1368 908 1410 cnm
931 1348 1208 1411 aniircadnertisset
1233 1350 1365 1419 aclides·

220 1474 300 1534 cens,
327 1457 468 1537 primurn
495 1456 645 1536 adspectu
664 1451 821 1535 pulchrae
843 1453 983 1535 uirpinis
1011 1451 1095 1515 uelut
1123 1454 1264 1516 numinis
1287 1456 1365 1519 uisu

215 1560 380 1641 parentans
401 1558 581 1621 exhorruit:
604 1555 708 1639 (unde
724 1554 866 1620 Phasma
881 1561 926 1619 est
940 1576 1050 1619 remneu
1060 1554 1231 1639 fabellaeJ:
1247 1556 1365 1623 deinde

215 1663 375 1746 paulatim
390 1683 423 1724 re
440 1662 567 1745 capuita
583 1660 701 1723 exarsit
715 1661 749 1722 in
766 1677 905 1722 ornarem
918 1660 1043 1741 puellae
1058 1661 1116 1737 ita,
1134 1666 1170 1722 nt
1186 1661 1361 1726 remedium

218 1773 325 1830 tantae
357 1765 541 1848 cupiditatis
572 1764 636 1827 nisi
667 1784 704 1826 ee
736 1764 856 1846 nuptiis
884 1784 949 1826 non
980 1764 1184 1846 reperiretur.
1232 1763 1289 1828 Ita
1323 1787 1361 1830 ex

220 1871 376 1934 corninodo
398 1871 512 1933 matris
535 1890 574 1931 ac
596 1869 736 1949 nirpinis¹
757 1874 785 1930 ct
808 1888 845 1930 ee
866 1874 939 1931 uoto
967 1869 1122 1931 amatoris
1151 1888 1362 1954 consensuque

216 1976 324 2058 patris
347 1977 532 2058 receptiorem
556 1973 757 2036 celebratione
770 1973 870 2055 finem
894 1974 1010 2057 accipit
1029 1973 1154 2054 fabulo.

321 2080 372 2143 De
405 2077 592 2141 Thensauro
623 2077 708 2140 idom
738 2075 902 2139 Donatus:
940 2075 1172 2141 Huiuscemodi
1202 2078 1283 2141 enim
1314 2087 1361 2145 est

219 2182 332 2245 [nescii
354 2188 591 2265 arpnmentum:
604 2180 806 2260 ‚Adulescens
822 2183 874 2264 qul
890 2200 956 2243 rem
975 2180 1176 2261 familiarem
1191 2181 1235 2243 ad
1250 2187 1360 2267 nequi·

218 2290 297 2350 tiam
316 2288 518 2370 prodeperat,
542 2305 669 2347 sernum
690 2285 785 2347 mittit
809 2284 852 2347 ad
874 2285 978 2366 patris
1002 2292 1241 2367 monumentum,
1271 2289 1359 2370 quod

219 2412 311 2454 senen
334 2390 394 2453 sili
415 2391 511 2452 cliuus
532 2390 657 2472 iicapnis
680 2387 789 2471 optans
813 2396 1050 2472 apparauerat,
1082 2398 1116 2453 ut
1138 2390 1172 2453 id
1201 2391 1360 2473 aperiret,

218 2497 371 2559 illaturus
394 2495 514 2576 epulas,
537 2512 614 2577 anas
631 2499 727 2576 pater
746 2499 818 2575 post
842 2514 961 2556 acinum
984 2494 1135 2558 decimum
1152 2501 1283 2558 caneret
1297 2495 1362 2559 sibi

220 2599 347 2679 inferri.
393 2597 456 2661 Sed
478 2617 545 2660 eum
569 2617 701 2680 apricas,
732 2597 765 2658 in
795 2617 854 2680 quo
883 2604 1116 2661 monumentum
1147 2605 1233 2679 erat,
1264 2619 1360 2663 senex

220 2704 348 2787 qnidam
370 2722 494 2765 auarus
515 2701 553 2767 cl
577 2701 808 2764 adulescentulo
831 2707 958 2766 emerat.
1004 2701 1124 2767 Seruus
1147 2702 1191 2766 ad
1212 2704 1359 2785 aperien-

221 2805 295 2869 dum
319 2812 549 2869 monumentum
572 2805 693 2867 acccilio
715 2824 791 2867 cesus
812 2807 895 2868 senis
918 2804 1100 2869 thesaurum
1123 2826 1193 2869 cnm
1219 2807 1359 2889 epistula

220 2910 333 2973 ididem
355 2910 479 2992 reperit.
526 2909 625 2972 Senes
648 2908 830 2972 thesaurum
851 2915 1012 2993 tamquam
1028 2930 1048 2972 a
1064 2930 1095 2973 se
1115 2930 1173 2992 per
1188 2911 1358 2976 tumultum

219 3013 357 3076 hostilem
384 3013 451 3076 illic
483 3013 644 3092 defossum
674 3013 784 3075 retinet
815 3019 843 3075 et
874 3012 932 3076 sili
960 3012 1114 3076 uindicat.
1163 3013 1360 3082 Adulescens

219 3118 352 3181 indicem
384 3119 484 3200 capit:
513 3117 600 3200 apud
631 3136 718 3201 quem
745 3118 840 3199 prior
871 3136 972 3197 senec,
1004 3117 1058 3200 qni
1090 3138 1205 3181 auram
1234 3119 1359 3203 retinet,

221 3241 351 3285 cansam
374 3241 466 3285 snum
488 3221 533 3283 sic
556 3222 643 3303 epit:

348 3325 560 3402 Athenienses,
581 3324 693 3387 hellam
716 3344 786 3388 cum
808 3322 1037 3387 Rhodiensibus

348 3429 438 3509 Quod
455 3428 571 3512 fuerit,
594 3427 671 3512 qaid
693 3447 747 3511 epo
770 3427 820 3491 hic
837 3426 1046 3511 praedicem?
1068 3435 1123 3493 etc.

218 3533 270 3596 Ad
300 3533 377 3597 elias
409 3532 519 3596 Luscii
551 3532 676 3596 fabulas
709 3531 878 3596 referenda
908 3539 1000 3610 sunt,
1032 3551 1115 3616 quae
1148 3533 1360 3616 exagitentur

219 3638 250 3701 in
273 3636 379 3701 Hecu.
402 3636 482 3721 prol.
505 3656 534 3699 n.
558 3639 617 3700 30:

554 3761 592 3803 ne
613 3740 664 3804 ille
684 3760 746 3823 pro
769 3761 800 3804 se
821 3740 939 3805 dictum
961 3741 1132 3823 existumet,

347 3846 410 3925 Qui
430 3864 532 3928 nuper
549 3844 630 3927 fecit
651 3864 743 3908 seruo
766 3840 907 3910 currenti
928 3847 962 3909 in
984 3846 1039 3910 uia

347 3947 478 4012 Decesse
500 3948 666 4031 populum:
689 3970 768 4031 quor
791 3950 904 4013 insano
927 3948 1071 4012 seruiat?

218 4057 250 4115 et
273 4053 304 4115 in
327 4053 458 4117 Phocm.
481 4054 562 4138 prol.
585 4074 615 4118 v.
641 4055 659 4116 6
682 4074 748 4137 sq.:

348 4157 431 4235 Quia
453 4178 609 4241 nusquam
636 4158 785 4220 insanum
814 4160 942 4241 scripsit
973 4156 1034 4240 (se.
1057 4155 1201 4240 Terent.)
1232 4157 1359 4225 adnles-

1156 4261 1312 4326 centulum

348 4362 480 4429 Cernens
505 4366 613 4430 uidere
632 4366 747 4450 fnpere
770 4372 796 4429 et
820 4366 936 4430 sectari
959 4386 1049 4430 canes
