2954 4816
695 288 763 374 [55]
1276 299 1296 361 5

164 484 364 549 stitutiouum
393 487 546 546 contextu
577 481 704 546 citando
736 502 774 546 ea
796 481 951 561 editione,
982 504 1075 567 quam
1100 486 1239 568 egregia,
1262 494 1299 551 ut

165 589 263 664 solet,
295 609 372 652 cura
402 586 538 651 absolvit
568 587 729 651 Paulus
760 587 946 672 Krueger
978 610 1087 654 eorum
1119 591 1172 675 qui
1203 590 1299 655 hodie

165 693 276 756 vivunt
299 692 591 756 iureconsultorum
615 689 630 754 ὁ
654 691 899 775 φιλολογώτατος
922 690 1079 776 (Berolini
1104 694 1211 775 1867).

696 958 766 1041 ar.

267 1125 328 1190 Ph.
352 1123 524 1200 Eduardus
547 1123 703 1188 Huschke
727 1124 757 1187 in
781 1123 980 1209 praefatione
1004 1121 1150 1189 editionis
1169 1125 1298 1190 Institu-

113 1263 119 1272 ·
163 1231 286 1295 tionum
302 1229 468 1293 Iustiniani
484 1228 610 1312 Lipsiae
633 1248 716 1292 anno
736 1229 818 1291 1868
837 1226 954 1313 publici
970 1228 1047 1291 iuris
1069 1227 1173 1293 factae
1190 1239 1297 1294 moret

163 1335 383 1418 quaestionem
407 1353 426 1396 a
449 1333 574 1396 nemine
597 1352 700 1417 usque
721 1331 762 1395 ed
785 1331 862 1395 illud
887 1340 1011 1414 tempus
1034 1341 1164 1416 motam,
1188 1354 1298 1418 quern·

163 1437 335 1501 admodum
357 1438 388 1499 in
404 1436 642 1501 Institutionum
659 1436 746 1498 libris
763 1434 987 1520 componendis
1010 1436 1132 1500 tresviri
1155 1436 1199 1499 illi
1213 1438 1298 1501 inter

162 1563 196 1607 se
221 1542 336 1607 versati
358 1542 431 1624 sint,
455 1541 569 1625 quihus
592 1541 655 1604 hoc
677 1540 840 1625 negotium
865 1539 974 1604 datum
997 1562 1068 1605 esse
1097 1540 1296 1624 prooemium

163 1645 205 1710 Ie
233 1645 369 1711 Nomine
396 1643 528 1708 Domini
557 1652 612 1708 etc.
637 1644 740 1709 docet.
787 1645 890 1718 Quam
923 1645 1141 1728 quaestionem
1172 1645 1220 1707 vir
1242 1643 1297 1707 ille

163 1750 315 1814 acerrimo
346 1755 381 1812 ut
409 1751 490 1814 inter
520 1770 632 1813 omnes
662 1756 788 1813 constat
816 1748 936 1831 ingenii
959 1747 1103 1811 acumine
1134 1746 1296 1833 praeditus

163 1854 207 1917 ita
229 1853 334 1935 solvit,
358 1861 394 1917 ut
417 1852 512 1935 dicat,
536 1853 562 1917 si
585 1873 626 1915 ex
649 1854 775 1937 ipsane
800 1852 943 1915 divinare
965 1850 1068 1931 liceat,
1090 1851 1123 1913 in
1146 1857 1296 1935 promptu

161 1956 229 2021 iore
251 1957 504 2042 responsionem:
529 1955 710 2020 deliberatis
733 1962 806 2020 ante
825 1955 985 2019 communi
1009 1955 1139 2019 consilio
1163 1962 1196 2018 et
1221 1973 1296 2018 oon·

162 2061 280 2124 stitutis
310 2061 492 2143 perficiendi
524 2061 627 2145 operis
657 2061 799 2145 legibus,
829 2081 900 2125 cnm
927 2059 1140 2123 Tribonianus
1172 2065 1297 2123 tautum

162 2161 208 2226 ‘ad
238 2166 337 2228 totius
368 2165 471 2250 operis
503 2166 766 2249 gubernationem
797 2160 925 2230 electus'
949 2170 1042 2245 esset,
1074 2162 1191 2226 alteros
1214 2160 1296 2226 duos

162 2271 262 2353 ipsam
286 2291 352 2335 reni
378 2261 420 2332 iia
444 2290 611 2354 aggressos
628 2291 707 2349 esse,
731 2279 766 2334 ut
790 2276 926 2353 uterque
949 2288 990 2332 ex
1009 2266 1211 2352 praescriptis
1234 2266 1297 2329 iam

144 2394 181 2434 a
205 2373 381 2437 Iustiniano
404 2380 555 2458 quattuor
576 2372 663 2436 libris
681 2373 771 2437 binos
788 2379 995 2458 componeret
1013 2379 1046 2435 et
1061 2369 1177 2435 deinde
1192 2377 1295 2435 toturn

161 2498 239 2562 opus
284 2476 479 2542 Tribouiano
520 2479 638 2542 arbitro
683 2479 878 2564 praelectum
922 2478 1145 2564 perficeretur3
1191 2495 1296 2559 neque

162 2582 345 2644 coniectura
366 2587 491 2644 tantum
513 2582 568 2644 sed
592 2582 687 2645 etiam
711 2582 803 2646 certis
826 2581 1022 2665 argumentis
1047 2602 1087 2644 ex
1110 2579 1186 2663 ipsis
1208 2578 1296 2643 libris

161 2686 269 2768 petitis
299 2706 365 2749 rem
393 2684 439 2748 ita
466 2693 590 2769 gestam
621 2707 691 2751 esse
720 2687 847 2770 assequi
876 2686 980 2748 licere.
1025 2684 1160 2748 Praeter
1189 2688 1296 2748 cetera

162 2796 349 2873 argumenta
373 2809 454 2874 quae
475 2790 516 2854 ed
539 2789 729 2854 sententiam
753 2810 844 2853 suam
867 2788 1114 2853 confirmandam
1138 2785 1230 2850 affert
1254 2820 1294 2832 -

163 2891 339 2978 dequibus
369 2893 485 2978 partim
515 2893 547 2956 in
570 2893 633 2957 fine
663 2893 757 2957 huius
781 2893 1057 2957 commentationis
1087 2889 1202 2975 partim
1232 2888 1294 2952 alio

163 2999 325 3081 tempore¹
343 3019 528 3082 agemus-
545 2998 698 3063 orationis
714 2997 910 3062 Iustinianae
925 2997 1157 3082 proprietatum
1173 2994 1295 3058 ratione

162 3100 270 3164 habita
300 3121 394 3166 voces
424 3102 547 3188 aliquot
576 3108 607 3166 et
635 3103 813 3167 locutiones
845 3101 949 3185 eligit,
982 3122 1062 3186 quae
1090 3101 1240 3186 leguntur
1263 3096 1295 3160 in

161 3204 318 3287 prioribus
343 3205 441 3289 libris,
464 3227 483 3269 a
506 3207 736 3291 posterioribus
758 3215 865 3272 autem
888 3205 1012 3270 alienae
1034 3211 1118 3270 sunt.

265 3471 424 3524 ¹Husehke
444 3488 503 3523 oum
524 3471 647 3524 diversos
673 3478 799 3525 auctores
825 3470 987 3523 statuendos
1014 3483 1073 3520 esse
1093 3466 1233 3536 professus
1252 3465 1296 3529 sit,

161 3558 251 3610 statim
271 3558 397 3626 adiungit
415 3561 522 3625 priores
542 3558 609 3610 duos
627 3559 713 3611 libros
739 3558 772 3622 (l.
791 3557 829 3624 11)
857 3558 1029 3610 aDorothao
1056 3555 1201 3623 berytensi
1220 3557 1295 3608 anta·

162 3660 275 3710 cessere,
294 3644 459 3711 posteriores
477 3644 539 3710 (111.
552 3644 603 3707 IV)
622 3662 638 3696 a
657 3643 811 3710 Theophila
825 3642 1129 3711 constantinopolitano
1148 3647 1295 3709 conceptos

162 3748 238 3798 esse,
263 3750 342 3800 quam
370 3730 405 3785 ad
432 3733 587 3800 opinionem
616 3730 829 3783 confirmandam
858 3747 917 3782 cunr
946 3732 1003 3784 alia
1030 3739 1085 3783 tum
1114 3731 1296 3798 paraphrasin

162 3821 295 3873 Graecam
315 3835 374 3870 curn
393 3819 471 3870 libris
485 3817 644 3871 Iustiniania
662 3823 847 3883 comparatam
867 3817 958 3884 magni
978 3817 1107 3869 momenti
1128 3832 1188 3869 essa
1207 3816 1295 3871 docet.

162 3908 304 3973 Temporis
323 3907 458 3972 angustiis
477 3923 519 3956 mo
539 3905 664 3972 impediri
683 3903 774 3967 doleo,
793 3906 937 3972 quominus
958 3904 991 3954 de
1010 3905 1060 3956 bac
1073 3919 1103 3955 re
1117 3920 1190 3957 nuno
1203 3904 1296 3956 statim

161 4011 249 4060 agam.
287 3995 373 4057 Quam
393 3994 580 4063 quaestionem
600 3991 770 4046 tractandam
791 3997 818 4044 et
838 3993 861 4044 si
880 3991 939 4043 fieri
959 3992 1061 4058 poterit
1080 3990 1239 4043 solvendam
1259 3990 1294 4043 ad

161 4080 236 4134 aliud
258 4089 364 4148 tempus
383 4080 494 4146 diffar03
513 4095 585 4131 nunc
605 4079 631 4130 id
651 4096 733 4131 uuum
746 4079 811 4130 mihi
825 4079 992 4146 propositum
1013 4085 1063 4144 est,
1083 4084 1111 4129 ut
1131 4076 1295 4145 perquiram,

161 4185 224 4220 num
244 4167 344 4220 diversi
365 4169 506 4236 utriusque
520 4167 605 4234 partis
618 4166 822 4218 Institutionum
838 4167 920 4218 latine
934 4166 1150 4232 conscriptarum
1169 4159 1296 4217 auotor'es

162 4256 272 4308 inerint.
311 4256 482 4325 Ubicumque
500 4261 591 4308 autem
609 4272 643 4311 ax
662 4271 709 4307 usu
730 4271 789 4307 ease
808 4255 872 4306 mihi
898 4254 1055 4319 ridebatur,
1082 4268 1199 4320 graecae
1222 4250 1296 4303 illius

161 4340 346 4413 paraphrasis,
366 4360 436 4417 qnae
449 4344 603 4418 Theophila
624 4343 791 4402 antecessori
806 4345 887 4417 vulgo
905 4340 1043 4415 tribuitur,
1056 4339 1142 4394 rerba
1155 4337 1295 4412 adscripsi,
