2954 4808
226 304 274 433 Ι14
754 287 844 386 [126]

232 507 339 565 turum
361 492 588 563 attaminatos
618 495 651 560 in
672 495 855 580 provinciae
883 499 1025 577 portem:
1056 490 1152 577 isque
1175 487 1396 562 Merobaudis

223 607 343 691 favore
363 610 536 687 susceptus,
558 603 750 666 necessarios
771 600 832 664 sibi
848 601 960 684 plures
978 601 1119 684 petierat
1145 602 1325 687 exbiberi,·
1352 608 1396 669 16.

232 715 264 795 5,
291 712 327 773 12
351 710 459 773 aditus
480 731 500 772 o
519 706 707 792 parentibus
732 707 868 791 cirpinis
896 712 1019 790 raptae,
1049 726 1123 770 oum
1154 711 1219 793 qui
1252 711 1395 774 violarat

234 816 406 879 conuictum
429 813 568 898 redoperi
594 811 738 876 demovit.
767 809 874 891 hisque
901 809 1034 893 indique
1060 813 1140 892 pati
1170 813 1394 896 querentibus,

232 919 316 1005 quod
338 938 402 983 non
422 919 465 981 eit
486 922 584 981 morte
605 916 769 997 multatus,
791 914 997 998 responderat
1018 913 1177 979 toetmus
1204 967 1214 982 .
1244 967 1254 982 .
1282 967 1291 984 .

449 1125 477 1185 β.
505 1130 544 1170 DE
561 1127 740 1170 munstero
758 1126 815 1168 PRO
833 1127 979 1168 annuero
996 1126 1157 1169 usonem.

337 1231 509 1298 Permultis
532 1231 608 1296 loeis
630 1229 851 1314 imperfectum
876 1227 1005 1314 legitur,
1034 1229 1090 1293 ubi
1113 1229 1311 1314 perfectum
1335 1254 1391 1298 ex·

234 1342 370 1423 spectes.
414 1336 522 1420 Atque
546 1333 702 1419 equidem,
726 1353 798 1397 cum
817 1332 1001 1417 saepissime
1016 1331 1251 1416 imperfectum
1269 1337 1388 1421 passivi

235 1463 292 1528 pro
314 1439 424 1506 formis
444 1437 623 1524 compositis
639 1436 771 1521 perfecti
786 1436 924 1522 positum
939 1436 990 1518 sit,
1006 1435 1153 1522 suspicor
1168 1439 1386 1505 Ammianum

236 1545 381 1613 consulto
404 1544 583 1630 perfectum
601 1542 718 1627 passivi
734 1541 879 1624 evitasse,
903 1540 986 1626 quod
1001 1541 1063 1604 iam
1078 1561 1180 1626 supra
1197 1543 1385 1629 observavi,

237 1649 292 1715 ubi
315 1648 355 1715 de
377 1653 546 1735 praesente
568 1646 720 1711 historico
744 1644 843 1711 verba
869 1645 940 1711 feci.
986 1644 1080 1718 Quod
1110 1666 1176 1730 qua
1207 1647 1253 1713 de
1285 1670 1384 1715 causa

236 1754 356 1818 factum
372 1773 442 1818 esse
456 1751 611 1831 videatur,
627 1749 766 1815 breviter
781 1769 966 1833 exponam„
989 1748 1026 1812 In
1041 1748 1161 1834 linguis
1177 1750 1382 1837 Romanicia

239 1878 318 1944 quas
340 1856 484 1938 dicimus,
514 1874 666 1941 praesens
690 1859 723 1920 et
746 1853 967 1938 imperfectum
996 1852 1112 1938 passivi
1143 1863 1383 1942 atemporum

237 1960 486 2026 commutatione
509 1957 646 2044 perieoti
669 1963 701 2022 et
722 1956 1026 2043 plusquamperfeeti
1050 1963 1120 2022 orta
1143 1979 1217 2024 esse
1234 1968 1382 2026 constat:

392 2073 517 2129 amatus
539 2084 621 2146 sum,
640 2064 676 2147 je
698 2061 764 2126 suis
787 2060 879 2145 aime,
901 2063 933 2125 io
957 2082 1034 2127 sono
1057 2066 1182 2146 amat03

393 2175 516 2232 amatus
539 2187 634 2247 eram,
652 2163 759 2250 J’etais
782 2164 876 2250 aime,
899 2167 929 2230 io
954 2186 1008 2230 era
1030 2173 1152 2248 amat03

238 2295 333 2360 quam
356 2281 535 2359 temporum
553 2269 833 2338 commutationem
848 2270 1007 2335 Ammiani
1027 2276 1134 2335 aetate
1148 2271 1213 2337 iam
1230 2273 1381 2340 floruisse

239 2386 271 2444 et
293 2378 407 2444 litteris
430 2388 462 2443 ct
485 2374 695 2441 monumentis
715 2375 884 2461 probatum
908 2382 966 2441 est.
1010 2374 1147 2441 Formae
1170 2377 1274 2463 igitur
1298 2400 1381 2445 oom-

238 2483 363 2569 positae
386 2482 518 2568 perfecti
541 2486 573 2545 et
593 2480 898 2566 plusquamperfecti
920 2486 1082 2565 tamquam
1105 2481 1261 2566 vulgares
1282 2483 1380 2551 babe-

239 2588 373 2668 bantur,
405 2583 628 2670 imperfectum
656 2604 749 2667 vero,
785 2604 858 2648 cum
892 2590 1052 2667 tamquam
1084 2583 1188 2649 forma
1218 2585 1318 2654 docta
1349 2596 1381 2653 et

242 2690 418 2776 elegantior
440 2687 616 2772 videretur,
645 2687 833 2752 Ammianus
857 2686 969 2752 ceteris
992 2689 1191 2774 temporibus
1213 2689 1258 2754 ad
1288 2712 1380 2777 prae·

239 2798 368 2862 teritum
391 2792 633 2879 significandum
656 2792 789 2873 idoneis,
812 2792 845 2855 ni
866 2791 967 2874 fallor,
989 2792 1150 2876 praetulit.

345 2900 459 2965 Altera
487 2897 581 2962 huius
612 2897 782 2982 singularis
809 2917 886 2962 usus
918 2916 1015 2960 eausa
1037 2895 1069 2960 in
1092 2897 1218 2965 ratione
1241 2899 1381 2986 quadam

241 3003 400 3072 rhetorica
432 3001 536 3087 posita
566 3021 637 3068 esse
669 3000 805 3066 videtur.
859 2999 953 3074 Quod
983 3021 1087 3086 neque
1115 3001 1305 3071 incredibile
1333 3012 1381 3071 est

241 3129 345 3194 neque
360 3107 484 3185 mirum,
507 3106 533 3170 si
549 3113 735 3190 reputamus
752 3104 965 3187 Ammianum,
985 3110 1020 3168 ut
1036 3126 1077 3168 ex
1093 3106 1237 3191 epistulis
1253 3107 1381 3175 Libanii

242 3214 333 3279 amici
358 3217 500 3296 apparet,
523 3209 668 3275 historias
692 3230 766 3272 suas
789 3193 939 3273 vel'totas
956 3207 1008 3271 vel
1023 3217 1147 3293 partem
1163 3229 1275 3276 coram
1292 3213 1380 3277 audi·

241 3327 348 3386 torum
372 3338 490 3383 corona
512 3317 670 3381 recitasse.
709 3315 869 3398 Persaepe
892 3314 923 3378 in
939 3335 1001 3380 uno
1018 3312 1197 3401 eodemque
1215 3318 1379 3383 enuntiato

148 3459 155 3474 ·
242 3421 420 3509 perfectum
444 3421 485 3484 ab
508 3418 696 3504 imperfecto
719 3418 772 3482 vel
795 3417 919 3483 inverso
935 3416 1045 3483 ordine
1061 3416 1123 3482 hoo
1139 3418 1180 3482 ab
1196 3419 1250 3485 iilo
1266 3423 1380 3488 mirum

242 3530 275 3593 in
297 3524 428 3590 modum
452 3524 608 3609 excipitur·
637 3522 691 3602 ita,
721 3530 756 3586 ut
786 3521 879 3586 facile
907 3521 939 3586 in
971 3521 1150 3607 opinionem
1180 3522 1381 3591 adducamur

244 3631 450 3697 Ammianum
464 3627 545 3692 hane
560 3626 768 3692 variationem
784 3624 893 3692 dedita
910 3646 1007 3710 opera
1023 3626 1225 3712 appetivisse.
1260 3629 1380 3695 Rerum

244 3741 407 3822 gestarum
419 3732 557 3798 narratio
570 3731 697 3816 saepius
712 3730 954 3816 interrumpitur
969 3738 1065 3816 atque
1081 3729 1121 3794 ad
1135 3729 1380 3818 descriptionem

244 3860 350 3906 rerum
365 3836 526 3915 transitur,
543 3855 613 3899 cum
626 3835 745 3899 rectius
762 3834 861 3900 oratio
874 3832 1049 3918 perfectum
1062 3833 1247 3900 historicum
1260 3847 1380 3923 poscat.

244 3941 493 4025 Nonnunquam,
523 3938 579 4003 ubi
604 3939 778 4024 perfeetum
804 3946 987 4022 exspectes,
1010 3936 1196 4023 imperfecto
1226 3943 1383 4008 actionem

245 4047 289 4110 ita
311 4043 491 4110 incohatam
515 4061 584 4107 esse
601 4041 808 4125 significatur,
830 4049 866 4106 ut
881 4043 1041 4106 sententia
1056 4040 1215 4126 quaedam
1233 4048 1382 4111 conativa

245 4150 278 4213 in
300 4148 484 4232 imperfecto
506 4145 611 4210 inesse
633 4145 786 4210 videatur.

351 4256 378 4318 1.
425 4253 532 4337 Atque
555 4250 673 4335 passivi
696 4249 825 4335 quidem
848 4247 1065 4337 imperfectum
1089 4249 1139 4318 his
1159 4250 1243 4318 locis
1258 4254 1383 4344 legitur,

246 4355 299 4424 ubi
323 4355 501 4443 perfectum
525 4359 709 4440 exspectes:
