2956 4822
216 349 275 408 rru
367 427 370 434 Ι
737 341 826 423 [aas]

215 535 287 599 Hoe
309 543 426 610 autem,
449 555 519 597 oum
543 533 604 595 iam
628 532 787 595 redituum
810 533 1011 617 publicorum
1032 554 1105 617 pars
1120 532 1162 596 ad
1180 533 1352 597 Stiriorum

212 640 372 704 ciuitatem
389 639 574 723 pertineret,
598 638 636 699 ad
655 637 936 700 administrationis
952 644 1099 720 sumptus
1120 638 1352 720 comparandos

214 766 276 808 non
306 743 495 807 sufficiebat.
551 741 754 825 Quapropter
784 743 871 824 pacti
900 741 1117 805 additamento
1145 742 1353 805 constituitur

213 847 246 930 (ξ
262 849 325 928 13),
342 855 377 910 nt
394 855 515 909 eertum
532 844 693 929 quoddam
710 844 884 908 subsidium
902 847 946 909 eis
970 846 1106 910 aStiriis
1124 846 1228 928 detur,
1253 845 1349 929 quale

213 952 307 1015 etiam
332 951 507 1014 Persenses
531 971 550 1011 a
570 948 829 1012 Melitaeeusibus
853 951 1013 1033 accepisse
1035 929 1226 1013 memineris
1269 948 1350 1012 Cum

213 1065 319 1119 autem
336 1054 397 1117 illis
415 1053 584 1137 quotannis
599 1060 685 1117 certa
698 1051 854 1137 quaedam
869 1074 992 1117 summa
1005 1053 1160 1132 soluatur,
1177 1052 1227 1115 hio
1240 1054 1351 1134 semel,

212 1158 330 1222 seilicet
356 1157 439 1220 iutra
470 1163 622 1240 quattuor
651 1178 753 1220 annos
778 1177 797 1218 a
823 1164 917 1240 paeto
950 1157 1044 1232 inito,
1076 1158 1217 1241 quinque
1249 1159 1353 1222 minae

211 1272 384 1344 argenteae
407 1271 440 1325 et
463 1282 538 1345 ager
563 1259 691 1344 quidam
716 1260 861 1346 publicus
887 1261 1062 1325 Medeouiis
1093 1260 1196 1339 datur,
1230 1262 1351 1326 seilicet

212 1364 374 1449 phratrias
406 1366 533 1427 nomine
565 1364 731 1429 locandus.
782 1365 891 1448 Atque
924 1371 1079 1448 quantum
1111 1384 1151 1426 ex
1182 1364 1243 1426 hoo
1273 1386 1350 1449 agro

213 1471 384 1552 quotannis
408 1468 587 1532 Medeoniis
610 1468 749 1549 redierit,
784 1467 869 1553 quod
898 1469 1056 1531 nescimus
1088 1467 1260 1531 dolendum
1292 1475 1350 1534 est.

214 1571 364 1636 Ceterum
390 1574 515 1656 argenti
538 1594 670 1645 summa,
695 1574 818 1636 seilicet
841 1574 905 1636 fero
930 1572 970 1634 M.
987 1575 1060 1648 540,
1086 1594 1142 1656 pro
1165 1581 1251 1636 sorte
1275 1573 1352 1636 satis

213 1677 331 1760 exigua
355 1687 412 1756 est,
436 1678 461 1740 si
487 1677 635 1760 respicias
659 1675 849 1757 persensae,
873 1683 1098 1760 praeterquam
1129 1678 1214 1760 quod
1246 1684 1352 1740 extra·

213 1781 389 1843 ordinarios
427 1787 573 1864 sumptus
611 1800 722 1844 eorum
762 1779 982 1844 Melitueeuses
1022 1801 1132 1844 curare
1171 1780 1351 1855 iubeantur,

214 1884 383 1968 quotannis
407 1884 566 1967 accepisse
591 1883 632 1947 M.
652 1886 724 1949 385.
771 1883 879 1957 Quare
903 1884 941 1945 art
962 1891 1081 1947 certam
1098 1884 1260 1968 quandam
1285 1905 1350 1947 rem

214 1988 318 2071 potius
343 1987 575 2071 procurandam
599 1988 656 2050 has
681 1988 817 2072 quinque
840 1989 941 2052 minas
957 1988 1080 2051 solutas
1096 2010 1165 2051 osse
1185 1988 1350 2066 coniciam,

213 2111 307 2173 quam
331 2092 423 2155 sortis
447 2091 518 2155 loeo
543 2092 630 2154 ouius
655 2092 758 2155 usuris
782 2092 925 2174 phratria
948 2092 1115 2158 frueretur.

316 2193 464 2278 Denique
494 2217 651 2271 moneam,
682 2193 767 2278 quod
795 2195 812 2274 ξ
838 2198 877 2258 10
907 2197 1068 2277 statuitur,
1096 2216 1137 2258 no
1166 2196 1256 2258 alteri
1287 2196 1349 2258 utri

214 2299 336 2361 ciuitati
359 2298 452 2361 lineat
475 2300 515 2361 ab
538 2300 639 2361 altera
661 2298 821 2376 secedere,
845 2299 945 2362 multa
969 2301 1118 2383 imposita
1134 2302 1178 2363 eis
1195 2320 1254 2382 per
1269 2320 1349 2383 quos

215 2403 291 2465 haee
315 2403 366 2466 lex
385 2403 504 2466 uiolata
521 2405 571 2483 sit,
596 2404 656 2466 troo
672 2403 701 2465 in
720 2403 834 2466 ceteris
850 2404 949 2487 pactis
965 2425 1026 2466 non
1046 2424 1221 2485 occurrere,
1245 2423 1350 2485 neque

212 2507 296 2570 iuter
312 2505 534 2570 Melitaeenses
557 2513 589 2568 et
607 2506 782 2568 Pereouses
799 2507 863 2568 tale
887 2505 1062 2591 quidquam
1092 2515 1221 2589 paetum
1239 2506 1349 2581 uideri,

212 2630 283 2673 oum
306 2609 413 2673 arbitri
435 2616 588 2685 statuant,
614 2618 648 2672 ut
665 2609 876 2673 Peresusibus
894 2610 995 2687 liceat,
1018 2610 1042 2672 si
1060 2612 1170 2689 uelint,
1187 2611 1349 2673 ciuitatem

211 2735 230 2775 a
256 2713 514 2776 Melitaeensibus
536 2733 694 2797 separare.
