2956 4822
652 299 742 383 [2⁴9]
1210 248 1262 365 ο11

30 559 34 566 ,
130 513 226 577 quam
258 490 363 555 denuo
395 491 518 575 Pythus
555 492 749 556 montionem
783 493 868 558 lacit.
924 492 1005 556 Nam
1038 491 1143 577 μυχόν
1177 494 1265 556 illum

130 593 290 677 μαντήϊον,
321 616 415 679 quem
438 595 555 681 Apollo
587 595 678 675 colit,
709 597 958 678 intellegendum
984 618 1054 661 esse
1077 597 1267 684 Pythonem,
1359 662 1361 666 .

131 700 247 784 quippe
277 718 339 782 qua
370 700 399 762 in
430 699 508 762 urbo
540 708 624 763 esset
655 699 862 763 clarissimum
896 701 987 764 huius
1018 700 1070 765 dei
1098 700 1268 781 oraculum,

131 823 224 867 nemo
248 802 387 885 negabit.

236 905 357 970 Eadem
385 905 549 988 diligentia
573 907 763 986 Pindarum,
793 929 834 972 ne
866 908 1046 994 Pythonem
1078 908 1124 974 bis
1154 910 1268 973 eodem

132 1010 259 1074 nomine
292 1017 437 1090 vocaret,
469 1010 583 1073 vitasse
615 1012 828 1088 inveniemus,
857 1013 883 1075 si
914 1009 954 1074 ad
985 1033 1112 1077 carmen
1142 1019 1267 1076 sextum

132 1112 399 1179 considerandum
416 1113 614 1181 accedemus.
649 1114 733 1178 Nam
749 1115 810 1177 iam
827 1115 857 1177 iu
872 1138 901 1179 v.
915 1120 934 1180 3
951 1117 1006 1181 illa
1022 1117 1096 1181 urbs
1109 1117 1268 1191 locutione

131 1220 235 1282 minus
268 1220 386 1283 usitata
421 1220 595 1301 insignitur.
642 1216 802 1302 Ὀμφαλός
838 1219 923 1283 euim
957 1217 1118 1302 ἐριβρόμου
1149 1218 1268 1303 χθονός

131 1323 259 1407 proprie
283 1322 411 1407 quidem
433 1323 513 1407 lapis
538 1329 586 1385 cst
608 1321 741 1408 Delphis
771 1323 801 1385 in
825 1344 915 1387 sacro
938 1325 1026 1404 loco,
1061 1323 1114 1409 qui
1145 1313 1268 1388 medius

79 1499 83 1508 Ι
133 1427 243 1490 mundi
260 1427 398 1492 universi
414 1426 601 1508 habebatur,
625 1428 757 1511 positus,
773 1449 883 1492 verum
901 1428 950 1491 hio
967 1448 1030 1491 nou
1045 1427 1098 1491 ille
1114 1429 1195 1514 lapis
1211 1427 1266 1492 sed

132 1530 238 1616 Pytho
262 1530 410 1594 universe
434 1530 647 1612 intellegenda
672 1539 730 1595 est.
769 1532 855 1595 Anto
872 1531 1047 1595 Pindarum
1062 1538 1169 1595 autem
1186 1530 1267 1595 hanc

131 1633 380 1719 appellationem
401 1655 559 1718 nusquam
574 1633 614 1697 ad
630 1635 742 1698 urbem
758 1633 903 1718 Delphos
921 1635 1107 1699 translatam
1122 1634 1267 1718 legimus,

132 1759 204 1801 cum
227 1738 311 1823 apud
335 1737 515 1804 Homerum
538 1735 682 1822 ὀμφαλός
704 1740 829 1803 nonnisi
856 1740 896 1802 de
926 1739 1089 1803 hominum
1120 1739 1267 1803 umbilico

131 1841 301 1926 medioque
325 1848 486 1907 scutorum
520 1842 589 1906 loeo
620 1841 770 1907 eminenti
805 1841 928 1906 dicatur
958 1849 989 1904 et
1017 1842 1115 1907 semel
1144 1851 1268 1906 tantum

132 1948 166 2011 in
183 1945 328 2031 Odyssea
350 1946 424 2010 150
446 1944 603 2031 Calypsus
627 1947 788 2031 nymphae
812 1946 914 2010 insula
930 1946 1064 2031 Ortygia
1088 1947 1269 2010 nominetur

133 2048 272 2134 ὀμφαλὸς
282 2048 452 2132 θαλάσσης.
471 2049 587 2134 ltaque
600 2050 857 2115 verisimillimum
873 2071 944 2115 esse
956 2050 1083 2114 videtur
1093 2049 1268 2114 Pindarum

134 2154 186 2219 vel
201 2155 298 2218 aliurn
314 2160 442 2239 poetam
459 2154 590 2239 lyricum
607 2155 744 2239 primum
761 2154 821 2218 hac
837 2153 997 2218 locutione
1013 2143 1136 2240 Pythus
1153 2175 1266 2218 nornen

134 2259 290 2334 variasse,
322 2265 356 2321 ut
384 2259 485 2321 maior
515 2258 574 2321 sibi
603 2258 725 2323 dicendi
749 2260 843 2342 copia
874 2267 1072 2345 suppeteret.
1119 2257 1211 2333 Quod
1240 2259 1266 2321 si

134 2382 245 2425 verum
261 2362 312 2442 sit,
328 2361 370 2443 id,
388 2360 472 2445 quod
490 2362 578 2425 initio
595 2363 774 2444 statuimus,
791 2363 904 2426 mirum
921 2363 952 2425 in
970 2361 1099 2426 modum
1116 2363 1267 2440 firmetur,

134 2487 206 2529 cum
241 2486 281 2528 cx
316 2466 376 2530 hcc
409 2466 611 2550 potissimum
645 2476 815 2551 appareat,
858 2466 971 2551 quibus
1006 2468 1146 2532 artificiis
1179 2466 1268 2551 lyrici

133 2570 356 2653 repetitionem
374 2570 516 2634 eiusdem
532 2571 666 2634 nominis
679 2570 857 2635 vitaverint.
887 2570 955 2635 Nec
967 2572 1069 2635 miuus
1082 2572 1113 2635 in
1128 2594 1158 2635 r.
1173 2573 1268 2652 8-9,

135 2672 189 2737 ubi
212 2673 345 2757 legimus
368 2676 401 2737 ἐν
420 2674 600 2762 πολυχρύσῳ
624 2674 818 2762 Ἀπολλωνίᾳ
835 2674 928 2763 νάπᾳ,
951 2674 1074 2761 Pythus
1091 2697 1218 2756 nomeu,
1236 2681 1270 2739 ut

133 2778 193 2839 iam
210 2786 305 2841 antea
321 2778 496 2860 docuimus,
513 2799 571 2862 per
586 2777 736 2863 ambages
752 2777 910 2843 redditum
923 2787 982 2860 est,
1000 2802 1068 2844 cum
1082 2780 1267 2865 praesertim

134 2881 189 2944 illa
221 2881 298 2944 urbs
331 2889 464 2967 propter
502 2883 618 2947 multos
655 2882 823 2946 thesauros
852 2883 895 2946 ibi
927 2890 1106 2949 exstructos
1137 2890 1269 2970 perapte

134 2984 257 3048 dicatur
296 2985 364 3049 auri
403 2985 507 3072 plena.
560 2986 622 3050 Sed
661 2987 722 3049 iam
759 2988 790 3049 iu
820 3008 850 3051 v,
884 2990 923 3051 18
953 2987 1112 3051 Pindarus
1143 2987 1269 3073 Pythus

134 3109 248 3151 nomen
285 3088 430 3153 sollerter
467 3091 510 3152 ita
550 3091 700 3171 variavit,
738 3100 772 3155 ut
811 3111 936 3154 carmen
971 3113 1062 3155 suurn
1093 3091 1268 3176 gloriosam

134 3214 225 3257 curru
266 3201 388 3277 partam
425 3195 588 3258 victoriam
627 3196 784 3274 Κρισαίανς
823 3197 864 3258 ἔνι’
902 3203 1033 3278 πτυχαῖς
1069 3196 1269 3260 sermonibus

134 3297 295 3361 homiuum
319 3297 582 3363 denuntiatur-um
606 3321 676 3362 esse
699 3309 836 3364 caneret.
881 3299 995 3385 Neque
1017 3302 1101 3363 enim
1125 3299 1269 3364 Crisseae

132 3399 205 3464 illae
221 3402 320 3466 valles
339 3403 399 3467 hcc
415 3402 542 3487 quidem
559 3403 630 3467 loeo
647 3403 820 3487 quidquam
836 3403 920 3468 aliud
938 3426 1008 3468 esse
1025 3411 1157 3489 possunt
1176 3424 1269 3488 quam

133 3504 308 3591 Delphicae
331 3508 494 3572 convalles
516 3508 583 3569 sive
599 3505 704 3591 Pytho
720 3507 799 3590 ipsa,
824 3529 894 3571 cum
910 3515 995 3571 certe
1012 3529 1076 3572 nou
1095 3507 1221 3572 Orissae
1237 3509 1268 3572 in

134 3608 214 3673 urbe
223 3610 336 3689 vicina,
349 3610 403 3673 sed
413 3610 556 3696 Delphis,
570 3610 622 3674 ubi
636 3609 809 3674 certamina
821 3610 957 3694 fuerant,
968 3612 1050 3676 inter
1062 3612 1269 3677 comissantes

133 3714 250 3777 amicos
265 3713 368 3797 gloria
384 3716 511 3778 victoris
524 3713 692 3778 Pindarico
710 3716 849 3778 carmine
867 3715 1091 3780 celebraretur.
1126 3715 1269 3789 Quanto·

133 3837 209 3902 pere
232 3825 337 3881 autem
361 3839 460 3882 novas
485 3818 778 3882 circumlocutiones
802 3827 898 3902 pocta
921 3821 952 3884 in
974 3820 1095 3883 deliciis
1112 3819 1270 3901 habuerit,

135 3921 272 3986 maxime
297 3944 339 3986 ex
362 3943 400 3985 eo
424 3922 591 4006 colligitur,
621 3921 705 4005 quod
730 3943 769 3986 ne
792 3922 823 3984 in
848 3943 876 3988 r.
900 3927 940 3986 49
972 3923 1101 4008 quidem
1128 3924 1270 4008 priorem

133 4027 380 4110 appellationem
398 4027 524 4112 repetit,
548 4026 604 4091 sed
621 4028 652 4089 ἐν
667 4033 793 4108 μυχοῖσι
817 4029 967 4107 Πιερίδων
991 4029 1039 4108 tin
1055 4026 1270 4112 penetralibus

134 4128 313 4212 Pieridum)
335 4130 511 4215 sapientiae
534 4131 646 4194 florem
668 4152 687 4193 a
711 4128 911 4215 Thrasybulo
936 4131 1053 4194 victore
1084 4129 1270 4214 decerptum

135 4252 207 4296 esse
230 4232 403 4316 praedicat.
441 4231 555 4318 Neque
578 4234 662 4298 enim
678 4233 816 4299 dubitari
832 4240 949 4317 potest,
972 4235 1045 4319 quin
1062 4255 1120 4319 pro
1136 4234 1270 4320 Delphis

137 4335 372 4421 elegantissime
413 4337 588 4421 penetralia
626 4337 791 4402 Musarum
828 4337 999 4403 substituta
1036 4339 1116 4418 siut,
1154 4340 1270 4428 quippe
