3030 4816
207 302 225 365 c
331 274 333 279 ’
726 298 816 383 [aas]

204 491 289 555 Hinc
320 512 389 555 eam
420 513 543 577 quoque
573 513 687 555 novam
710 492 863 576 appellari
888 497 977 576 patet
999 492 1150 572 fabulam,
1183 494 1215 556 in
1237 516 1335 579 quam

206 616 246 659 ex
269 596 433 660 comoedia
462 604 600 680 aposta
623 597 800 681 antiquiore
823 597 977 661 translata
1005 618 1086 660 unus
1108 596 1193 662 locus
1215 598 1256 662 ab
1278 598 1335 662 illc

206 698 354 762 nimirum
376 699 615 783 praetermissus
637 700 677 763 sit
700 706 852 783 receptus.
1094 766 1098 775 Δ

308 803 346 866 In
369 802 497 866 Phorm.
520 802 600 887 prol.
624 824 654 866 v.
677 807 757 886 usq.
795 801 902 865 Luscii
925 800 1053 866 fabulae
1075 801 1206 867 alicuius
1228 802 1336 867 locum

206 906 408 990 reprehendit
420 906 597 991 Terentius,
610 928 705 991 qnam
721 906 862 970 fabulam
879 905 955 969 dicit
971 926 1040 969 cum
1054 908 1138 970 stetit
1153 906 1225 970 olim
1241 925 1337 989 uoua,

376 1029 504 1092 Actoris
526 1048 622 1111 opera
643 1029 746 1111 mucis
768 1028 886 1092 stetisse
907 1048 1001 1112 quam
1024 1048 1102 1108 sua;

207 1150 239 1213 in
262 1149 372 1214 eodem
395 1151 474 1234 prol.
497 1171 527 1215 v.
551 1151 592 1213 24
615 1171 679 1234 sq.:

311 1269 407 1337 Nuuc
428 1270 506 1355 quid
527 1270 620 1333 uelim
643 1271 784 1334 ouimum
806 1269 971 1333 attendite:
993 1270 1127 1353 adporto
1149 1289 1266 1334 ucuam

310 1374 598 1458 Epidicazommmu
621 1394 715 1459 quam
737 1381 853 1438 uocum
875 1374 1063 1438 comoediam

312 1476 436 1556 Graeci,
461 1476 573 1541 Latiui
596 1477 816 1541 Phormionem
838 1479 1011 1540 uomiuuut.

291 1598 329 1662 In
353 1597 470 1683 Hecyr.
494 1598 573 1682 prol.
589 1598 624 1661 II
646 1618 675 1661 r.
693 1601 712 1661 4
735 1619 781 1682 sq.
814 1597 851 1660 L.
867 1597 1035 1661 Ambivius
1054 1596 1173 1682 Turpio
1190 1597 1336 1663 dominus

205 1704 311 1787 gregis
334 1724 391 1765 sua
414 1701 453 1765 de
475 1701 637 1765 comoedia
653 1700 798 1764 Romana
822 1702 934 1764 merita
957 1701 1004 1764 his
1027 1702 1131 1766 verbis
1154 1712 1335 1765 enumerat:

309 1822 421 1888 Nouos
443 1824 497 1907 qui
518 1828 645 1886 exactus
664 1821 732 1905 feci
753 1828 787 1885 ut
809 1824 1082 1903 iumetmnsmrent,

311 1926 359 1992 Ne
383 1949 453 1990 curu
475 1934 565 2009 poeta
589 1928 752 2010 scriptura
777 1933 982 1990 euanescerct.

312 2029 354 2095 iu
376 2033 428 2110 eis,
451 2051 530 2116 quos
551 2034 688 2113 primum
713 2027 829 2093 Caecili
855 2031 954 2093 didici
975 2050 1085 2111 noceas,

310 2135 435 2198 Partim
459 2154 529 2196 sum
551 2155 658 2197 eurum
683 2141 821 2209 exactus,
842 2136 1041 2216 pertimuit
1063 2137 1142 2198 steti.

310 2240 391 2320 Quia
416 2239 529 2304 scidam
553 2238 680 2302 dubium
695 2238 869 2321 fortuitum
892 2260 954 2303 esse
977 2241 1161 2319 scaenicum,

311 2343 373 2426 Spe
395 2344 513 2406 incerto
538 2349 654 2405 certum
676 2341 754 2405 mihi
775 2342 912 2406 laborem
934 2344 1058 2422 sustuli,

310 2446 445 2509 Easdem
470 2468 562 2528 apere
586 2446 679 2529 coepi,
704 2452 737 2508 ut
761 2445 798 2508 ab
822 2447 924 2509 ecdem
938 2448 1031 2523 ,atius
1054 2447 1203 2511 discerem

309 2549 431 2616 Nouus„
456 2550 599 2629 studiose,
622 2570 659 2612 ue
681 2550 770 2613 iilum
793 2549 831 2612 ub
854 2551 958 2614 studia
980 2550 1171 2615 adducerem.

203 2669 375 2735 Praeterea
399 2694 428 2735 v.
453 2674 492 2734 ii
517 2692 580 2755 sq.:

310 2792 385 2856 Mea
408 2813 506 2856 ceusu
529 2812 659 2855 eausam
683 2792 815 2874 occipite
837 2798 864 2853 et
887 2791 959 2854 date
980 2791 1144 2873 sitentium,

315 2895 355 2958 Ut
378 2895 480 2959 irebeut
503 2895 636 2959 scribere
658 2894 732 2958 aliis
752 2895 886 2979 mittique
908 2902 943 2957 ut
966 2896 1084 2959 discere

308 2997 421 3063 Nouus
443 2999 588 3082 expediat
609 2999 738 3082 posthac
759 3001 860 3082 pretio
883 3007 1001 3084 emptus
1024 3022 1097 3065 mec.

203 3120 288 3184 Hinc
310 3129 443 3204 apparet
466 3142 563 3184 novas
586 3122 764 3184 comoedias
786 3121 872 3205 apud
891 3129 1082 3205 spectatores
1099 3124 1235 3206 primum
1251 3146 1333 3188 sem·

203 3243 259 3306 per
291 3232 377 3288 actas
407 3247 485 3304 essa,
518 3226 591 3307 quia
614 3246 713 3308 neque
737 3221 904 3308 ‘spectatae
927 3247 1030 3309 neque
1053 3224 1205 3309 cognitae'
1223 3237 1333 3309 erant;

203 3327 243 3390 cf.
266 3326 385 3412 Hecyr.
409 3328 489 3412 prol.
513 3328 529 3391 Ι
553 3349 581 3390 v.
608 3333 621 3390 1
647 3349 712 3411 sq.:

202 3462 379 3547 Hecyraest
402 3465 474 3528 duic
496 3485 605 3528 uomere
619 3465 774 3549 fabulae:
797 3465 873 3529 haec
889 3466 1035 3546 (Hecyra
1054 3466 1224 3549 Deiatzko)
1240 3489 1333 3552 quom

1138 3571 1246 3635 datast

200 3669 306 3753 Noua,
329 3674 357 3735 ei
379 3690 491 3735 ucucm
509 3664 681 3735 ‘iuter-uenit
703 3674 816 3735 uitium
839 3680 867 3735 et
890 3674 1064 3754 catamitus,

205 3772 245 3838 Ut
267 3797 391 3861 meque
411 3778 603 3859 spectari
624 3796 747 3861 ueque
769 3779 959 3861 eoqucsci
978 3779 1125 3860 potuerit.

304 3913 354 3977 Ex
385 3914 433 3978 his
467 3935 544 3999 quos
573 3915 736 3978 attulimus
764 3916 842 3978 locis
874 3923 1005 3999 apparet
1034 3937 1149 3979 novam
1182 3939 1243 3980 non
1278 3940 1333 4003 ap-

202 4016 314 4101 paliari
338 4018 543 4098 comoediam,
567 4018 626 4081 nisi
648 4039 729 4101 quae
752 4041 791 4081 ex
810 4019 932 4082 Graeca
955 4018 1063 4082 fabula
1088 4041 1107 4082 a
1130 4021 1215 4084 nullo
1237 4029 1333 4086 antea

202 4122 322 4185 comico
345 4120 461 4184 Latino
486 4141 636 4185 conversa
659 4122 699 4185 sit
722 4143 872 4205 expressa
894 4123 1067 4207 cademque
1086 4124 1223 4207 primum
1245 4126 1331 4208 apud

202 4231 394 4307 spectatores
416 4225 499 4288 data.

303 4325 352 4390 De
385 4328 473 4392 novis
504 4318 671 4392 comoediis
698 4329 837 4394 Terentii
868 4337 972 4396 aetate
996 4351 1161 4395 censuram
1187 4331 1262 4397 satis
1284 4352 1333 4398 se·
