2948 4808
563 253 777 313 ..17-

99 443 174 520 ταῖς
190 440 330 523 Σεμναῖς
345 440 445 516 Θεαῖς
462 432 631 523 ἱεροποιὸν
646 435 821 526 αἱρεθέντα
836 436 872 519 έξ
883 433 1072 526 Ἀθηναίων
1083 433 1239 508 ἁπάντων

100 538 235 628 τρίτον
266 534 366 607 αὐτὸν
395 539 451 606 καί
479 537 723 628 καταρξάμενον
753 542 817 608 τῶν
840 539 942 630 ίεριῦν.
988 544 1088 610 Cuius
1112 548 1240 612 numeri

103 647 248 712 scholion
272 645 313 710 ad
337 645 418 711 haee
441 645 544 711 verba
566 647 768 733 adscriptum
791 669 922 712 causam
946 648 1041 712 affert
1065 649 1239 715 infeliciter

102 750 336 835 excogitatam:
368 751 455 834 τρεῖς
476 746 512 813 δὲ
526 742 608 827 ἴσως
621 746 804 836 ἐπέστησαν
820 748 894 816 ἐπεὶ
911 748 968 815 καί
983 754 1070 837 τρεῖς
1086 751 1238 818 δοκοῦσιν

100 845 184 918 εἶναι
212 849 248 919 αἱ
275 848 373 918 decl:
404 853 534 918 omniuo
557 852 690 939 Ulpiani
717 855 772 939 qui
796 854 916 919 dieitur
939 854 979 919 ad
1002 854 1236 921 Demosthenis

102 958 265 1022 orationes
300 956 424 1022 scholia
459 956 626 1022 sublestae
656 956 732 1022 fidei
762 979 836 1024 esse
867 965 1005 1024 constat.
1056 959 1166 1046 Atque
1197 983 1240 1026 ex

103 1062 175 1149 ipsa
197 1068 367 1128 auctorum
390 1062 611 1147 discrepantia
629 1062 749 1148 prodiit
770 1063 936 1129 adnotatio
952 1064 1061 1129 Photii
1077 1067 1238 1130 incertum

104 1165 220 1231 horum
239 1187 411 1230 numerum
428 1188 500 1231 esse
519 1165 723 1231 affirmantis:
748 1160 814 1232 εἶσὶ
834 1164 942 1232 δὲκαὶ
958 1159 1053 1234 ίίλλοι
1073 1163 1237 1255 ἱεροποιοὶ

104 1270 168 1334 τῶν
196 1270 326 1352 Σεμνῶν
352 1272 458 1349 Θεῶν,
489 1265 527 1336 οἳ
550 1264 607 1337 τὸν
634 1262 781 1355 ἀριθμόν
814 1265 897 1336 εἰσιν
926 1263 1087 1357 ἀόριστοι.
1140 1273 1238 1338 Certe

101 1374 184 1438 nihil
221 1374 413 1459 relinquitur
447 1373 508 1438 nisi
543 1380 578 1438 ut
608 1373 768 1439 Boeckhii
800 1376 997 1439 sententiam
1030 1375 1114 1457 (occ.
1148 1376 1239 1463 publ.

100 1478 221 1543 Athen.
244 1477 261 1541 I
284 1501 315 1564 p.
332 1478 436 1563 acad)
468 1478 718 1565 amplectamur,
747 1478 910 1544 diversum
940 1481 1071 1546 illorum
1099 1481 1238 1547 diversis

101 1581 303 1668 temporibus
327 1603 497 1648 numerum
520 1582 632 1647 fuisse.

187 1689 216 1753 3.
246 1686 442 1761 Quattuor
466 1687 719 1752 sacrificulorum
743 1688 919 1774 collegium
937 1690 1075 1753 occurrit
1091 1688 1124 1752 in
1143 1689 1239 1775 pagi

99 1790 291 1856 Aexonae
314 1790 447 1855 decreto
465 1790 501 1856 C.
513 1791 539 1856 I.
550 1790 592 1856 Α.
607 1790 730 1855 11581:
755 1793 963 1878 doemonicae
978 1784 1085 1856 αὐτῶν
1100 1789 1238 1858 ἕκαστον

100 1893 229 1959 θαλλοῦ
257 1889 424 1981 στεφάνως
450 1886 693 1982 Ἀντίχαρλμ]ον
716 1888 901 1973 Ναύσωνος,
924 1887 1160 1982 Κα[λλ’ί]αρχον
1189 1895 1238 1978 (9)

101 1995 323 2083 Χαιριμένους,
345 1992 506 2064 Θεόδοτον
518 1993 721 2085 Αίσχρωνος,
735 1991 946 2085 Ἀριστονλέα
961 1998 1238 2085 (Κ)αλλιφιι”ιντος.

100 2099 192 2165 Idem
210 2107 302 2166 extat
318 2121 473 2167 numerus
493 2102 532 2165 in
549 2103 738 2190 tetrapoli
755 2103 908 2167 Attica:
926 2102 1034 2167 Mitth.
1048 2102 1098 2166 III
1112 2123 1143 2188 p.
1160 2104 1214 2165 261
1232 2126 1239 2175 ;

104 2210 255 2288 quattuor
279 2212 355 2270 sunt
378 2228 421 2272 ex
446 2207 581 2292 singulis
607 2206 733 2294 oppidis
757 2212 792 2271 ut
812 2230 872 2294 par
888 2214 939 2272 est
955 2208 1088 2293 singuli:
1113 2212 1236 2293 Μαρα-

105 2303 233 2390 θώνιος,
254 2305 477 2397 Τρικορέσιος,
498 2305 640 2391 Οίναῖος,
659 2307 893 2397 Προβαλίσιος.
932 2311 1024 2375 Nihil
1043 2310 1084 2376 de
1101 2333 1237 2376 numero

105 2411 257 2478 docemur
280 2436 322 2479 ex
346 2415 410 2479 alio
434 2415 511 2500 pagi
535 2416 629 2479 titulo
652 2415 760 2479 Mitth.
784 2414 833 2479 IV
848 2418 921 2479 201.

185 2516 294 2582 Etiam
310 2520 344 2582 in
359 2518 454 2583 titulo
466 2518 627 2583 Rossiano
644 2518 684 2584 de
698 2518 803 2584 demis
815 2520 883 2584 Att.
896 2541 928 2583 n.
941 2522 992 2599 21,
1008 2518 1048 2585 de
1065 2539 1127 2604 quo
1141 2538 1240 2602 supra

98 2643 130 2707 p.
157 2623 176 2684 9
206 2620 289 2703 dixi,
320 2622 399 2686 licet
428 2620 545 2686 dextra
571 2643 647 2709 pars
675 2623 845 2688 marmoris
870 2622 1017 2703 deficiat,
1048 2627 1239 2708 quattuor

97 2726 267 2790 recenseri
304 2724 458 2790 videntur
496 2727 688 2808 sacrificuli,
726 2728 752 2791 si
798 2726 929 2812 quidem
972 2727 1115 2790 omnium
1155 2746 1237 2809 quae

95 2850 165 2894 uss.
191 2831 210 2892 3
241 2835 274 2894 et
300 2834 319 2892 4
353 2830 430 2894 olim
467 2831 589 2916 scripta
626 2831 757 2895 luerunt
789 2831 954 2894 nominum
988 2830 1128 2914 vestigia
1163 2834 1239 2891 sunt

97 2937 241 2997 servata.
296 2933 381 2997 Nam
408 2939 491 3000 val
520 2926 715 3021 Ἀρτέμμδι]
746 2934 866 2997 rectius
899 2953 997 3016 quam
1020 2953 1138 2997 nomen
1162 2953 1236 3017 pro-

97 3037 205 3123 prium
241 3037 413 3102 sacrificuli
444 3036 549 3122 (velut
579 3029 833 3123 Ἀρτεμίὸωρος)
866 3035 1064 3122 explendum
1098 3033 1237 3099 Rossius

98 3142 227 3215 statuit;
252 3141 374 3207 ibidem
397 3141 506 3206 addito
529 3133 694 3227 ἀνέθηκαν
717 3140 813 3205 facile
837 3160 996 3206 caremus.

186 3244 338 3333 Denique
352 3252 537 3332 quattuor
552 3250 627 3310 sunt
639 3245 812 3310 sacrificuli
825 3244 941 3310 Delii.
970 3243 1022 3308 Dc
1035 3241 1151 3328 quibus
1164 3263 1236 3305 cum

98 3351 163 3415 alia
179 3352 366 3417 testimonia
382 3357 458 3417 sunt
474 3358 613 3432 servata,
634 3356 703 3414 tum
719 3351 862 3414 rationes
879 3349 1036 3413 bonorum
1054 3369 1235 3411 sacrorum:

99 3455 136 3523 O.
158 3455 185 3522 Ι.
210 3455 249 3521 G.
273 3455 460 3538 112953b,
484 3453 751 3521 LeBas-Wadd.
773 3453 809 3518 II
836 3456 931 3533 2092,
956 3452 1042 3518 Bull.
1065 3450 1100 3514 II
1124 3474 1155 3537 p.
1172 3454 1235 3514 570

97 3581 165 3645 sqq.
195 3559 242 3623 VI
277 3563 351 3647 p.6
384 3581 453 3645 sqq.
519 3559 620 3622 Tituli
656 3558 771 3622 ultimo
809 3556 881 3621 loco
914 3554 1093 3621 enumerati
1123 3575 1169 3619 vs.
1204 3558 1234 3617 l:

98 3657 221 3749 Λόγος]
254 3658 430 3749 ἱεροποιῶν
451 3662 516 3727 τῶν
539 3655 816 3748 ίεροιτοιησοίντων
838 3654 895 3725 τὸν
917 3651 1064 3723 ἐνιαυτὸν
1093 3650 1151 3721 τὸν
1180 3653 1236 3720 ἐπ’

97 3759 251 3853 ἄρχοντος
288 3765 458 3854 Δημάρου,
493 3759 698 3854 Ἀμφοτέρου
731 3764 791 3829 τοῦ
827 3756 1011 3850 Ἀριστέου,
1048 3758 1234 3839 Πολυξένου

96 3871 157 3935 τοῦ
177 3868 418 3958 Παρμενίωνος,
444 3870 581 3957 Σιληνοῦ
600 3870 660 3936 τοῦ
682 3867 829 3954 Σιληνοῦ,
856 3860 1032 3931 cathmor)
1053 3864 1113 3929 τοῦ
1140 3857 1234 3929 Ἀκε-

96 3972 278 4064 σιμβρότου
316 4002 346 4045 κ.
373 4004 401 4043 τ.
429 3978 473 4056 λ.;
508 3978 606 4043 iidem
641 3984 716 4041 sunt
752 3997 817 4040 vss.
847 3976 898 4038 39.
928 3978 979 4036 51.
1009 3975 1059 4039 72.
1089 3975 1158 4036 164.
1192 4011 1234 4020 -

96 4083 184 4147 Bull.
208 4083 242 4146 ΙΙ
265 4105 296 4168 p.
314 4086 376 4147 570
400 4105 446 4148 vs.
465 4087 518 4146 11:
542 4082 602 4167 (sc.
626 4075 782 4166 στάμνον)
806 4067 843 4143 ὃν
865 4072 987 4142 ἔθεσαν
1010 4072 1174 4161 ίεροιτοιοὶ
1199 4073 1230 4141 oi

96 4182 168 4272 ἐντί]
193 4178 346 4272 ίίρχοντος
369 4181 583 4275 Δημᾶ[κ]ο[υ]
606 4179 798 4264 Πολύξενος,
822 4174 1063 4268 Ἀμφότερολς],
1089 4173 1232 4266 Σιληνός,

1008 4283 1025 4338 2
