2962 4800
233 275 272 336 12
765 272 833 356 [aa]

230 463 373 527 refertur.
419 464 526 547 Atque
548 471 583 526 ut
606 463 749 525 omittam
766 484 877 526 versus
894 464 946 546 qui
963 463 1025 527 huc
1041 467 1214 547 pertinere
1233 469 1389 535 videntur

230 565 409 649 Plautinos,
433 565 635 630 conferantur
657 566 691 628 hi
713 565 774 629 loci
798 586 815 629 e
839 565 999 632 Ciceronis
1031 569 1244 637 orationibus
1281 574 1389 654 petiti:

332 690 364 753 p.
389 669 515 734 Oluent.
541 671 581 730 29
604 668 621 749 §
645 670 703 731 80:
734 674 768 731 at
791 674 871 732 turn
902 671 931 731 si
953 670 1098 751 dicerem,
1131 692 1202 736 more
1236 677 1387 741 audirer.

230 796 259 858 p.
290 773 373 838 Sest.
407 775 447 836 29
482 772 499 853 §
533 774 592 836 63:
640 778 728 851 utque
763 773 830 855 ille,
861 775 955 836 etium
988 776 1016 838 si
1053 776 1120 838 ullu
1156 780 1321 861 quapiam
1358 782 1389 842 ui

229 877 433 959 expelleretur
448 877 500 940 ill
509 877 521 939 l
529 895 544 938 a
567 874 820 957 temporibus
836 895 874 938 ec
888 876 948 939 luc
964 877 1049 956 urle,
1070 878 1175 954 focile
1190 887 1386 961 pateretur:

229 979 339 1041 etenim
360 968 419 1059 qui
428 979 590 1061 superiore
606 999 689 1041 urrrro
705 985 817 1041 screatu
833 979 996 1059 corruisset,
1020 996 1078 1059 quc
1094 981 1123 1042 el
1146 986 1231 1044 tum
1249 987 1384 1067 cerriret,

228 1101 275 1144 me
290 1088 393 1145 lumen
409 1084 526 1145 socium
541 1101 672 1145 sucrum
685 1083 719 1145 iu
732 1103 766 1145 re
776 1081 907 1165 publica
920 1083 1121 1146 consiliorum
1138 1086 1253 1152 cidere
1265 1096 1383 1171 poseat,

229 1186 257 1248 is
280 1204 375 1265 aequo
398 1186 504 1249 arrium
528 1234 535 1248 .
560 1235 567 1249 .
592 1236 599 1250 .
623 1188 657 1248 ln
679 1186 739 1249 lmc
761 1184 836 1248 urle
857 1206 921 1248 esee
941 1185 1068 1268 posset?

332 1287 486 1353 Attamen
510 1289 643 1351 multum
674 1289 782 1367 abest,
814 1293 848 1350 ut
879 1287 1006 1351 omniuo
1037 1292 1379 1372 repraesentationem

228 1390 315 1453 illam
338 1392 472 1455 actionis
494 1391 685 1475 praeteritae
709 1392 777 1455 fieri
800 1412 893 1474 posse
908 1411 1029 1474 negem.
1063 1391 1165 1456 Velut
1181 1413 1379 1476 repraesen-

230 1495 308 1556 tatio
332 1493 417 1557 haud
442 1494 536 1557 dubie
567 1493 770 1576 agnoscenda
793 1493 917 1557 videtur
939 1492 978 1556 ad
995 1493 1064 1557 Att.
1087 1494 1122 1557 ΙΙ
1145 1497 1202 1577 21,
1226 1500 1267 1559 4:
1291 1505 1322 1561 et
1344 1504 1379 1560 ut

229 1597 365 1680 Apellea,
387 1599 416 1661 al
443 1595 619 1662 Venerem.
645 1645 651 1658 .
675 1644 682 1659 .
707 1646 714 1660 .
740 1618 834 1661 cucrro
851 1597 976 1661 oblitum
998 1598 1035 1660 ci
1043 1597 1180 1678 deret,
1205 1620 1376 1684 caeparum,

231 1700 333 1779 credo,
359 1722 403 1764 uc
414 1702 568 1784 ciperet
584 1701 732 1784 dolorem,
754 1703 800 1764 sic
817 1721 873 1784 epo
887 1700 970 1765 luue
987 1752 994 1765 .
1013 1751 1019 1765 .
1037 1751 1044 1766 .
1062 1748 1069 1763 .
1084 1721 1149 1765 uou-
1170 1704 1239 1766 siue
1258 1725 1377 1788 rrmpno

231 1803 339 1867 dolore
370 1804 454 1885 ctum
494 1825 532 1868 ac
563 1803 699 1868 fortasse
740 1804 835 1868 etiam
868 1826 900 1889 p.
930 1805 1024 1869 Rosc.
1054 1804 1129 1871 Am.
1161 1807 1204 1868 36
1241 1806 1261 1888 ξ
1295 1809 1376 1871 103;

229 1906 429 1990 Africanus,
455 1910 507 1989 qul
530 1929 586 1972 suo
610 1908 789 1992 copuomiuc
812 1907 955 1972 declarat
978 1909 1105 1971 tertiam
1124 1915 1255 1991 partem
1288 1910 1374 1974 ortis

230 2015 391 2074 terrorum
413 2031 445 2075 ee
466 2011 629 2094 aulepiase,
653 2018 766 2092 tormen,
790 2012 896 2075 eisuu
919 2032 971 2075 res
993 2017 1211 2094 operetur,
1235 2016 1375 2078 testimo-

230 2116 318 2177 uium
341 2135 404 2178 uon
435 2115 612 2196 diceret;
641 2135 716 2178 uum
745 2114 826 2178 illud
856 2116 889 2177 ln
918 2115 1011 2178 telem
1039 2114 1141 2176 cirum
1172 2135 1238 2178 uon
1269 2118 1373 2181 audeo

231 2217 351 2281 dicere:
373 2220 402 2282 al
424 2219 596 2301 diceret,
619 2239 683 2282 uou
706 2219 957 2283 crederetur.

334 2319 483 2384 Halmius
502 2320 628 2405 quidem
647 2323 873 2405 interpretatus
890 2328 938 2384 est
955 2321 1070 2384 eliceret
1082 2348 1123 2372 =
1141 2320 1229 2384 tetre
1244 2332 1372 2407 peeupt,

231 2443 302 2485 cum
325 2423 391 2487 fieri
415 2424 536 2508 aliquid
559 2425 707 2508 possein
737 2424 907 2507 praeterito
940 2431 1082 2508 tempore
1114 2424 1372 2507 significaretur3

229 2525 369 2611 itemque
399 2527 430 2590 iu
461 2527 586 2606 diceret,
620 2527 797 2591 crederetur
819 2526 928 2591 formis
951 2528 1054 2591 inesse
1075 2528 1295 2610 potentialem
1318 2531 1372 2614 qui

231 2637 362 2693 vocatur
394 2631 555 2715 praeteriti
586 2629 725 2693 modum.
773 2630 894 2694 Tamen
924 2628 1071 2714 equidem
1095 2630 1198 2694 minus
1226 2632 1371 2715 longea

230 2752 305 2796 vero
329 2733 440 2797 abesse
461 2742 538 2818 puto
561 2733 860 2817 repraesentationis
884 2755 963 2798 voce
986 2754 1061 2796 usus
1084 2732 1124 2795 ad
1140 2733 1248 2796 locum
1268 2735 1370 2819 expli·

230 2836 376 2900 candum.
422 2835 561 2899 Africani
584 2837 666 2901 enim
690 2838 807 2921 imago,
835 2857 898 2921 quo
922 2858 1015 2900 nemo
1041 2856 1176 2920 usquam
1201 2835 1370 2902 Ciceronis

231 2939 360 3022 quidem
382 2938 499 3003 iudicio
523 2940 645 3004 exstitit
662 2938 787 3022 dignior
803 2960 897 3024 quem
917 2939 1117 3003 imitarentur
1132 2938 1282 3020 Romani,
1306 2949 1371 3004 tam

231 3043 316 3105 clara
343 3043 531 3107 obversatur
562 3047 637 3107 anto
670 3041 779 3107 oculos
812 3043 945 3106 cratoris
973 3050 1101 3125 tamque
1132 3062 1229 3127 saepe
1258 3044 1302 3107 ab
1331 3065 1370 3107 eo

231 3144 374 3210 eiusdem
397 3146 452 3208 viri
469 3147 651 3231 exemplum
667 3145 708 3210 ad
722 3145 910 3210 imitandum
927 3146 1124 3230 proponitur,
1150 3151 1195 3225 ut,
1211 3147 1238 3210 si
1255 3156 1369 3211 nostro

230 3270 376 3313 sermone
407 3248 459 3313 ille
490 3248 537 3311 uti
567 3250 734 3332 potuisset,
768 3249 827 3332 his,
860 3248 918 3314 nisi
947 3248 1057 3324 fallor,
1089 3248 1194 3311 verbis
1224 3247 1371 3314 dicturus

230 3352 343 3416 fuerit:
374 3351 556 3437 Africanus
590 3352 696 3416 mltrde
726 3356 784 3429 (ac.
816 3374 904 3416 rcemr
938 3373 972 3414 er
1006 3350 1094 3431 lette)
1126 3349 1199 3414 lreiu
1228 3351 1371 3436 Zcupuia

230 3455 372 3538 utpebeu.

332 3560 444 3644 Itaque
465 3561 541 3623 licet
563 3560 866 3643 repraesentationis
890 3558 1035 3623 doctrina
1050 3557 1177 3622 omnino
1194 3579 1259 3623 non
1277 3568 1370 3626 uton-

231 3661 307 3725 dum
330 3683 398 3726 ease
421 3663 549 3727 minime
568 3663 775 3745 affirmemus,
805 3671 911 3727 tamen
935 3684 954 3725 a
977 3662 1185 3746 plurimorum
1218 3660 1368 3728 locorum

230 3763 492 3849 interpretatione
518 3787 588 3830 eam
612 3764 841 3849 prohibendam
866 3787 936 3829 esse
960 3785 1085 3829 censae.

334 3867 446 3953 Neque
480 3871 552 3953 plus
590 3868 725 3955 profecit
760 3869 906 3953 Dracger
939 3869 979 3931 ad
1018 3866 1243 3932 illustrandum
1282 3870 1373 3935 illum

231 3972 421 4036 coniunctivi
449 3994 551 4051 urum,
580 3993 651 4035 cnm
678 3971 798 4037 diceret
828 3972 915 4056 impl.
940 3971 1174 4036 coniunctirum
1208 3994 1283 4039 esse
1315 3997 1372 4060 po·

231 4076 325 4140 situm
348 4097 406 4160 pro
424 4077 503 4141 coni.
521 4077 638 4161 plusq.;
662 4076 774 4159 quibua
791 4076 898 4139 rcrbis
914 4076 992 4138 nihil
1008 4075 1068 4138 nisi
1084 4078 1372 4156 grammaticorum

231 4185 372 4241 veterum
396 4178 437 4240 de
459 4177 631 4242 formarum
662 4177 807 4260 enallage
833 4178 1012 4243 doctrinam
1040 4175 1166 4239 ridetur
1197 4182 1374 4247 recoxisse.

232 4279 300 4345 Nec
322 4287 428 4347 tamen
452 4280 624 4347 defuerunt
647 4281 854 4364 grammatici,
878 4282 932 4366 qui
954 4280 1082 4366 propius
1105 4280 1304 4351 accederent
1335 4285 1376 4351 ad
