<?xml version="1.0" encoding="UTF-8"?>
<!DOCTYPE html PUBLIC "-//W3C//DTD XHTML 1.0 Transitional//EN"
    "http://www.w3.org/TR/xhtml1/DTD/xhtml1-transitional.dtd">
<html xmlns="http://www.w3.org/1999/xhtml" xml:lang="en" lang="en">
 <head>
  <title>
</title>
<meta http-equiv="Content-Type" content="text/html;charset=utf-8" />
  <meta name='ocr-system' content='tesseract 3.04.00' />
  <meta name='ocr-capabilities' content='ocr_page ocr_carea ocr_par ocr_line ocrx_word'/>
</head>
<body>
  <div class='ocr_page' id='page_1' title='image "./dissertationesp00stragoog/dissertationesp00stragoog_0455.png"; bbox 0 0 2956 4822; ppageno 0'>
   <div class='ocr_carea' id='block_1_1' title="bbox 243 303 857 389">
    <p class='ocr_par' dir='ltr' id='par_1_1' title="bbox 243 303 857 389">
     <span class='ocr_line' id='line_1_1' title="bbox 243 303 857 389; baseline 0.007 -23"><span class='ocrx_word' id='word_1_1' title='bbox 243 305 284 368; x_wconf 79' lang='lat' dir='ltr'>u</span> <span class='ocrx_word' id='word_1_2' title='bbox 766 303 857 389; x_wconf 86' lang='lat'>[140]</span> 
     </span>
    </p>
   </div>
   <div class='ocr_carea' id='block_1_2' title="bbox 239 494 1381 1308">
    <p class='ocr_par' dir='ltr' id='par_1_2' title="bbox 239 494 1381 1308">
     <span class='ocr_line' id='line_1_2' title="bbox 240 494 1380 582; baseline 0.002 -23"><span class='ocrx_word' id='word_1_3' title='bbox 240 495 396 560; x_wconf 88' lang='lat' dir='ltr'>rationem</span> <span class='ocrx_word' id='word_1_4' title='bbox 427 494 605 561; x_wconf 76' lang='lat' dir='ltr'>habendam</span> <span class='ocrx_word' id='word_1_5' title='bbox 643 517 712 560; x_wconf 88' lang='lat' dir='ltr'>esse</span> <span class='ocrx_word' id='word_1_6' title='bbox 744 496 870 562; x_wconf 89' lang='lat' dir='ltr'>uideret</span> <span class='ocrx_word' id='word_1_7' title='bbox 901 496 944 578; x_wconf 86' lang='lat' dir='ltr'>(v.</span> <span class='ocrx_word' id='word_1_8' title='bbox 979 499 1029 562; x_wconf 84' lang='lat'>90.</span> <span class='ocrx_word' id='word_1_9' title='bbox 1061 495 1116 573; x_wconf 73' lang='lat'>91)</span> <span class='ocrx_word' id='word_1_10' title='bbox 1142 532 1180 542; x_wconf 91' lang='lat'>·-</span> <span class='ocrx_word' id='word_1_11' title='bbox 1204 496 1380 582; x_wconf 89' lang='lat' dir='ltr'>perieulum</span> 
     </span>
     <span class='ocr_line' id='line_1_3' title="bbox 241 600 1381 687; baseline 0.004 -25"><span class='ocrx_word' id='word_1_12' title='bbox 241 600 324 662; x_wconf 89' lang='lat' dir='ltr'>enim</span> <span class='ocrx_word' id='word_1_13' title='bbox 348 609 426 678; x_wconf 89' lang='lat' dir='ltr'>erat,</span> <span class='ocrx_word' id='word_1_14' title='bbox 451 623 489 665; x_wconf 91' lang='lat' dir='ltr'>ne</span> <span class='ocrx_word' id='word_1_15' title='bbox 513 601 641 664; x_wconf 89' lang='lat' dir='ltr'>insolita</span> <span class='ocrx_word' id='word_1_16' title='bbox 664 601 824 667; x_wconf 92' lang='lat' dir='ltr'>hominum</span> <span class='ocrx_word' id='word_1_17' title='bbox 849 601 1049 665; x_wconf 89' lang='lat' dir='ltr'>multitudine</span> <span class='ocrx_word' id='word_1_18' title='bbox 1074 609 1193 676; x_wconf 86' lang='lat' dir='ltr'>coacta,</span> <span class='ocrx_word' id='word_1_19' title='bbox 1217 601 1327 687; x_wconf 91' lang='lat' dir='ltr'>iuopia</span> <span class='ocrx_word' id='word_1_20' title='bbox 1350 609 1381 666; x_wconf 86' lang='lat' dir='ltr'>et</span> 
     </span>
     <span class='ocr_line' id='line_1_4' title="bbox 239 704 1380 790; baseline 0.002 -23"><span class='ocrx_word' id='word_1_21' title='bbox 239 704 340 768; x_wconf 82' lang='lat' dir='ltr'>fames</span> <span class='ocrx_word' id='word_1_22' title='bbox 370 712 517 770; x_wconf 82' lang='lat' dir='ltr'>ororetur</span> <span class='ocrx_word' id='word_1_23' title='bbox 541 740 583 748; x_wconf 94' lang='lat'><em>-</em></span> <span class='ocrx_word' id='word_1_24' title='bbox 605 704 637 768; x_wconf 94' lang='lat' dir='ltr'>id</span> <span class='ocrx_word' id='word_1_25' title='bbox 670 704 755 789; x_wconf 93' lang='lat' dir='ltr'>quod</span> <span class='ocrx_word' id='word_1_26' title='bbox 779 706 908 770; x_wconf 89' lang='lat' dir='ltr'>minime</span> <span class='ocrx_word' id='word_1_27' title='bbox 931 707 1101 790; x_wconf 79' lang='lat' dir='ltr'>probabat,</span> <span class='ocrx_word' id='word_1_28' title='bbox 1124 706 1302 770; x_wconf 79' lang='lat' dir='ltr'>concedere</span> <span class='ocrx_word' id='word_1_29' title='bbox 1325 728 1380 770; x_wconf 84' lang='lat' dir='ltr'>rex</span> 
     </span>
     <span class='ocr_line' id='line_1_5' title="bbox 239 807 1380 895; baseline 0.003 -25"><span class='ocrx_word' id='word_1_30' title='bbox 239 815 370 872; x_wconf 86' lang='lat' dir='ltr'>coactus</span> <span class='ocrx_word' id='word_1_31' title='bbox 387 815 445 872; x_wconf 86' lang='lat' dir='ltr'>est.</span> <span class='ocrx_word' id='word_1_32' title='bbox 482 809 574 873; x_wconf 91' lang='lat' dir='ltr'>Haeo</span> <span class='ocrx_word' id='word_1_33' title='bbox 597 808 665 872; x_wconf 91' lang='lat' dir='ltr'>siue</span> <span class='ocrx_word' id='word_1_34' title='bbox 687 807 785 872; x_wconf 93' lang='lat' dir='ltr'>duhio</span> <span class='ocrx_word' id='word_1_35' title='bbox 808 830 906 873; x_wconf 87' lang='lat' dir='ltr'>causa</span> <span class='ocrx_word' id='word_1_36' title='bbox 929 819 986 887; x_wconf 88' lang='lat' dir='ltr'>est,</span> <span class='ocrx_word' id='word_1_37' title='bbox 1010 808 1096 895; x_wconf 93' lang='lat' dir='ltr'>quod</span> <span class='ocrx_word' id='word_1_38' title='bbox 1113 810 1258 894; x_wconf 87' lang='lat' dir='ltr'>pluribus</span> <span class='ocrx_word' id='word_1_39' title='bbox 1274 810 1380 874; x_wconf 91' lang='lat' dir='ltr'>uerbis</span> 
     </span>
     <span class='ocr_line' id='line_1_6' title="bbox 239 912 1377 998; baseline 0.003 -25"><span class='ocrx_word' id='word_1_40' title='bbox 239 916 272 974; x_wconf 89' lang='lat' dir='ltr'>et</span> <span class='ocrx_word' id='word_1_41' title='bbox 295 913 398 975; x_wconf 88' lang='lat' dir='ltr'>minus</span> <span class='ocrx_word' id='word_1_42' title='bbox 422 912 516 996; x_wconf 88' lang='lat' dir='ltr'>plane</span> <span class='ocrx_word' id='word_1_43' title='bbox 540 912 619 976; x_wconf 88' lang='lat' dir='ltr'>haee</span> <span class='ocrx_word' id='word_1_44' title='bbox 641 912 873 996; x_wconf 80' lang='lat' dir='ltr'>paragraphus,</span> <span class='ocrx_word' id='word_1_45' title='bbox 897 934 992 996; x_wconf 91' lang='lat' dir='ltr'>quam</span> <span class='ocrx_word' id='word_1_46' title='bbox 1018 922 1156 995; x_wconf 87' lang='lat' dir='ltr'>ceterae,</span> <span class='ocrx_word' id='word_1_47' title='bbox 1178 914 1299 998; x_wconf 88' lang='lat' dir='ltr'>scripta</span> <span class='ocrx_word' id='word_1_48' title='bbox 1322 923 1377 979; x_wconf 92' lang='lat' dir='ltr'>est.</span> 
     </span>
     <span class='ocr_line' id='line_1_7' title="bbox 240 1013 1379 1104; baseline 0.005 -28"><span class='ocrx_word' id='word_1_49' title='bbox 240 1013 389 1079; x_wconf 82' lang='lat' dir='ltr'>Ceterum</span> <span class='ocrx_word' id='word_1_50' title='bbox 413 1015 563 1081; x_wconf 86' lang='lat' dir='ltr'>Lebediis</span> <span class='ocrx_word' id='word_1_51' title='bbox 588 1038 646 1082; x_wconf 85' lang='lat' dir='ltr'>rex</span> <span class='ocrx_word' id='word_1_52' title='bbox 669 1017 777 1102; x_wconf 92' lang='lat' dir='ltr'>potius</span> <span class='ocrx_word' id='word_1_53' title='bbox 808 1016 1022 1101; x_wconf 83' lang='lat' dir='ltr'>adstipulatur</span> <span class='ocrx_word' id='word_1_54' title='bbox 1053 1038 1147 1102; x_wconf 87' lang='lat' dir='ltr'>quam</span> <span class='ocrx_word' id='word_1_55' title='bbox 1176 1016 1279 1099; x_wconf 82' lang='lat' dir='ltr'>Teiis,</span> <span class='ocrx_word' id='word_1_56' title='bbox 1317 1039 1379 1104; x_wconf 93' lang='lat' dir='ltr'>quo</span> 
     </span>
     <span class='ocr_line' id='line_1_8' title="bbox 240 1119 1380 1207; baseline 0.003 -26"><span class='ocrx_word' id='word_1_57' title='bbox 240 1119 340 1183; x_wconf 87' lang='lat' dir='ltr'>minor</span> <span class='ocrx_word' id='word_1_58' title='bbox 364 1120 499 1203; x_wconf 90' lang='lat' dir='ltr'>pecunia</span> <span class='ocrx_word' id='word_1_59' title='bbox 528 1120 559 1182; x_wconf 92' lang='lat' dir='ltr'>iu</span> <span class='ocrx_word' id='word_1_60' title='bbox 589 1120 768 1205; x_wconf 89' lang='lat' dir='ltr'>periculum</span> <span class='ocrx_word' id='word_1_61' title='bbox 800 1120 909 1202; x_wconf 92' lang='lat' dir='ltr'>detur,</span> <span class='ocrx_word' id='word_1_62' title='bbox 938 1121 990 1185; x_wconf 93' lang='lat' dir='ltr'>uel</span> <span class='ocrx_word' id='word_1_63' title='bbox 1015 1142 1079 1207; x_wconf 90' lang='lat' dir='ltr'>quo</span> <span class='ocrx_word' id='word_1_64' title='bbox 1103 1120 1207 1185; x_wconf 89' lang='lat' dir='ltr'>minus</span> <span class='ocrx_word' id='word_1_65' title='bbox 1228 1121 1380 1185; x_wconf 86' lang='lat' dir='ltr'>frumenti</span> 
     </span>
     <span class='ocr_line' id='line_1_9' title="bbox 241 1224 602 1308; baseline 0.008 -22"><span class='ocrx_word' id='word_1_66' title='bbox 241 1242 379 1306; x_wconf 89' lang='lat' dir='ltr'>peregre</span> <span class='ocrx_word' id='word_1_67' title='bbox 404 1224 602 1308; x_wconf 90' lang='lat' dir='ltr'>importetur.</span> 
     </span>
    </p>
   </div>
   <div class='ocr_carea' id='block_1_3' title="bbox 765 1377 858 1464">
    <p class='ocr_par' dir='ltr' id='par_1_3' title="bbox 765 1377 858 1464">
     <span class='ocr_line' id='line_1_10' title="bbox 765 1377 858 1464; baseline 0 -18"><span class='ocrx_word' id='word_1_68' title='bbox 765 1377 783 1464; x_wconf 68' lang='lat' dir='ltr'>a</span> <span class='ocrx_word' id='word_1_69' title='bbox 809 1383 858 1446; x_wconf 86' lang='lat'>11.</span> 
     </span>
    </p>
   </div>
   <div class='ocr_carea' id='block_1_4' title="bbox 238 1535 1389 4420">
    <p class='ocr_par' dir='ltr' id='par_1_4' title="bbox 238 1535 1389 4420">
     <span class='ocr_line' id='line_1_11' title="bbox 345 1535 1380 1623; baseline 0.002 -24"><span class='ocrx_word' id='word_1_70' title='bbox 345 1535 451 1601; x_wconf 85' lang='lat' dir='ltr'>Huius</span> <span class='ocrx_word' id='word_1_71' title='bbox 485 1538 680 1623; x_wconf 86' lang='lat' dir='ltr'>paragraphi</span> <span class='ocrx_word' id='word_1_72' title='bbox 710 1558 901 1623; x_wconf 86' lang='lat' dir='ltr'>quamquam</span> <span class='ocrx_word' id='word_1_73' title='bbox 940 1559 1005 1603; x_wconf 92' lang='lat' dir='ltr'>non</span> <span class='ocrx_word' id='word_1_74' title='bbox 1036 1559 1146 1602; x_wconf 89' lang='lat' dir='ltr'>omnes</span> <span class='ocrx_word' id='word_1_75' title='bbox 1177 1537 1380 1604; x_wconf 88' lang='lat' dir='ltr'>difficultates</span> 
     </span>
     <span class='ocr_line' id='line_1_12' title="bbox 238 1640 1379 1728; baseline 0.003 -26"><span class='ocrx_word' id='word_1_76' title='bbox 238 1659 273 1702; x_wconf 89' lang='lat' dir='ltr'>se</span> <span class='ocrx_word' id='word_1_77' title='bbox 305 1640 482 1706; x_wconf 87' lang='lat' dir='ltr'>ahsoluisse</span> <span class='ocrx_word' id='word_1_78' title='bbox 514 1641 775 1727; x_wconf 89' lang='lat' dir='ltr'>Waddingtouus</span> <span class='ocrx_word' id='word_1_79' title='bbox 807 1643 876 1727; x_wconf 91' lang='lat' dir='ltr'>ipse</span> <span class='ocrx_word' id='word_1_80' title='bbox 907 1642 1095 1728; x_wconf 87' lang='lat' dir='ltr'>profitetur,</span> <span class='ocrx_word' id='word_1_81' title='bbox 1127 1644 1159 1705; x_wconf 92' lang='lat' dir='ltr'>in</span> <span class='ocrx_word' id='word_1_82' title='bbox 1196 1644 1379 1707; x_wconf 89' lang='lat' dir='ltr'>uniuersum</span> 
     </span>
     <span class='ocr_line' id='line_1_13' title="bbox 240 1746 1380 1827; baseline 0.004 -23"><span class='ocrx_word' id='word_1_83' title='bbox 240 1747 348 1808; x_wconf 89' lang='lat' dir='ltr'>tamen</span> <span class='ocrx_word' id='word_1_84' title='bbox 372 1767 482 1809; x_wconf 89' lang='lat' dir='ltr'>uerum</span> <span class='ocrx_word' id='word_1_85' title='bbox 507 1746 623 1811; x_wconf 91' lang='lat' dir='ltr'>uidisse</span> <span class='ocrx_word' id='word_1_86' title='bbox 648 1748 752 1810; x_wconf 88' lang='lat' dir='ltr'>uirum</span> <span class='ocrx_word' id='word_1_87' title='bbox 773 1746 990 1813; x_wconf 87' lang='lat' dir='ltr'>doctissimum</span> <span class='ocrx_word' id='word_1_88' title='bbox 1013 1746 1128 1827; x_wconf 92' lang='lat' dir='ltr'>iudico,</span> <span class='ocrx_word' id='word_1_89' title='bbox 1152 1768 1223 1810; x_wconf 89' lang='lat' dir='ltr'>cum</span> <span class='ocrx_word' id='word_1_90' title='bbox 1248 1746 1380 1812; x_wconf 88' lang='lat' dir='ltr'>diceret:</span> 
     </span>
     <span class='ocr_line' id='line_1_14' title="bbox 244 1846 1381 1934; baseline 0.001 -25"><span class='ocrx_word' id='word_1_91' title='bbox 244 1846 429 1926; x_wconf 88' lang='lat' dir='ltr'>,Toutefois</span> <span class='ocrx_word' id='word_1_92' title='bbox 451 1851 472 1912; x_wconf 90' lang='lat' dir='ltr'>il</span> <span class='ocrx_word' id='word_1_93' title='bbox 496 1871 548 1913; x_wconf 91' lang='lat' dir='ltr'>me</span> <span class='ocrx_word' id='word_1_94' title='bbox 564 1850 685 1914; x_wconf 86' lang='lat' dir='ltr'>semble</span> <span class='ocrx_word' id='word_1_95' title='bbox 702 1872 764 1934; x_wconf 89' lang='lat' dir='ltr'>que</span> <span class='ocrx_word' id='word_1_96' title='bbox 788 1852 820 1914; x_wconf 86' lang='lat' dir='ltr'>la</span> <span class='ocrx_word' id='word_1_97' title='bbox 842 1852 950 1914; x_wconf 85' lang='lat' dir='ltr'>clause</span> <span class='ocrx_word' id='word_1_98' title='bbox 972 1871 1090 1934; x_wconf 89' lang='lat' dir='ltr'>apour</span> <span class='ocrx_word' id='word_1_99' title='bbox 1106 1850 1164 1914; x_wconf 88' lang='lat' dir='ltr'>but</span> <span class='ocrx_word' id='word_1_100' title='bbox 1179 1849 1381 1914; x_wconf 77' lang='lat' dir='ltr'>deth-anchir</span> 
     </span>
     <span class='ocr_line' id='line_1_15' title="bbox 242 1949 1380 2037; baseline 0.004 -25"><span class='ocrx_word' id='word_1_101' title='bbox 242 1949 467 2035; x_wconf 85' lang='lat' dir='ltr'>l&#39;exportation</span> <span class='ocrx_word' id='word_1_102' title='bbox 498 1952 537 2017; x_wconf 89' lang='lat' dir='ltr'>de</span> <span class='ocrx_word' id='word_1_103' title='bbox 568 1953 723 2017; x_wconf 86' lang='lat' dir='ltr'>certaines</span> <span class='ocrx_word' id='word_1_104' title='bbox 746 1951 938 2034; x_wconf 74' lang='lat' dir='ltr'>formalites,</span> <span class='ocrx_word' id='word_1_105' title='bbox 972 1954 1063 2018; x_wconf 91' lang='lat' dir='ltr'>telles</span> <span class='ocrx_word' id='word_1_106' title='bbox 1088 1974 1150 2037; x_wconf 88' lang='lat' dir='ltr'>que</span> <span class='ocrx_word' id='word_1_107' title='bbox 1182 1953 1380 2037; x_wconf 84' lang='lat' dir='ltr'>l&#39;obligation</span> 
     </span>
     <span class='ocr_line' id='line_1_16' title="bbox 241 2053 1380 2144; baseline 0.002 -26"><span class='ocrx_word' id='word_1_108' title='bbox 241 2053 427 2139; x_wconf 89' lang='lat' dir='ltr'>d’apporter</span> <span class='ocrx_word' id='word_1_109' title='bbox 455 2079 497 2121; x_wconf 87' lang='lat' dir='ltr'>au</span> <span class='ocrx_word' id='word_1_110' title='bbox 526 2054 653 2121; x_wconf 74' lang='lat' dir='ltr'>marche</span> <span class='ocrx_word' id='word_1_111' title='bbox 692 2063 724 2123; x_wconf 90' lang='lat' dir='ltr'>et</span> <span class='ocrx_word' id='word_1_112' title='bbox 752 2057 804 2143; x_wconf 88' lang='lat' dir='ltr'>d&#39;y</span> <span class='ocrx_word' id='word_1_113' title='bbox 837 2079 974 2144; x_wconf 87' lang='lat' dir='ltr'>exposer</span> <span class='ocrx_word' id='word_1_114' title='bbox 1002 2079 1044 2122; x_wconf 90' lang='lat' dir='ltr'>ou</span> <span class='ocrx_word' id='word_1_115' title='bbox 1077 2057 1133 2144; x_wconf 84' lang='lat' dir='ltr'>d’y</span> <span class='ocrx_word' id='word_1_116' title='bbox 1163 2059 1244 2124; x_wconf 84' lang='lat' dir='ltr'>faire</span> <span class='ocrx_word' id='word_1_117' title='bbox 1275 2058 1380 2123; x_wconf 88' lang='lat' dir='ltr'>visiter</span> 
     </span>
     <span class='ocr_line' id='line_1_17' title="bbox 240 2158 1378 2247; baseline 0.004 -25"><span class='ocrx_word' id='word_1_118' title='bbox 240 2159 286 2223; x_wconf 90' lang='lat' dir='ltr'>les</span> <span class='ocrx_word' id='word_1_119' title='bbox 309 2158 445 2225; x_wconf 73' lang='lat' dir='ltr'>deurees</span> <span class='ocrx_word' id='word_1_120' title='bbox 468 2159 519 2246; x_wconf 84' lang='lat' dir='ltr'>qu&#39;</span> <span class='ocrx_word' id='word_1_121' title='bbox 543 2183 582 2226; x_wconf 91' lang='lat' dir='ltr'>on</span> <span class='ocrx_word' id='word_1_122' title='bbox 608 2162 731 2225; x_wconf 87' lang='lat' dir='ltr'>voulait</span> <span class='ocrx_word' id='word_1_123' title='bbox 754 2165 937 2247; x_wconf 81' lang='lat' dir='ltr'>exporter.“</span> <span class='ocrx_word' id='word_1_124' title='bbox 985 2162 1080 2236; x_wconf 82' lang='lat' dir='ltr'>Quod</span> <span class='ocrx_word' id='word_1_125' title='bbox 1104 2168 1213 2227; x_wconf 87' lang='lat' dir='ltr'>autem</span> <span class='ocrx_word' id='word_1_126' title='bbox 1240 2164 1378 2247; x_wconf 88' lang='lat' dir='ltr'>priorem</span> 
     </span>
     <span class='ocr_line' id='line_1_18' title="bbox 240 2263 1380 2352; baseline 0.003 -27"><span class='ocrx_word' id='word_1_127' title='bbox 240 2263 333 2329; x_wconf 90' lang='lat' dir='ltr'>huius</span> <span class='ocrx_word' id='word_1_128' title='bbox 362 2266 555 2352; x_wconf 87' lang='lat' dir='ltr'>paragraphi</span> <span class='ocrx_word' id='word_1_129' title='bbox 588 2271 711 2350; x_wconf 87' lang='lat' dir='ltr'>partem</span> <span class='ocrx_word' id='word_1_130' title='bbox 743 2267 788 2330; x_wconf 88' lang='lat' dir='ltr'>ita</span> <span class='ocrx_word' id='word_1_131' title='bbox 824 2266 1053 2350; x_wconf 88' lang='lat' dir='ltr'>interpretatus</span> <span class='ocrx_word' id='word_1_132' title='bbox 1086 2272 1152 2331; x_wconf 90' lang='lat' dir='ltr'>est:</span> <span class='ocrx_word' id='word_1_133' title='bbox 1179 2266 1305 2347; x_wconf 81' lang='lat' dir='ltr'>,Toute</span> <span class='ocrx_word' id='word_1_134' title='bbox 1326 2266 1380 2328; x_wconf 90' lang='lat' dir='ltr'>im·</span> 
     </span>
     <span class='ocr_line' id='line_1_19' title="bbox 239 2368 1380 2453; baseline -0.001 -20"><span class='ocrx_word' id='word_1_135' title='bbox 239 2368 402 2451; x_wconf 88' lang='lat' dir='ltr'>portation</span> <span class='ocrx_word' id='word_1_136' title='bbox 427 2377 459 2434; x_wconf 93' lang='lat' dir='ltr'>et</span> <span class='ocrx_word' id='word_1_137' title='bbox 481 2375 571 2434; x_wconf 89' lang='lat' dir='ltr'>toute</span> <span class='ocrx_word' id='word_1_138' title='bbox 595 2369 799 2453; x_wconf 84' lang='lat' dir='ltr'>exportatiou</span> <span class='ocrx_word' id='word_1_139' title='bbox 815 2368 913 2435; x_wconf 88' lang='lat' dir='ltr'>devra</span> <span class='ocrx_word' id='word_1_140' title='bbox 936 2369 1003 2433; x_wconf 73' lang='lat' dir='ltr'>etro</span> <span class='ocrx_word' id='word_1_141' title='bbox 1027 2368 1173 2434; x_wconf 75' lang='lat' dir='ltr'>declares</span> <span class='ocrx_word' id='word_1_142' title='bbox 1194 2391 1238 2434; x_wconf 91' lang='lat' dir='ltr'>au</span> <span class='ocrx_word' id='word_1_143' title='bbox 1261 2371 1380 2434; x_wconf 90' lang='lat' dir='ltr'>bureau</span> 
     </span>
     <span class='ocr_line' id='line_1_20' title="bbox 239 2470 1381 2559; baseline 0 -25"><span class='ocrx_word' id='word_1_144' title='bbox 239 2470 283 2534; x_wconf 92' lang='lat' dir='ltr'>du</span> <span class='ocrx_word' id='word_1_145' title='bbox 300 2471 439 2553; x_wconf 75' lang='lat' dir='ltr'>marche,</span> <span class='ocrx_word' id='word_1_146' title='bbox 457 2481 488 2537; x_wconf 87' lang='lat' dir='ltr'>et</span> <span class='ocrx_word' id='word_1_147' title='bbox 501 2474 580 2538; x_wconf 90' lang='lat' dir='ltr'>ainsi</span> <span class='ocrx_word' id='word_1_148' title='bbox 595 2474 642 2538; x_wconf 89' lang='lat' dir='ltr'>les</span> <span class='ocrx_word' id='word_1_149' title='bbox 664 2494 742 2557; x_wconf 88' lang='lat' dir='ltr'>gens</span> <span class='ocrx_word' id='word_1_150' title='bbox 757 2473 777 2536; x_wconf 78' lang='lat' dir='ltr'>b</span> <span class='ocrx_word' id='word_1_151' title='bbox 793 2475 847 2557; x_wconf 93' lang='lat' dir='ltr'>qui</span> <span class='ocrx_word' id='word_1_152' title='bbox 864 2474 886 2535; x_wconf 92' lang='lat' dir='ltr'>il</span> <span class='ocrx_word' id='word_1_153' title='bbox 902 2496 944 2540; x_wconf 92' lang='lat' dir='ltr'>ne</span> <span class='ocrx_word' id='word_1_154' title='bbox 961 2474 1110 2538; x_wconf 81' lang='lat' dir='ltr'>convient</span> <span class='ocrx_word' id='word_1_155' title='bbox 1124 2495 1183 2559; x_wconf 90' lang='lat' dir='ltr'>pas</span> <span class='ocrx_word' id='word_1_156' title='bbox 1200 2471 1381 2559; x_wconf 87' lang='lat' dir='ltr'>d’exporter</span> 
     </span>
     <span class='ocr_line' id='line_1_21' title="bbox 240 2575 1380 2664; baseline 0.001 -26"><span class='ocrx_word' id='word_1_157' title='bbox 240 2575 448 2642; x_wconf 88' lang='lat' dir='ltr'>directement</span> <span class='ocrx_word' id='word_1_158' title='bbox 472 2577 514 2642; x_wconf 92' lang='lat' dir='ltr'>du</span> <span class='ocrx_word' id='word_1_159' title='bbox 530 2578 667 2660; x_wconf 74' lang='lat' dir='ltr'>marche,</span> <span class='ocrx_word' id='word_1_160' title='bbox 690 2585 847 2664; x_wconf 93' lang='lat' dir='ltr'>pourront</span> <span class='ocrx_word' id='word_1_161' title='bbox 870 2585 1021 2662; x_wconf 83' lang='lat' dir='ltr'>exporter</span> <span class='ocrx_word' id='word_1_162' title='bbox 1044 2578 1092 2643; x_wconf 93' lang='lat' dir='ltr'>de</span> <span class='ocrx_word' id='word_1_163' title='bbox 1117 2579 1219 2643; x_wconf 87' lang='lat' dir='ltr'>chax</span> <span class='ocrx_word' id='word_1_164' title='bbox 1243 2599 1319 2642; x_wconf 79' lang='lat' dir='ltr'>eux</span> <span class='ocrx_word' id='word_1_165' title='bbox 1343 2599 1380 2641; x_wconf 90' lang='lat' dir='ltr'>eu</span> 
     </span>
     <span class='ocr_line' id='line_1_22' title="bbox 239 2680 1381 2764; baseline -0.001 -21"><span class='ocrx_word' id='word_1_166' title='bbox 239 2680 418 2764; x_wconf 87' lang='lat' dir='ltr'>aequittant</span> <span class='ocrx_word' id='word_1_167' title='bbox 448 2683 494 2747; x_wconf 90' lang='lat' dir='ltr'>les</span> <span class='ocrx_word' id='word_1_168' title='bbox 529 2682 628 2748; x_wconf 88' lang='lat' dir='ltr'>droits</span> <span class='ocrx_word' id='word_1_169' title='bbox 660 2680 915 2747; x_wconf 76' lang='lat' dir='ltr'>conformement</span> <span class='ocrx_word' id='word_1_170' title='bbox 936 2680 956 2744; x_wconf 79' lang='lat' dir='ltr'>b</span> <span class='ocrx_word' id='word_1_171' title='bbox 978 2681 1049 2745; x_wconf 88' lang='lat' dir='ltr'>leur</span> <span class='ocrx_word' id='word_1_172' title='bbox 1072 2682 1322 2747; x_wconf 85' lang='lat' dir='ltr'>declarations“:</span> <span class='ocrx_word' id='word_1_173' title='bbox 1350 2682 1381 2744; x_wconf 94' lang='lat' dir='ltr'>in</span> 
     </span>
     <span class='ocr_line' id='line_1_23' title="bbox 239 2781 1382 2854; baseline 0.001 -9"><span class='ocrx_word' id='word_1_174' title='bbox 239 2781 301 2845; x_wconf 89' lang='lat' dir='ltr'>hoo</span> <span class='ocrx_word' id='word_1_175' title='bbox 323 2803 447 2853; x_wconf 88' lang='lat' dir='ltr'>errasse</span> <span class='ocrx_word' id='word_1_176' title='bbox 481 2789 558 2853; x_wconf 90' lang='lat' dir='ltr'>mihi</span> <span class='ocrx_word' id='word_1_177' title='bbox 589 2787 727 2854; x_wconf 86' lang='lat' dir='ltr'>uidetur.</span> <span class='ocrx_word' id='word_1_178' title='bbox 775 2785 878 2850; x_wconf 87' lang='lat' dir='ltr'>Multo</span> <span class='ocrx_word' id='word_1_179' title='bbox 910 2795 1016 2851; x_wconf 89' lang='lat' dir='ltr'>autem</span> <span class='ocrx_word' id='word_1_180' title='bbox 1047 2786 1151 2850; x_wconf 89' lang='lat' dir='ltr'>miuus</span> <span class='ocrx_word' id='word_1_181' title='bbox 1173 2785 1307 2850; x_wconf 88' lang='lat' dir='ltr'>Hioksio</span> <span class='ocrx_word' id='word_1_182' title='bbox 1333 2806 1382 2848; x_wconf 88' lang='lat' dir='ltr'>res</span> 
     </span>
     <span class='ocr_line' id='line_1_24' title="bbox 239 2889 1381 2977; baseline -0.004 -26"><span class='ocrx_word' id='word_1_183' title='bbox 239 2890 431 2957; x_wconf 79' lang='lat' dir='ltr'>successisse</span> <span class='ocrx_word' id='word_1_184' title='bbox 464 2893 609 2974; x_wconf 88' lang='lat' dir='ltr'>uidetur,</span> <span class='ocrx_word' id='word_1_185' title='bbox 639 2892 693 2977; x_wconf 90' lang='lat' dir='ltr'>qui</span> <span class='ocrx_word' id='word_1_186' title='bbox 727 2892 789 2955; x_wconf 92' lang='lat' dir='ltr'>hoc</span> <span class='ocrx_word' id='word_1_187' title='bbox 819 2889 915 2955; x_wconf 91' lang='lat' dir='ltr'>modo</span> <span class='ocrx_word' id='word_1_188' title='bbox 939 2889 1042 2953; x_wconf 88' lang='lat' dir='ltr'>uerba</span> <span class='ocrx_word' id='word_1_189' title='bbox 1064 2890 1294 2975; x_wconf 88' lang='lat' dir='ltr'>interpretatus</span> <span class='ocrx_word' id='word_1_190' title='bbox 1319 2895 1381 2953; x_wconf 92' lang='lat' dir='ltr'>est:</span> 
     </span>
     <span class='ocr_line' id='line_1_25' title="bbox 242 2989 1381 3080; baseline 0 -25"><span class='ocrx_word' id='word_1_191' title='bbox 242 2989 331 3069; x_wconf 81' lang='lat' dir='ltr'>,The</span> <span class='ocrx_word' id='word_1_192' title='bbox 363 3000 619 3065; x_wconf 86' lang='lat' dir='ltr'>enatem-house</span> <span class='ocrx_word' id='word_1_193' title='bbox 654 2998 681 3061; x_wconf 92' lang='lat' dir='ltr'>is</span> <span class='ocrx_word' id='word_1_194' title='bbox 711 3004 744 3061; x_wconf 87' lang='lat' dir='ltr'>to</span> <span class='ocrx_word' id='word_1_195' title='bbox 775 2996 813 3060; x_wconf 94' lang='lat' dir='ltr'>be</span> <span class='ocrx_word' id='word_1_196' title='bbox 837 2994 951 3080; x_wconf 87' lang='lat' dir='ltr'>placed</span> <span class='ocrx_word' id='word_1_197' title='bbox 981 3016 1059 3059; x_wconf 89' lang='lat' dir='ltr'>near</span> <span class='ocrx_word' id='word_1_198' title='bbox 1083 2994 1136 3059; x_wconf 88' lang='lat' dir='ltr'>the</span> <span class='ocrx_word' id='word_1_199' title='bbox 1160 2993 1318 3072; x_wconf 88' lang='lat' dir='ltr'>harbour,</span> <span class='ocrx_word' id='word_1_200' title='bbox 1347 3011 1381 3055; x_wconf 87' lang='lat' dir='ltr'>so</span> 
     </span>
     <span class='ocr_line' id='line_1_26' title="bbox 238 3091 1383 3188; baseline -0.006 -22"><span class='ocrx_word' id='word_1_201' title='bbox 238 3091 310 3166; x_wconf 77' lang='lat' dir='ltr'>that</span> <span class='ocrx_word' id='word_1_202' title='bbox 345 3102 514 3188; x_wconf 81' lang='lat' dir='ltr'>importare</span> <span class='ocrx_word' id='word_1_203' title='bbox 548 3101 633 3168; x_wconf 87' lang='lat' dir='ltr'>need</span> <span class='ocrx_word' id='word_1_204' title='bbox 663 3109 721 3166; x_wconf 88' lang='lat' dir='ltr'>not</span> <span class='ocrx_word' id='word_1_205' title='bbox 752 3100 792 3164; x_wconf 90' lang='lat' dir='ltr'>be</span> <span class='ocrx_word' id='word_1_206' title='bbox 821 3098 949 3183; x_wconf 91' lang='lat' dir='ltr'>obliged</span> <span class='ocrx_word' id='word_1_207' title='bbox 981 3104 1015 3162; x_wconf 92' lang='lat' dir='ltr'>to</span> <span class='ocrx_word' id='word_1_208' title='bbox 1048 3099 1141 3183; x_wconf 88' lang='lat' dir='ltr'>bring</span> <span class='ocrx_word' id='word_1_209' title='bbox 1171 3099 1253 3163; x_wconf 90' lang='lat' dir='ltr'>their</span> <span class='ocrx_word' id='word_1_210' title='bbox 1281 3097 1383 3183; x_wconf 88' lang='lat' dir='ltr'>goods</span> 
     </span>
     <span class='ocr_line' id='line_1_27' title="bbox 240 3202 1385 3291; baseline -0.004 -20"><span class='ocrx_word' id='word_1_211' title='bbox 240 3208 306 3272; x_wconf 93' lang='lat' dir='ltr'>into</span> <span class='ocrx_word' id='word_1_212' title='bbox 339 3207 395 3270; x_wconf 88' lang='lat' dir='ltr'>the</span> <span class='ocrx_word' id='word_1_213' title='bbox 427 3215 527 3287; x_wconf 84' lang='lat' dir='ltr'>town,</span> <span class='ocrx_word' id='word_1_214' title='bbox 562 3207 619 3272; x_wconf 91' lang='lat' dir='ltr'>hut</span> <span class='ocrx_word' id='word_1_215' title='bbox 651 3205 752 3291; x_wconf 85' lang='lat' dir='ltr'>might</span> <span class='ocrx_word' id='word_1_216' title='bbox 776 3213 893 3289; x_wconf 78' lang='lat' dir='ltr'>export</span> <span class='ocrx_word' id='word_1_217' title='bbox 926 3204 1014 3269; x_wconf 88' lang='lat' dir='ltr'>them</span> <span class='ocrx_word' id='word_1_218' title='bbox 1044 3203 1139 3287; x_wconf 88' lang='lat' dir='ltr'>again</span> <span class='ocrx_word' id='word_1_219' title='bbox 1163 3211 1197 3267; x_wconf 90' lang='lat' dir='ltr'>at</span> <span class='ocrx_word' id='word_1_220' title='bbox 1228 3225 1325 3286; x_wconf 85' lang='lat' dir='ltr'>once,</span> <span class='ocrx_word' id='word_1_221' title='bbox 1360 3202 1385 3266; x_wconf 84' lang='lat' dir='ltr'>ii</span> 
     </span>
     <span class='ocr_line' id='line_1_28' title="bbox 240 3307 1382 3398; baseline -0.004 -23"><span class='ocrx_word' id='word_1_222' title='bbox 240 3312 317 3398; x_wconf 87' lang='lat' dir='ltr'>they</span> <span class='ocrx_word' id='word_1_223' title='bbox 341 3313 437 3377; x_wconf 88' lang='lat' dir='ltr'>heard</span> <span class='ocrx_word' id='word_1_224' title='bbox 463 3314 518 3377; x_wconf 89' lang='lat' dir='ltr'>the</span> <span class='ocrx_word' id='word_1_225' title='bbox 541 3312 667 3376; x_wconf 86' lang='lat' dir='ltr'>market</span> <span class='ocrx_word' id='word_1_226' title='bbox 691 3331 757 3374; x_wconf 83' lang='lat' dir='ltr'>was</span> <span class='ocrx_word' id='word_1_227' title='bbox 781 3308 853 3373; x_wconf 87' lang='lat' dir='ltr'>bad.</span> <span class='ocrx_word' id='word_1_228' title='bbox 899 3307 1065 3391; x_wconf 86' lang='lat' dir='ltr'>Probably</span> <span class='ocrx_word' id='word_1_229' title='bbox 1089 3307 1144 3372; x_wconf 90' lang='lat' dir='ltr'>tho</span> <span class='ocrx_word' id='word_1_230' title='bbox 1168 3308 1297 3372; x_wconf 88' lang='lat' dir='ltr'>market</span> <span class='ocrx_word' id='word_1_231' title='bbox 1320 3327 1382 3371; x_wconf 85' lang='lat' dir='ltr'>was</span> 
     </span>
     <span class='ocr_line' id='line_1_29' title="bbox 241 3411 1385 3495; baseline -0.003 -15"><span class='ocrx_word' id='word_1_232' title='bbox 241 3426 275 3480; x_wconf 89' lang='lat' dir='ltr'>at</span> <span class='ocrx_word' id='word_1_233' title='bbox 307 3438 326 3480; x_wconf 88' lang='lat' dir='ltr'>a</span> <span class='ocrx_word' id='word_1_234' title='bbox 354 3417 436 3481; x_wconf 90' lang='lat' dir='ltr'>little</span> <span class='ocrx_word' id='word_1_235' title='bbox 476 3416 619 3481; x_wconf 85' lang='lat' dir='ltr'>distance</span> <span class='ocrx_word' id='word_1_236' title='bbox 658 3415 740 3479; x_wconf 87' lang='lat' dir='ltr'>from</span> <span class='ocrx_word' id='word_1_237' title='bbox 778 3414 832 3478; x_wconf 92' lang='lat' dir='ltr'>the</span> <span class='ocrx_word' id='word_1_238' title='bbox 871 3413 1034 3495; x_wconf 76' lang='lat' dir='ltr'>herbam,</span> <span class='ocrx_word' id='word_1_239' title='bbox 1066 3412 1128 3478; x_wconf 90' lang='lat' dir='ltr'>and</span> <span class='ocrx_word' id='word_1_240' title='bbox 1161 3411 1214 3478; x_wconf 92' lang='lat' dir='ltr'>the</span> <span class='ocrx_word' id='word_1_241' title='bbox 1247 3420 1385 3477; x_wconf 89' lang='lat' dir='ltr'>custom-</span> 
     </span>
     <span class='ocr_line' id='line_1_30' title="bbox 241 3515 1382 3600; baseline -0.001 -15"><span class='ocrx_word' id='word_1_242' title='bbox 241 3521 342 3585; x_wconf 90' lang='lat' dir='ltr'>house</span> <span class='ocrx_word' id='word_1_243' title='bbox 365 3522 391 3586; x_wconf 93' lang='lat' dir='ltr'>is</span> <span class='ocrx_word' id='word_1_244' title='bbox 414 3530 447 3585; x_wconf 93' lang='lat' dir='ltr'>to</span> <span class='ocrx_word' id='word_1_245' title='bbox 472 3520 512 3586; x_wconf 88' lang='lat' dir='ltr'>be</span> <span class='ocrx_word' id='word_1_246' title='bbox 535 3543 570 3585; x_wconf 89' lang='lat' dir='ltr'>as</span> <span class='ocrx_word' id='word_1_247' title='bbox 592 3540 670 3584; x_wconf 87' lang='lat' dir='ltr'>near</span> <span class='ocrx_word' id='word_1_248' title='bbox 692 3519 747 3584; x_wconf 93' lang='lat' dir='ltr'>the</span> <span class='ocrx_word' id='word_1_249' title='bbox 773 3516 913 3582; x_wconf 86' lang='lat' dir='ltr'>harbour</span> <span class='ocrx_word' id='word_1_250' title='bbox 936 3538 970 3582; x_wconf 90' lang='lat' dir='ltr'>as</span> <span class='ocrx_word' id='word_1_251' title='bbox 995 3515 1169 3600; x_wconf 81' lang='lat' dir='ltr'>possible“.</span> <span class='ocrx_word' id='word_1_252' title='bbox 1216 3516 1303 3581; x_wconf 86' lang='lat' dir='ltr'>Male</span> <span class='ocrx_word' id='word_1_253' title='bbox 1326 3517 1382 3585; x_wconf 89' lang='lat' dir='ltr'>tali</span> 
     </span>
     <span class='ocr_line' id='line_1_31' title="bbox 242 3619 1383 3705; baseline -0.005 -17"><span class='ocrx_word' id='word_1_254' title='bbox 242 3626 386 3690; x_wconf 87' lang='lat' dir='ltr'>instituto</span> <span class='ocrx_word' id='word_1_255' title='bbox 418 3624 487 3689; x_wconf 85' lang='lat' dir='ltr'>Teii</span> <span class='ocrx_word' id='word_1_256' title='bbox 517 3624 583 3688; x_wconf 92' lang='lat' dir='ltr'>suis</span> <span class='ocrx_word' id='word_1_257' title='bbox 616 3622 790 3687; x_wconf 88' lang='lat' dir='ltr'>commodis</span> <span class='ocrx_word' id='word_1_258' title='bbox 822 3621 1070 3685; x_wconf 88' lang='lat' dir='ltr'>oonsuluisseut.</span> <span class='ocrx_word' id='word_1_259' title='bbox 1117 3619 1232 3705; x_wconf 82' lang='lat' dir='ltr'>Neque</span> <span class='ocrx_word' id='word_1_260' title='bbox 1254 3619 1296 3686; x_wconf 91' lang='lat' dir='ltr'>de</span> <span class='ocrx_word' id='word_1_261' title='bbox 1320 3641 1383 3705; x_wconf 89' lang='lat' dir='ltr'>qua</span> 
     </span>
     <span class='ocr_line' id='line_1_32' title="bbox 242 3724 1383 3815; baseline -0.004 -23"><span class='ocrx_word' id='word_1_262' title='bbox 242 3729 368 3815; x_wconf 91' lang='lat' dir='ltr'>quidem</span> <span class='ocrx_word' id='word_1_263' title='bbox 391 3751 426 3793; x_wconf 92' lang='lat' dir='ltr'>re</span> <span class='ocrx_word' id='word_1_264' title='bbox 449 3737 573 3811; x_wconf 88' lang='lat' dir='ltr'>agatur,</span> <span class='ocrx_word' id='word_1_265' title='bbox 597 3728 678 3792; x_wconf 89' lang='lat' dir='ltr'>uidit</span> <span class='ocrx_word' id='word_1_266' title='bbox 693 3728 741 3789; x_wconf 88' lang='lat' dir='ltr'>uir·</span> <span class='ocrx_word' id='word_1_267' title='bbox 757 3725 969 3790; x_wconf 86' lang='lat' dir='ltr'>doctissimus.</span> <span class='ocrx_word' id='word_1_268' title='bbox 995 3760 1023 3768; x_wconf 92' lang='lat'>—</span> <span class='ocrx_word' id='word_1_269' title='bbox 1044 3725 1129 3788; x_wconf 87' lang='lat' dir='ltr'>Prae</span> <span class='ocrx_word' id='word_1_270' title='bbox 1144 3724 1260 3788; x_wconf 87' lang='lat' dir='ltr'>ceteris</span> <span class='ocrx_word' id='word_1_271' title='bbox 1276 3730 1383 3789; x_wconf 88' lang='lat' dir='ltr'>autern</span> 
     </span>
     <span class='ocr_line' id='line_1_33' title="bbox 243 3828 1383 3914; baseline -0.006 -17"><span class='ocrx_word' id='word_1_272' title='bbox 243 3834 303 3897; x_wconf 88' lang='lat' dir='ltr'>hoc</span> <span class='ocrx_word' id='word_1_273' title='bbox 326 3833 535 3897; x_wconf 88' lang='lat' dir='ltr'>statuendum</span> <span class='ocrx_word' id='word_1_274' title='bbox 551 3832 626 3895; x_wconf 91' lang='lat' dir='ltr'>mihi</span> <span class='ocrx_word' id='word_1_275' title='bbox 642 3830 779 3910; x_wconf 90' lang='lat' dir='ltr'>uidetur,</span> <span class='ocrx_word' id='word_1_276' title='bbox 803 3830 843 3893; x_wconf 91' lang='lat' dir='ltr'>de</span> <span class='ocrx_word' id='word_1_277' title='bbox 867 3828 1094 3892; x_wconf 81' lang='lat' dir='ltr'>frumentis</span> <span class='ocrx_word' id='word_1_278' title='bbox 1119 3834 1187 3892; x_wconf 88' lang='lat' dir='ltr'>tota</span> <span class='ocrx_word' id='word_1_279' title='bbox 1211 3829 1271 3893; x_wconf 90' lang='lat' dir='ltr'>hae</span> <span class='ocrx_word' id='word_1_280' title='bbox 1293 3848 1383 3914; x_wconf 83' lang='lat' dir='ltr'>para-</span> 
     </span>
     <span class='ocr_line' id='line_1_34' title="bbox 241 3932 1383 4023; baseline -0.007 -22"><span class='ocrx_word' id='word_1_281' title='bbox 241 3938 363 4021; x_wconf 88' lang='lat' dir='ltr'>grapho</span> <span class='ocrx_word' id='word_1_282' title='bbox 394 3939 462 4020; x_wconf 89' lang='lat' dir='ltr'>agi,</span> <span class='ocrx_word' id='word_1_283' title='bbox 494 3937 612 4023; x_wconf 92' lang='lat' dir='ltr'>quippe</span> <span class='ocrx_word' id='word_1_284' title='bbox 647 3934 824 4019; x_wconf 88' lang='lat' dir='ltr'>dequibus</span> <span class='ocrx_word' id='word_1_285' title='bbox 856 3942 890 3998; x_wconf 89' lang='lat' dir='ltr'>et</span> <span class='ocrx_word' id='word_1_286' title='bbox 920 3933 950 3997; x_wconf 93' lang='lat' dir='ltr'>in</span> <span class='ocrx_word' id='word_1_287' title='bbox 985 3934 1151 4016; x_wconf 88' lang='lat' dir='ltr'>superiore</span> <span class='ocrx_word' id='word_1_288' title='bbox 1182 3932 1383 4018; x_wconf 87' lang='lat' dir='ltr'>paragrapho</span> 
     </span>
     <span class='ocr_line' id='line_1_35' title="bbox 244 4038 1381 4125; baseline -0.008 -19"><span class='ocrx_word' id='word_1_289' title='bbox 244 4041 343 4106; x_wconf 87' lang='lat' dir='ltr'>uerba</span> <span class='ocrx_word' id='word_1_290' title='bbox 365 4042 453 4119; x_wconf 87' lang='lat' dir='ltr'>fiant,</span> <span class='ocrx_word' id='word_1_291' title='bbox 477 4051 606 4125; x_wconf 85' lang='lat' dir='ltr'>atquae</span> <span class='ocrx_word' id='word_1_292' title='bbox 630 4040 660 4102; x_wconf 93' lang='lat' dir='ltr'>in</span> <span class='ocrx_word' id='word_1_293' title='bbox 687 4039 787 4102; x_wconf 87' lang='lat' dir='ltr'>altera</span> <span class='ocrx_word' id='word_1_294' title='bbox 812 4039 906 4102; x_wconf 90' lang='lat' dir='ltr'>huius</span> <span class='ocrx_word' id='word_1_295' title='bbox 922 4038 1113 4123; x_wconf 89' lang='lat' dir='ltr'>paragraphi</span> <span class='ocrx_word' id='word_1_296' title='bbox 1130 4045 1222 4123; x_wconf 86' lang='lat' dir='ltr'>parte</span> <span class='ocrx_word' id='word_1_297' title='bbox 1239 4044 1381 4102; x_wconf 86' lang='lat' dir='ltr'>exstent:</span> 
     </span>
     <span class='ocr_line' id='line_1_36' title="bbox 246 4137 1385 4227; baseline -0.005 -19"><span class='ocrx_word' id='word_1_298' title='bbox 246 4143 333 4226; x_wconf 70' lang='lat' dir='ltr'>,dour</span> <span class='ocrx_word' id='word_1_299' title='bbox 357 4143 431 4209; x_wconf 72' lang='lat' dir='ltr'>d&#39;d&#39;v</span> <span class='ocrx_word' id='word_1_300' title='bbox 452 4151 549 4225; x_wconf 74' lang='grc' dir='ltr'><strong><em>κῶμαι</em></strong></span> <span class='ocrx_word' id='word_1_301' title='bbox 572 4143 591 4227; x_wconf 78' lang='grc' dir='ltr'><em>ἢ</em></span> <span class='ocrx_word' id='word_1_302' title='bbox 616 4141 746 4207; x_wconf 70' lang='grc' dir='ltr'><em>ἔπαύλια</em></span> <span class='ocrx_word' id='word_1_303' title='bbox 768 4137 843 4205; x_wconf 75' lang='grc' dir='ltr'>ὦσιν</span> <span class='ocrx_word' id='word_1_304' title='bbox 865 4142 962 4221; x_wconf 72' lang='grc' dir='ltr'><strong><em>κτλ.“,</em></strong></span> <span class='ocrx_word' id='word_1_305' title='bbox 981 4141 1029 4206; x_wconf 81' lang='lat' dir='ltr'>his</span> <span class='ocrx_word' id='word_1_306' title='bbox 1054 4162 1184 4226; x_wconf 87' lang='lat' dir='ltr'>quoque</span> <span class='ocrx_word' id='word_1_307' title='bbox 1215 4140 1323 4205; x_wconf 81' lang='lat' dir='ltr'>uerbis</span> <span class='ocrx_word' id='word_1_308' title='bbox 1346 4139 1385 4203; x_wconf 86' lang='lat' dir='ltr'>de</span> 
     </span>
     <span class='ocr_line' id='line_1_37' title="bbox 254 4244 1386 4334; baseline -0.004 -22"><span class='ocrx_word' id='word_1_309' title='bbox 254 4249 316 4314; x_wconf 89' lang='lat' dir='ltr'>alia</span> <span class='ocrx_word' id='word_1_310' title='bbox 345 4271 379 4314; x_wconf 90' lang='lat' dir='ltr'>re</span> <span class='ocrx_word' id='word_1_311' title='bbox 409 4270 504 4334; x_wconf 89' lang='lat' dir='ltr'>quam</span> <span class='ocrx_word' id='word_1_312' title='bbox 528 4248 567 4314; x_wconf 88' lang='lat' dir='ltr'>de</span> <span class='ocrx_word' id='word_1_313' title='bbox 592 4247 760 4312; x_wconf 83' lang='lat' dir='ltr'>frumentis</span> <span class='ocrx_word' id='word_1_314' title='bbox 783 4246 903 4311; x_wconf 88' lang='lat' dir='ltr'>dietum</span> <span class='ocrx_word' id='word_1_315' title='bbox 928 4268 990 4311; x_wconf 90' lang='lat' dir='ltr'>non</span> <span class='ocrx_word' id='word_1_316' title='bbox 1014 4267 1084 4311; x_wconf 90' lang='lat' dir='ltr'>esse</span> <span class='ocrx_word' id='word_1_317' title='bbox 1108 4252 1271 4331; x_wconf 85' lang='lat' dir='ltr'>appareat.</span> <span class='ocrx_word' id='word_1_318' title='bbox 1316 4244 1386 4319; x_wconf 83' lang='lat' dir='ltr'>Qua</span> 
     </span>
     <span class='ocr_line' id='line_1_38' title="bbox 264 4347 1389 4420; baseline -0.005 -1"><span class='ocrx_word' id='word_1_319' title='bbox 264 4375 297 4419; x_wconf 88' lang='lat' dir='ltr'>re</span> <span class='ocrx_word' id='word_1_320' title='bbox 320 4353 351 4418; x_wconf 90' lang='lat' dir='ltr'>in</span> <span class='ocrx_word' id='word_1_321' title='bbox 383 4354 471 4419; x_wconf 89' lang='lat' dir='ltr'>initio</span> <span class='ocrx_word' id='word_1_322' title='bbox 502 4352 733 4420; x_wconf 89' lang='lat' dir='ltr'>restituendum</span> <span class='ocrx_word' id='word_1_323' title='bbox 762 4374 831 4419; x_wconf 89' lang='lat' dir='ltr'>esso</span> <span class='ocrx_word' id='word_1_324' title='bbox 866 4351 1012 4418; x_wconf 89' lang='lat' dir='ltr'>uidetur:</span> <span class='ocrx_word' id='word_1_325' title='bbox 1045 4349 1117 4415; x_wconf 76' lang='grc' dir='ltr'>Τῶν</span> <span class='ocrx_word' id='word_1_326' title='bbox 1139 4349 1174 4416; x_wconf 71' lang='grc' dir='ltr'>δὲ</span> <span class='ocrx_word' id='word_1_327' title='bbox 1195 4352 1297 4416; x_wconf 82' lang='grc' dir='ltr'><strong><em>σίτων.</em></strong></span> <span class='ocrx_word' id='word_1_328' title='bbox 1342 4347 1389 4413; x_wconf 79' lang='lat' dir='ltr'>Aa</span> 
     </span>
    </p>
   </div>
   <div class='ocr_carea' id='block_1_5' title="bbox 0 0 1487 4822">
    <p class='ocr_par' dir='ltr' id='par_1_5' title="bbox 0 0 1487 4822">
     <span class='ocr_line' id='line_1_39' title="bbox 0 0 1487 4822; baseline 0 0"><span class='ocrx_word' id='word_1_329' title='bbox 0 0 1487 4822; x_wconf 95' lang='lat' dir='ltr'> </span> 
     </span>
    </p>
   </div>
  </div>
 </body>
</html>
