2954 4808
216 262 235 322 a
292 292 297 301 ‚
741 253 830 337 [120]

215 449 392 536 perfeetum
415 454 511 532 utque
532 448 615 511 inter
638 465 788 531 praesens
818 444 1003 509 historicum
1034 450 1068 509 et
1100 446 1307 530 perfeetum
1341 446 1387 510 hi-

215 553 376 619 storicum.
423 551 517 626 Quod
540 552 603 616 iam
625 550 779 634 exemplis
803 548 1024 635 probabimus:

322 659 370 720 16.
403 659 451 732 12,
483 662 531 731 15,
559 675 626 740 sqq.
662 653 889 718 addiderat
920 660 1024 718 autern
1044 654 1220 737 fiduciam
1256 656 1383 719 nostres

215 760 424 825 consideratio
446 760 571 843 pomino
600 757 841 822 recordantibus
871 757 954 838 quod
985 777 1068 820 anno
1101 777 1215 840 nuper
1248 779 1381 823 emessso

213 864 368 931 Romanis
391 914 398 928 .
424 914 431 929 .
456 913 463 927 .
487 883 542 927 nec
564 864 680 927 uisus
701 868 762 925 est
783 863 948 947 qaisquam
970 861 1049 925 beris
1069 862 1122 925 sui
1137 861 1307 939 defensor
1322 883 1379 927 nec

215 969 319 1033 obuius
340 968 458 1033 stetit
480 967 534 1031 sed
558 1017 565 1032 .
591 1017 597 1031 .
623 1017 630 1030 .
655 986 750 1050 aspre
778 966 917 1029 uiuere
948 963 1079 1028 barbari
1100 965 1240 1049 loupius
1265 988 1376 1030 amus

214 1074 297 1154 uari,
327 1072 467 1158 quodque
500 1122 539 1136 ..
567 1122 574 1135 .
607 1092 664 1134 uec
695 1071 839 1134 resistere
869 1071 942 1134 ausi
970 1090 1026 1133 nec
1058 1090 1224 1153 apparere
1255 1092 1372 1154 puceis

214 1180 518 1261 impetraverunt
542 1176 727 1259 suppliciter
747 1173 941 1239 obsecrantes
964 1224 971 1239 .
996 1225 1003 1239 .
1029 1224 1036 1238 .
1060 1171 1136 1255 (16)
1150 1181 1277 1257 postea
1297 1196 1370 1239 aero

210 1301 291 1364 pace
313 1280 391 1343 data
413 1279 669 1343 discesserat
691 1280 866 1362 imperator
888 1284 916 1341 et
941 1327 948 1342 .
973 1329 980 1342 .
1006 1328 1013 1341 .
1037 1283 1143 1361 pentes
1167 1278 1237 1341 iura
1272 1298 1368 1342 con·

215 1381 441 1448 tardabant
464 1389 491 1446 et
515 1384 719 1466 turpissimus
741 1382 832 1446 ducis
853 1432 860 1446 .
878 1432 910 1446 ..
935 1381 1095 1466 dipresaus
1114 1379 1285 1462 ferociam
1303 1434 1311 1446 .
1330 1431 1362 1447 ..

212 1488 334 1552 auuit
355 1488 390 1550 in
412 1488 525 1552 maius.

313 1590 440 1675 Ubique
464 1589 809 1675 plusquamperfectum
834 1595 1046 1673 exspectatur,
1070 1609 1141 1653 oum
1167 1609 1236 1671 res,
1276 1612 1361 1677 quae

212 1693 357 1777 perfecto
374 1694 605 1779 exprimuntur,
628 1702 703 1758 ante
718 1714 771 1758 eas
787 1694 894 1759 iactae
910 1695 982 1774 sint,
1005 1713 1087 1777 quae
1102 1693 1359 1778 precedentibus

212 1798 419 1884 paragraphis
452 1806 624 1862 narrentur
657 1835 697 1846 -
731 1803 766 1862 ut
797 1797 901 1862 verbis
941 1818 1040 1878 „anno
1080 1817 1184 1881 nuper
1215 1798 1359 1862 emenso⁸

211 1900 368 1966 indicatur
392 1939 432 1949 -
455 1901 649 1987 eaedemque
682 1902 722 1982 ei,
754 1902 808 1986 qui
839 1910 956 1980 narrat,
986 1900 1077 1986 quasi
1110 1901 1356 1986 plusquamper-

211 2003 315 2069 iectae
337 2007 410 2069 sint.
455 2004 591 2070 Videtur
620 2011 727 2069 autem
748 2004 937 2069 Ammianus
967 2005 1107 2069 animum
1137 2004 1168 2067 iu
1203 2013 1356 2090 tempora

212 2107 265 2171 illa
290 2108 462 2192 praeterita
491 2117 653 2194 tamquam
683 2111 847 2174 remittens
878 2130 949 2173 oum
983 2107 1134 2173 militibus
1165 2111 1290 2174 sentire
1323 2118 1354 2175 ct

210 2230 316 2294 agere.
363 2211 476 2297 Itaque
509 2212 601 2278 iacile
635 2212 829 2295 intellegitur
863 2212 1046 2297 scriptorem
1080 2212 1259 2295 perfectum
1298 2234 1354 2299 per

211 2316 536 2398 repraesentationem
560 2317 718 2402 quandem
747 2337 805 2401 pro
834 2313 1137 2402 plusquampeieoto‚
1168 2336 1240 2380 oum
1273 2323 1352 2381 tem·

211 2438 287 2502 pora
311 2426 456 2490 mutaret,
482 2441 660 2504 usurpasse.
706 2420 799 2495 Quod
824 2441 861 2484 eo
886 2420 1000 2484 otarius
1023 2426 1143 2504 aparet,
1168 2420 1284 2502 9111ιὲ
1310 2425 1348 2487 16

210 2520 395 2588 discesserat
410 2529 564 2612 scriptum
579 2525 733 2607 legamus,
759 2545 950 2611 quamquem
966 2525 1118 2604 actiones,
1142 2545 1227 2610 quae
1244 2524 1350 2590 verbis

208 2626 295 2690 uisus
317 2634 371 2708 est,
394 2630 487 2709 stetit,
509 2630 623 2708 uiuere,
654 2631 900 2713 impetraverunt
930 2622 1142 2704 enuntientur,
1173 2628 1252 2693 illud
1284 2629 1351 2693 dis·

210 2738 344 2794 cesserat
368 2731 574 2816 praecedunt.

312 2833 360 2899 of.
384 2844 553 2920 praeterea
578 2838 696 2916 1112,
720 2838 826 2916 18,19
851 2837 998 2912 armauit,
1021 2837 1172 2918 uicerunt,
1195 2836 1350 2921 confuer-

208 2942 302 3017 runt;
325 2942 375 3003 21.
392 2943 420 3015 4,
438 2942 457 3001 2
473 2942 614 3019 miserat,
628 2940 775 3021 tradidit,
792 2940 1030 3025 mandavitquc;
1046 2943 1097 3005 22.
1117 2943 1168 3019 13,
1185 2944 1203 3004 3
1221 2943 1347 3021 statuit,

209 3042 308 3121 cessit,
325 3041 503 3124 adhaesere,
516 3045 641 3126 potuit;
660 3046 708 3107 16.
726 3046 776 3125 12,
787 3046 851 3124 5,6
869 3045 1040 3128 superauit,
1056 3046 1202 3125 vastant,
1222 3047 1349 3128 pusui-

207 3146 293 3224 taoit,
317 3149 456 3229 accessit,
479 3146 600 3228 abiere;
622 3149 673 3213 23.
695 3149 774 3224 1,6;
799 3150 850 3228 23,
866 3152 898 3230 b,
920 3153 949 3210 11
973 3147 1068 3213 obtati
1085 3155 1171 3228 sunt,
1191 3148 1346 3214 discessit.

473 3338 501 3395 b)
529 3336 717 3390 PRAESENS
737 3337 768 3401 Q.
781 3340 820 3393 .1).
840 3339 1076 3393 HISTORICUM.

308 3456 462 3522 Praesens
500 3458 585 3543 quod
627 3459 739 3524 dicitur
778 3459 962 3525 historicum
1002 3483 1060 3548 pro
1093 3482 1167 3524 vero
1200 3463 1347 3548 perfecto

205 3569 387 3644 usurpatur,
410 3562 435 3624 si
459 3562 599 3626 actiones
622 3565 813 3647 praeteritae
835 3566 940 3628 animo
964 3567 1032 3631 eius
1055 3566 1107 3652 qui
1136 3567 1281 3651 loquitur
1312 3576 1346 3633 et

204 3663 310 3728 animo
343 3665 411 3729 eius
440 3666 492 3750 qui
522 3665 613 3729 audit
642 3674 802 3751 tamquam
834 3677 1019 3753 praesentes
1049 3680 1345 3756 repraesentantur.

204 3763 392 3832 Ammianus
415 3790 566 3853 praesens
592 3769 774 3835 historicum
797 3773 829 3837 iu
853 3772 971 3837 deliciis
987 3774 1083 3838 habet
1098 3794 1136 3837 ac
1153 3778 1345 3857 praesertim

174 3932 177 3936 1
203 3870 257 3938 ita.
281 3876 317 3933 ut
338 3880 394 3935 aut
418 3872 516 3937 series
540 3874 697 3959 quaedam
722 3877 938 3960 praesentium
966 3884 1081 3959 exstet,
1109 3885 1226 3941 111-
1253 3881 1343 3965 quod

204 3974 329 4063 saepius
353 3976 387 4039 111
412 4013 452 4068 -7
477 3977 652 4061 perfectum
677 3980 814 4065 excipiat
836 4002 989 4065 praesens
1013 3983 1196 4047 historicum
1217 3992 1278 4047 aut
1295 3986 1345 4049 in·

204 4096 297 4142 verso
315 4079 424 4143 ordine
440 4079 516 4145 illud
533 4081 574 4144 ab
591 4081 652 4146 hoc
668 4084 856 4167 excipiatur.
891 4085 1000 4171 Atque
1011 4087 1197 4173 pierumque
1209 4087 1344 4170 quidem

203 4183 378 4265 praesentis
403 4183 541 4249 historici
567 4185 670 4250 formu
691 4189 820 4272 passiva
842 4210 918 4253 usus
937 4197 994 4268 est,
1016 4212 1088 4255 cum
1102 4190 1235 4255 formam
1253 4211 1345 4258 com-

204 4285 337 4369 positam
361 4288 494 4371 perfecti
519 4290 634 4375 passivi
657 4293 802 4356 consulto
826 4293 967 4357 evitaret.
1003 4294 1094 4369 Quod
1113 4315 1206 4380 quam
1226 4315 1343 4363 rerum
