2962 4800
677 340 744 428 [15]
1052 306 1055 311 ’
1175 351 1180 359 ·
1238 356 1277 418 15

246 534 286 597 ad
309 532 345 616 6)
369 533 422 614 (ad
448 533 482 617 1)
528 533 646 607 Quinto
675 535 796 616 (sexto)
827 558 910 600 anno
942 548 1015 622 post
1045 540 1158 605 iterum
1192 544 1279 607 venit

146 638 370 702 sacerdotium.

245 741 286 805 ad
315 743 348 820 8)
380 746 415 823 9)
450 742 504 825 10)
549 743 622 807 Uno
654 743 831 829 eodemque
858 767 942 811 anno
973 746 1067 812 binae
1094 750 1173 812 fiunt
1202 771 1278 815 ven·

144 846 291 911 ditiones.

246 950 296 1013 Ex
327 950 387 1014 hoc
417 950 520 1014 indice
550 956 681 1034 apparet
713 950 910 1036 Erythraeos
939 953 1121 1020 sacerdotes
1153 977 1214 1021 non
1245 959 1277 1021 in

142 1062 262 1121 certum
284 1053 442 1139 quoddam
466 1062 592 1135 tempus
611 1075 681 1118 esse
699 1056 897 1121 constitutos.
945 1056 1038 1130 Quod
1056 1059 1081 1122 si
1096 1061 1141 1124 ita
1155 1060 1278 1144 fuisset,
1352 1043 1354 1050 ’

141 1158 353 1225 sacerdotium
383 1154 552 1239 Ἀχιλλέως,
576 1156 714 1239 Θέτιδος,
739 1160 1021 1245 qurt‘d'nnaltero
1046 1182 1171 1247 quoque
1194 1186 1276 1231 anno

142 1263 245 1330 denuo
269 1261 468 1326 vendendum
493 1262 561 1327 fuit.
606 1261 659 1324 An
684 1264 850 1347 qnisquam
874 1263 927 1328 illa
955 1265 1144 1348 sacerdotia,
1179 1291 1275 1353 quae·

139 1387 262 1450 cunque
286 1385 381 1450 supra
403 1365 656 1443 commemoravi,
679 1367 813 1429 mortuis
838 1367 1009 1432 sacerdotii
1030 1375 1173 1453 tempore
1196 1393 1273 1435 non·

140 1471 217 1534 dum
240 1469 369 1553 expleto
393 1467 610 1531 sacerdotibus
633 1468 747 1532 iterum
772 1470 907 1534 veniisse
931 1480 1017 1536 ratus
1045 1474 1138 1537 unius
1166 1472 1275 1558 Ἀφρο-
1332 1520 1340 1525 -

104 1567 107 1571 ’
139 1574 224 1656 δίυης
249 1568 478 1653 ίίυθοχρήστου
501 1571 711 1634 sacerdotium
733 1593 807 1637 casu
832 1574 970 1657 quodam
990 1575 1126 1660 primum
1142 1579 1174 1639 in
1191 1577 1272 1642 duos

141 1684 274 1758 tantum,
297 1674 412 1738 deinde
434 1674 465 1737 in
489 1673 594 1757 plures
617 1695 717 1738 annos
740 1697 809 1740 esse
832 1677 1030 1742 venditatum
1053 1679 1109 1744 sibi
1144 1700 1272 1764 persna-

142 1781 274 1845 debit?¹

244 1880 430 1946 Sacerdotis
454 1900 539 1959 vero,
570 1901 652 1963 qnae
681 1880 739 1944 sub
763 1903 794 1945 n.
818 1884 847 1947 8.
872 1886 900 1947 9.
928 1885 967 1946 10
1000 1886 1197 1964 enumeravi,
1229 1886 1270 1951 ad

139 1988 221 2051 hanc
238 1986 455 2071 quaestionem
472 1985 599 2048 omnino
616 2006 677 2048 non
694 1986 863 2069 pertinent.
902 1985 983 2049 Nam
1000 1987 1051 2071 qni
1067 1989 1135 2052 fieri
1154 1990 1269 2073 potnit,

140 2098 175 2154 ut
198 2112 261 2153 uno
286 2088 460 2171 eodemque
483 2107 566 2151 anno
590 2087 672 2151 idem
695 2089 906 2152 sacerdotium
928 2090 976 2153 bis
991 2092 1136 2155 veniret?
1176 2092 1270 2177 Quod

140 2195 291 2278 emptoris
314 2194 404 2256 morti
428 2200 483 2255 aut
506 2192 618 2256 exsilio
649 2192 709 2256 illis
739 2194 933 2278 temporibus
966 2215 1026 2257 non
1059 2196 1120 2258 iam
1154 2196 1269 2263 usitato

139 2304 194 2362 ant
217 2299 284 2361 aliis
308 2298 410 2360 causis
433 2295 514 2361 adeo
539 2319 598 2360 non
624 2297 823 2361 tribuendum
849 2307 905 2380 est,
937 2305 971 2361 nt
1002 2306 1112 2363 contra
1142 2302 1196 2364 uni
1228 2303 1271 2366 ei·

144 2401 280 2487 demque
319 2401 378 2464 deo
417 2401 594 2464 sacerdotia
632 2402 730 2467 inisse
768 2404 942 2487 compluria
979 2402 1181 2467 iudicandum
1220 2407 1269 2471 sit.

140 2505 219 2569 Nam
261 2504 346 2568 idom
386 2502 611 2586 Διονυσόδωρος
648 2503 876 2587 Ἀριοτομίυου,
915 2507 968 2590 qni
1004 2507 1139 2590 primum
1170 2506 1268 2588 Ἥρας

143 2611 268 2685 Τελείας
290 2609 334 2690 (v.
361 2608 437 2690 128)
462 2609 536 2672 emit
566 2608 790 2690 sacerdotium,
819 2611 915 2693 paulo
947 2618 1020 2693 post
1048 2610 1185 2695 quidem,
1213 2612 1269 2676 sed

140 2713 251 2777 eodem
276 2732 370 2792 anno,
393 2710 540 2794 saepius²
563 2711 657 2774 fidem
680 2713 881 2796 interposuit.

240 2817 346 2900 Atque
375 2815 506 2879 eandem
530 2814 645 2894 Ἑρμοῦ
676 2813 834 2896 Ἀγοραίου
863 2816 1028 2880 sacerdotii
1061 2838 1130 2881 esse
1161 2818 1268 2883 condi·

138 2922 260 2985 cionem
284 2943 324 2985 ex
348 2919 395 2982 his
427 2920 503 2982 locis
534 2926 640 3002 patet:
686 2917 725 2983 ei.
757 2942 786 2983 v.
811 2921 851 2982 92
874 2940 938 3003 sq:
965 2917 1079 3000 Ἑρμοῦ
1108 2919 1267 3002 Ἀγοραίου

139 3029 163 3106 ,d
167 3023 225 3106 21',
250 3022 376 3087 ἕποίνοον
397 3020 440 3102 μ’,
465 3023 596 3085 Μολίιον
620 3023 791 3099 Διονυσίου,
814 3020 963 3105 ἐγγυητῆς
985 3021 1117 3105 ’Ἁρατος
1137 3030 1268 3109 Μητρο-

138 3126 245 3208 δυίρου.
272 3148 300 3192 v.
326 3129 382 3190 101
411 3146 477 3211 sqq.
500 3124 618 3206 Ἐρμοῦ
645 3124 802 3208 Ἀγοραίου
832 3126 898 3209 ,dyst
921 3125 1047 3191 ἐπώνιον
1069 3127 1113 3207 μ’,
1139 3131 1267 3193 Μολίων

137 3231 310 3305 Διονυσίου,
343 3227 494 3311 ἐγγυητής
520 3225 688 3305 Φαυόπολις
712 3232 921 3306 Μενεκλοίους.
956 3230 1177 3317 Compluribus
1210 3233 1268 3316 igi·

135 3342 186 3397 tur
208 3335 298 3397 annis
321 3333 546 3418 praeterlapsis
571 3332 703 3413 nonos,
735 3331 879 3418 Dionysii
911 3333 1003 3411 filius,
1034 3335 1116 3399 idem
1149 3337 1264 3399 iterum

135 3437 350 3502 sacerdotium
373 3436 457 3500 emit.
496 3434 587 3508 Quod
610 3435 636 3497 si
659 3435 699 3498 de
723 3455 784 3498 uno
802 3437 976 3520 eodemque
992 3445 1141 3519 ageretur
1162 3459 1264 3502 sacer·

134 3541 226 3623 detio,
249 3541 344 3604 tertio
368 3559 494 3624 quoque
518 3560 601 3603 anno
623 3537 698 3601 illud
723 3538 919 3603 venditatum
943 3561 1011 3605 esse
1042 3562 1173 3613 necesse
1205 3548 1263 3608 est.

237 3646 379 3728 Rayetus
402 3643 580 3706 sacerdotia
602 3642 781 3727 Erythraea
809 3644 847 3705 ad
880 3664 977 3707 unum
1008 3641 1113 3707 omnia
1143 3644 1264 3710 heredi·

134 3751 213 3814 turia
236 3750 321 3812 faeta
344 3769 412 3811 esse
436 3744 607 3810 contendit.
646 3747 676 3808 Α
699 3768 762 3830 quo
792 3748 931 3810 maxime
965 3747 1146 3824 abhorrere,
1178 3750 1262 3832 quod

235 3941 243 3975 ¹
264 3939 343 4000 Quod
364 3955 416 3990 nno
436 3939 494 3989 iere
514 3939 540 3987 et
561 3937 655 3988 eodem
678 3941 800 4003 tempora
827 3937 859 3998 (e.
879 3954 906 4003 g.
925 3954 949 3988 v.
968 3935 1002 3990 63
1019 3936 1091 4005 sqq.)
1115 3942 1154 3988 tot
1171 3953 1262 3990 saecr-

130 4027 205 4079 dotia
224 4028 374 4090 venierunt,
392 4041 445 4075 non
466 4022 499 4074 ad
520 4032 592 4074 certa
612 4039 750 4074 sacrorum
773 4040 912 4074 munerum
932 4025 1078 4075 interualla
1097 4055 1131 4063 -
1148 4023 1175 4075 id
1190 4026 1262 4091 quod

131 4116 234 4165 Anthea
260 4116 276 4164 1.
301 4129 323 4164 c.
344 4129 369 4178 p.
388 4110 422 4163 26
441 4126 480 4177 sq.
506 4110 635 4175 opinatur
658 4141 700 4174 -,
729 4109 777 4161 sed
800 4111 961 4177 plerumque
986 4108 1020 4160 ad
1047 4109 1262 4164 sacerdotiorum

134 4199 317 4252 venditionem
338 4199 493 4264 nuperrime
512 4197 661 4249 institutam
682 4196 855 4248 referendum
875 4204 930 4260 sst3
951 4196 985 4248 οί.
1004 4213 1030 4263 p.
1048 4196 1089 4249 36.

232 4286 243 4325 ²
261 4285 296 4339 ci.
315 4302 339 4337 s.
360 4284 419 4338 143.
440 4282 498 4336 165.
535 4282 594 4334 Huc
613 4283 681 4334 adde
702 4299 725 4334 v.
745 4281 802 4336 152.
