2954 4816
226 280 266 345 rr
635 206 703 329 ¹-
747 273 835 367 [aaa]
880 317 922 328 -

225 490 309 534 aune
331 478 461 557 praeter
488 492 532 535 on
556 472 589 536 iu
613 472 722 558 prisca
745 471 908 536 latinitate
931 471 964 534 in
987 452 1185 550 maluerit,
1215 468 1248 533 id
1273 466 1361 564 quod

171 643 175 652 ¹
225 574 360 637 maximi
376 576 532 639 momenti
555 574 624 638 fore
646 580 734 660 puto,
757 573 814 637 ubi
835 572 1077 636 diiudicandum
1101 573 1162 637 erit
1185 572 1225 637 de
1248 568 1361 635 formis

225 697 289 741 aon
312 686 345 743 et
366 699 470 742 noane
492 679 525 741 in
543 678 721 742 enuntiatis
737 677 992 762 interrogatiuis,
1016 677 1057 740 ad
1075 698 1155 762 quas
1172 678 1235 740 iam
1251 683 1359 740 trans·

226 781 368 847 eundum
392 790 451 848 est.

697 1180 803 1246 Curru
825 1179 888 1244 ΙΙΙ.

555 1308 609 1381 De
636 1307 816 1400 particula
842 1305 1053 1414 NONNE„

230 1525 232 1528 Α
311 1457 511 1522 Particulam
535 1477 636 1520 noune
657 1457 768 1521 inuitis
792 1456 882 1520 libris
905 1477 1003 1520 mauu
1034 1442 1164 1540 scriptis
1188 1477 1231 1519 ex
1253 1457 1360 1540 prisca

226 1561 389 1624 latinitate
414 1561 460 1624 ita
483 1576 655 1626 remouere
679 1567 815 1624 conatus
842 1567 893 1623 est
916 1558 1067 1623 Andreas
1092 1558 1236 1646 Spengel
1260 1560 1359 1641 („Die

225 1665 374 1730 Partilrel
408 1683 511 1728 nonae
544 1665 588 1727 im
618 1662 925 1743 Altlateinischen“‚
954 1684 1061 1749 progr.
1090 1684 1198 1747 gymn.
1231 1663 1359 1729 Monac.

228 1770 335 1854 1867),
352 1774 387 1832 ut
401 1767 549 1832 omnibus
564 1769 644 1832 loeis
660 1786 724 1832 noa
740 1787 797 1853 pro
812 1787 916 1831 noune
926 1767 1023 1832 scribi
1036 1768 1175 1834 iuberet.
1208 1766 1270 1840 Qui
1287 1789 1359 1832 cum

228 1881 317 1938 recte
341 1872 566 1959 perspexisset
588 1891 691 1934 nonne
713 1871 799 1957 apud
824 1871 948 1956 priscos
972 1877 1086 1957 poetas
1112 1871 1182 1936 fere
1205 1892 1270 1935 non
1294 1873 1359 1957 legi

230 1978 292 2041 nisi
309 1978 364 2056 ita,
381 1982 416 2040 ut
431 1981 623 2060 sequeretur
633 1974 767 2054 uocalis,
783 1981 817 2038 et
832 1974 1067 2059 interrogatiua
1084 1975 1254 2039 enuntiata
1269 1976 1358 2038 nullo

227 2102 360 2166 prorsus
383 2078 607 2146 intercedente
631 2078 816 2142 discrimine
844 2077 939 2141 modo
967 2099 986 2141 a
1008 2098 1072 2140 noa
1094 2078 1191 2142 modo
1215 2099 1360 2143 anonae

229 2186 387 2270 incipere:
424 2182 555 2265 „Wenn
584 2182 636 2247 die
665 2183 732 2246 alte
759 2182 949 2262 Latinituc‘,
985 2183 1104 2266 inquit,
1140 2182 1262 2263 „durch
1294 2203 1359 2246 non

226 2288 333 2374 geben
362 2286 500 2367 konnte,
529 2306 596 2349 was
624 2290 734 2371 spitter
761 2287 818 2349 mit
841 2305 943 2348 nonne
967 2274 1142 2366 erscheiut‚
1168 2286 1248 2350 wird
1272 2272 1358 2351 daun

226 2392 316 2455 nicht
339 2391 391 2455 die
407 2389 567 2453 Existeua
591 2389 649 2454 des
672 2409 775 2452 noctae
798 2389 851 2452 fiir
869 2388 947 2472 jene
965 2389 1038 2453 Zeit
1054 2389 1239 2476 iiberhaupt
1259 2391 1358 2456 iiber-

226 2496 341 2580 fliissig
371 2494 437 2558 und
462 2495 495 2557 in
529 2495 637 2558 seiner
664 2495 800 2558 inneren
825 2493 968 2578 Bildung
997 2493 1357 2558 unwalrrscheinlichl“

227 2621 256 2666 e.
269 2621 299 2684 q.
314 2622 339 2664 s.
385 2598 508 2673 Quodsi
526 2620 595 2678 eae,
613 2619 696 2684 quae
714 2618 979 2683 superuacaneae
996 2605 1082 2676 sunt,
1097 2598 1221 2662 formae
1238 2585 1358 2663 omnes

227 2725 269 2768 ex
291 2704 399 2790 prisca
420 2703 583 2766 latinitate
603 2702 820 2788 expellendae
844 2710 928 2781 sunt,
953 2722 1032 2766 saue
1056 2692 1102 2766 ne
1122 2721 1206 2765 anne
1228 2701 1358 2786 quidem

226 2815 358 2893 praeter
386 2826 429 2869 an
458 2806 593 2870 tolerari
620 2814 743 2892 potest;
773 2812 918 2871 attamen
948 2813 1119 2892 utramque
1148 2807 1263 2871 harum
1293 2806 1357 2870 for-

225 2932 350 2974 marum
384 2910 569 2974 Plautinum
611 2931 683 2975 esse
727 2909 991 2992 demonstraui1).
1045 2909 1138 2974 Sicut
1175 2930 1259 2998 aare
1292 2930 1358 2973 nou

226 3015 346 3098 legitur
367 3014 430 3077 nisi
448 3021 613 3099 ⁶sequente
629 3014 748 3095 uocali,
770 3015 817 3077 ita
839 3035 881 3078 ue
903 3033 1007 3077 nortae
1029 3013 1158 3099 quidem
1182 3020 1258 3078 ante
1281 3035 1359 3078 con-

227 3137 337 3182 sonam
367 3138 457 3181 suam
487 3118 587 3182 habet
616 3117 747 3195 sedem,
780 3119 855 3203 quia
886 3117 1079 3203 particulam
1107 3138 1164 3180 -uc
1193 3118 1251 3181 uix
1278 3119 1358 3182 satis

224 3221 371 3287 ualuisse
410 3222 451 3286 ad
488 3221 683 3308 explendam
718 3222 751 3284 in
779 3221 929 3285 uersibus
960 3220 1109 3285 iambicis
1138 3220 1357 3284 trochaicisue

227 3326 314 3390 arsin
338 3345 437 3410 supra
459 3325 582 3391 monui.
627 3325 741 3409 Neque
757 3330 899 3388 mutatur
915 3325 1179 3408 interrogationis
1202 3325 1263 3404 uis,
1287 3324 1359 3387 siue

226 3447 289 3493 non
318 3435 494 3514 usurpatur
524 3429 594 3493 siue
623 3428 772 3513 nonac'2).
825 3429 934 3512 Atque
963 3434 999 3491 ut
1029 3427 1070 3490 ad
1099 3429 1228 3513 singula
1255 3436 1360 3492 trans-

228 3552 350 3611 eamus,
373 3549 475 3595 uonna
499 3538 606 3596 exstat
629 3516 787 3616 sequente
810 3532 918 3596 uocali
941 3533 974 3595 in
997 3532 1149 3597 uersibus
1173 3532 1238 3597 his:

227 3724 278 3777 arr
296 3709 419 3781 nula
432 3726 521 3792 eram,
533 3727 584 3780 994
600 3708 646 3779 ln
665 3727 721 3790 rue,
744 3727 824 3781 crue.
843 3725 894 3779 rra
912 3706 958 3778 A„
972 3741 1009 3779 eo.
1022 3728 1033 3795 l
1052 3727 1149 3781 sacch.
1170 3728 1219 3781 199
1238 3726 1301 3780 aaa
1321 3744 1360 3780 aa

226 3818 366 3888 iuuentuti,
391 3822 457 3875 1168
475 3839 513 3873 aa
534 3837 578 3889 epo
595 3821 726 3889 tapnim,
749 3821 815 3875 (list.
833 3821 860 3876 ll
878 3823 903 3883 3,
916 3821 951 3874 22
967 3838 1007 3874 aa
1023 3821 1127 3886 ambo,
1151 3823 1210 3877 Mil.
1228 3823 1280 3877 840
1298 3823 1360 3876 Ebc

227 3930 265 3966 aa
281 3913 421 3983 amquam,
440 3916 523 3970 Poen.
543 3916 609 3970 1136
628 3916 690 3969 Eho
706 3932 745 3969 an
761 3915 851 3979 balista,
869 3915 955 3971 Stich.
974 3917 1026 3972 246
1044 3917 1109 3971 Ebc
1125 3935 1164 3971 aa
1180 3917 1318 3972 abactor.

299 4022 320 4086 ¹)
340 4020 372 4073 cf.
391 4019 510 4075 Warren
528 4021 546 4073 l.
565 4020 583 4074 l.
602 4037 666 4091 pag.
685 4022 727 4074 26.

297 4122 319 4189 ²)
337 4122 429 4175 Unum
442 4124 620 4178 statuendum
634 4123 745 4178 uidetur
761 4123 921 4178 discrimen:
940 4124 1043 4178 etenim
1059 4141 1116 4178 noa
1129 4126 1276 4195 particula,
1295 4145 1359 4180 nus·

227 4223 310 4275 quum
322 4224 418 4271 mnne,
437 4210 551 4279 proprio
569 4215 611 4264 est
629 4227 723 4264 eerruu
736 4210 994 4279 interrogationum,
1013 4210 1160 4281 inquibus
1178 4212 1210 4274 is,
1229 4212 1277 4280 qui
1296 4231 1358 4266 cum
