3030 4816
213 284 251 348 ιο
731 280 820 367 μου]

213 476 281 540 voci
304 471 389 557 καινή
413 478 568 564 κωμῳδία,
601 479 692 538 καινοί
715 477 863 561 κωμῳδοί,
887 476 937 540 cui
959 477 1127 561 opponitur
1150 473 1261 541 noiomi
1287 504 1345 540 κω·

211 579 322 666 μῳδία,
345 583 465 642 παλαιοί.
488 579 639 665 κωμῳδοί,
663 580 694 643 id
715 587 762 644 est
777 580 885 644 fabula
900 583 1045 664 repetito.
1075 581 1159 645 Illud
1175 583 1344 646 discrimen

212 685 295 748 inter
328 684 453 748 fabulas
484 692 607 748 veteres
636 692 668 747 ct
698 705 795 748 novas
825 686 858 747 in
885 684 1110 770 Dionysiorum
1139 685 1242 749 ludisl
1265 686 1344 749 sotis

211 788 375 871 antiquum
407 788 483 850 fuit:
514 786 649 850 Athenis
672 788 734 849 ianr
758 787 806 850 IV
841 795 914 851 ente
937 788 1009 851 Chr.
1034 811 1063 852 n.
1087 789 1210 853 saeculo
1233 796 1264 852 et
1289 810 1345 851 ve-

211 891 331 955 teribus
354 898 386 953 et
408 891 496 954 novis
519 889 634 953 fabulis
656 911 730 953 suus
753 899 785 954 et
808 891 967 974 legitimus
996 892 1082 956 locus
1111 893 1203 956 dotus
1233 900 1279 957 est
1308 893 1342 955 in

210 994 292 1058 ludis
323 994 451 1078 tragicis
480 1001 511 1057 et
536 995 676 1057 comicis:
708 1015 899 1079 quamquem
929 997 1022 1080 longe
1047 999 1163 1061 maiore
1186 997 1343 1079 dignitate

212 1098 369 1162 florebunt
392 1118 503 1163 novae.
549 1097 598 1163 Cf.
627 1099 690 1162 lex.
715 1099 795 1164 rhet.
819 1099 960 1163 Bekkeri
983 1101 1091 1164 anecd.
1117 1103 1190 1183 300,
1213 1102 1248 1164 8:
1280 1106 1344 1162 τῶν

212 1205 378 1288 τραγῳδῶν
402 1201 426 1263 oi
450 1201 507 1279 μὲν
530 1195 609 1283 ἦσαν
632 1202 761 1280 παλαιοί,
784 1200 810 1262 oi
829 1198 937 1264 παλαιοὶ
961 1201 1104 1282 δράματα
1120 1201 1342 1284 εἰσαγαγόντες,

211 1304 238 1367 oi.
261 1305 294 1368 δὲ
317 1304 421 1380 καινοί,
445 1302 471 1366 οἱ
496 1301 583 1366 καινιί
603 1306 650 1366 καίΙ
673 1302 826 1385 μηδέποτε
856 1303 1055 1387 εἰσαχθέντα.
1080 1303 1152 1368 ὅταν
1174 1302 1227 1369 οὖν
1249 1311 1341 1370 τοῦτο

211 1409 339 1490 γίνηται,
361 1411 470 1470 πλείων
493 1410 557 1472 ἕστιῗ
582 1405 697 1489 σπουδὴ
722 1413 783 1470 ταῖν
796 1407 965 1488 Ἀθηναίων
983 1413 1049 1489 περὶ
1066 1408 1099 1472 tri
1117 1408 1217 1473 καινὸν
1240 1414 1342 1492 δρᾶμα

211 1515 259 1576 καί
281 1510 435 1595 μηδέποτε
453 1510 667 1594 ἠγωνισμένον.
699 1512 783 1575 Hinc
797 1513 830 1575 in
853 1513 987 1576 decretis
1002 1513 1177 1579 honorariis
1193 1516 1342 1598 imperari

212 1618 301 1696 solet,
333 1622 368 1679 ut
397 1616 539 1700 praemia
562 1625 594 1679 et
624 1636 758 1679 coronae
788 1617 1032 1700 pronuntientur
1062 1618 1094 1680 in
1116 1617 1342 1704 Dionysiorum

212 1721 300 1784 festis
322 1719 432 1784 diebus
456 1722 619 1805 τραγῳδοῖς
642 1726 766 1795 καινοῖςε
802 1741 863 1804 quo
886 1721 991 1804 plures
1014 1721 1053 1785 de
1077 1743 1114 1785 eo
1136 1743 1170 1786 re
1194 1725 1342 1788 certiores

211 1825 341 1903 fierent3
377 1822 416 1887 cf.
440 1821 604 1887 Demosth.
637 1822 760 1887 decor.
784 1826 842 1887 542
878 1824 1072 1904 ἀναγορεῦσαι
1097 1827 1128 1888 ἐν
1151 1832 1197 1912 τῷ
1219 1825 1341 1913 θεάτρῳ

214 1928 380 2002 Διονυσίοις
404 1933 464 2002 τοῖς
487 1925 627 2007 μεγάλοις
650 1930 814 2013 τραγῳδοῖς
836 1935 956 2004 καινοῖς,
980 1926 1024 1990 ὅτι
1042 1930 1224 2011 στεῳιινοῖο
1246 1936 1343 2012 δῆμος

215 2029 425 2113 Δημοσθένην
453 2037 485 2094 et
507 2030 582 2095 ibid.
606 2032 663 2093 55:
691 2028 736 2110 μή
767 2030 963 2111 ἀναγορεύειν
995 2029 1048 2095 τὸν
1070 2032 1219 2116 στίῳανον
1241 2037 1274 2097 ἐν
1298 2041 1344 2121 τῳῖ

216 2132 341 2220 θεάτρῳ
374 2136 542 2209 Διονυσίοις
573 2136 738 2220 τραγῳδῶν
760 2140 801 2220 τῇ
823 2141 912 2220 καινῇ
933 2136 998 2200 scil.
1025 2136 1145 2222 εἰσόδῳ.
1190 2138 1264 2201 ibid.
1289 2142 1341 2204 84.

218 2242 288 2302 115.
316 2240 386 2301 116.
412 2239 481 2300 118.
523 2238 695 2301 Aeschines
718 2239 749 2300 iu
773 2238 912 2321 Ctesiph.
930 2242 987 2302 34:
1018 2243 1181 2327 τραγῳδιῖν
1201 2241 1343 2322 ἀγωνιζο-

213 2341 313 2422 μένων
347 2346 462 2403 καινιιῖν.
516 2340 646 2433 Luciall.
680 2340 805 2405 Timon.
844 2345 898 2404 51:
936 2346 983 2404 καὶ
1017 2346 1208 2426 στιῳανιιῖσαι
1247 2343 1343 2407 αὐτον

213 2452 338 2529 χρυσοῖς
368 2443 526 2527 στεῳιίιοις
555 2449 603 2506 καὶ
635 2445 890 2528 οίνακηροχθῆναι
920 2443 990 2521 τούς
1019 2446 1186 2530 στεῳοίνοος
1209 2447 1343 2530 τήμερον

214 2550 381 2624 Διονυσίοις
404 2552 572 2635 τραγῳδοῖς
601 2555 718 2624 καινοῖς.
771 2548 895 2633 Ioseph.
927 2547 1062 2631 ἀρχαιολ.
1095 2550 1176 2614 XIV
1207 2554 1235 2628 8,
1259 2555 1278 2614 5
1310 2554 1343 2615 in

214 2656 341 2718 decreto
366 2653 504 2736 quodam
527 2652 651 2715 Attico:
676 2654 844 2728 Διονυσίοις
868 2658 1035 2738 τραγῳδεῖν
1057 2659 1117 2716 ταῖν
1139 2661 1250 2717 κωνιῖν
1272 2654 1343 2735 dyo·

214 2757 322 2838 με’νων.
357 2755 519 2819 Plutarch.
542 2756 582 2819 de
605 2757 678 2820 exii.
695 2758 752 2819 10:
778 2759 946 2819 Διονυσίων
968 2764 1075 2833 καινοῖς
1099 2764 1274 2845 τραγῳδοῖς,
1298 2760 1342 2825 id.

214 2862 364 2926 Phocion.
392 2862 444 2923 19:
468 2860 519 2922 καί
539 2884 610 2922 ποτε
634 2858 804 2938 θεωμένων
826 2857 942 2935 καινους
965 2861 1139 2946 τραγῳδοῦς
1159 2862 1344 2947 Ἀθηναιων

215 2964 230 3027 ὁ
253 2966 310 3043 μὲν
333 2963 486 3051 τραγῳδός
516 2962 633 3026 εἰσιίναι
656 2961 775 3042 μέλλων
797 2986 855 3048 sq.‚
886 2965 927 3028 id.
951 2987 1051 3050 symp.
1079 2965 1145 3030 VII
1170 2972 1204 3030 7:
1235 2969 1344 3050 χάριεν

215 3065 272 3150 γάρ
296 3094 337 3131 τοι
361 3066 396 3131 τί
414 3072 467 3129 τοῦ
484 3065 640 3142 ,ιίοίκωνος
663 3065 696 3142 ὂς
718 3065 881 3153 ’.ίδῆνγμιι
898 3073 1007 3129 καινιῦν
1022 3068 1251 3149 ἀγωνιζομένων
1274 3100 1344 3153 τρα-

216 3175 326 3259 γῳδιιῖν
348 3170 507 3251 θεαίμενος
530 3168 582 3244 uir
605 3168 793 3251 παρασκευάς
816 3192 860 3255 sq.
895 3171 1048 3236 Aelianus
1063 3195 1129 3239 var.
1147 3175 1217 3240 hist.
1235 3177 1268 3239 ΙΙ
1289 3182 1342 3241 13:

214 3275 253 3339 'O
276 3276 307 3338 δὲ
331 3275 494 3357 Σωκράτης
517 3274 640 3337 σιιοίνιον
661 3274 720 3353 μὲν
742 3277 887 3358 ἐπεφοίτα
910 3283 971 3352 τοῖς
994 3275 1143 3357 θεάτροις·
1168 3278 1287 3343 εἴποτε
1312 3283 1343 3346 δὲ

216 3381 377 3463 Εὐριπίδης
400 3378 415 3443 α’
441 3384 494 3461 τῆς
517 3380 687 3467 τραγῳδίας
709 3377 838 3461 τισιιγτής
863 3381 1024 3460 ιγ’γωνίζετο
1044 3390 1152 3458 καινοῖς
1171 3388 1343 3470 τραγῳδοῖς,

216 3485 286 3549 τότε
308 3511 340 3566 γε
360 3484 541 3567 ἀφικνεῖτο,

319 3606 407 3670 idern
431 3614 538 3670 autem
560 3606 645 3668 valet
668 3606 706 3669 de
730 3606 816 3691 καινῇ
838 3606 992 3692 κωμῳδίᾳ,
1013 3628 1093 3690 quee
1108 3608 1294 3692 significatio
1310 3611 1341 3673 iu

215 3710 468 3795 inscriptionibus
490 3709 669 3793 agonisticis
692 3709 821 3772 Graecis
844 3710 968 3792 saepius
983 3711 1075 3791 redit,
1097 3711 1185 3775 velut
1200 3712 1232 3774 in
1246 3711 1343 3776 Thes·

215 3815 315 3898 picusi
331 3813 366 3878 O.
381 3814 408 3877 I.
425 3814 480 3878 Gr.
498 3813 513 3876 I
541 3816 630 3895 1585,
654 3813 710 3875 ubi
731 3811 893 3876 Bceckhio
916 3821 1046 3876 auctore
1070 3811 1178 3877 παλαιοὶ
1200 3816 1343 3900 κωμῳδία

215 3919 247 3980 in
270 3918 413 3999 catalogo
435 3924 599 3999 poetarum
616 3916 785 4000 opponitur
800 3921 887 4003 καινῇ
902 3917 1043 4003 κωμῳδίᾳ
1060 3938 1089 3980 ν.
1109 3919 1160 3981 12:
1185 3915 1343 3998 Θεόδωρος

319 4166 326 4196 ¹
348 4161 388 4212 cf.
409 4161 530 4212 Luedcrc
548 4157 605 4211 ‘Die
626 4160 823 4226 Dionysischen
845 4155 987 4210 Kdustlcr’.
1008 4159 1097 4210 Berlin
1122 4159 1192 4212 1873.
1231 4159 1339 4226 Moduip

216 4248 259 4300 Kl.
278 4247 427 4299 Schriften:
453 4248 517 4299 ‘Des
536 4245 650 4298 uttischs
669 4245 779 4297 Drumu'
803 4262 828 4311 p.
850 4245 901 4298 439
919 4261 957 4312 sq.
1006 4245 1036 4297 U.
1054 4244 1179 4312 Kochler,
1217 4245 1338 4299 Mitthci·

216 4336 320 4400 lungeu
338 4333 363 4384 d.
384 4334 463 4385 Arch.
482 4334 549 4385 inst.
569 4333 594 4383 in
615 4335 702 4384 Athon
722 4331 764 4383 111
783 4349 808 4399 p.
828 4332 876 4386 104
894 4347 934 4400 sq.
