2954 4822
556 305 597 322 ψ
639 275 710 363 [cc]
756 312 796 322 -
1204 282 1245 343 33

106 467 167 531 quc
190 468 309 512 nomen
333 469 412 513 socc
436 445 674 533 monosyllaba.
713 447 801 514 Sane
824 450 978 534 leguntur
993 452 1146 516 uersiculi
1163 451 1244 516 duo-

106 549 165 613 bus
196 556 321 616 tantum
350 551 548 616 choriambis
578 553 750 638 compositi
773 575 801 616 a.
826 575 857 638 g.
881 575 971 639 vcsp.
995 557 1067 635 526,
1093 558 1122 619 3.
1149 559 1186 618 15
1204 588 1244 610 =

107 658 180 735 631,
198 658 298 731 2.15;
328 657 969 743 Lysim.331,1o.11.12.13=333‚
994 663 1246 726 ro.11.13.13.

238 813 374 896 Versus,
399 816 454 901 qui
476 816 630 901 leguntur
652 817 690 881 fr.
718 816 810 881 1631)
834 822 867 881 et
889 817 910 881 d
934 816 985 883 ed.
1009 817 1120 883 Dind.:

230 929 291 1022 γάρ
313 928 388 1001 ποτ’
414 932 489 1019 ἐμοὶ
512 933 716 1023 παυσαμένῳ
737 937 797 1003 τοῦ
819 935 968 1021 πολέμου
991 934 1116 1023 γένοιτο

225 1039 285 1126 τῆς
306 1032 422 1125 τρυγὸς
444 1031 542 1125 ἔριον
563 1034 706 1126 λιπαρὸν
727 1037 784 1105 καὶ
809 1035 955 1129 ῥάφανον
977 1039 1108 1128 φέροντι

106 1580 216 1663 itaque
240 1578 455 1667 dubitandum
483 1584 550 1658 est,
580 1599 656 1642 num
679 1578 728 1642 illi
751 1577 978 1644 choriambicis
1002 1581 1151 1644 versibus
1176 1582 1246 1646 iure

105 1681 335 1748 attribuantur.

192 1801 348 1867 Omittam
375 1803 413 1868 fr.
441 1805 499 1866 130
529 1802 580 1867 ed.
609 1802 750 1867 Dindorf
771 1804 844 1888 (141
872 1803 922 1868 cd.
948 1801 1069 1888 Koch),
1102 1806 1161 1867 132
1192 1804 1244 1869 cd.

103 1906 244 1971 Diudorf
276 1905 354 1991 (143
391 1904 441 1970 cd.
469 1904 595 1992 Koch),
638 1928 772 1992 quorum
810 1914 950 1972 metrum
985 1913 1053 1971 tam
1087 1908 1246 1971 incertum

104 2010 279 2076 exhibetur
301 2012 334 2074 in
359 2011 540 2092 codicibus,
570 2017 607 2076 ut
634 2013 703 2077 iure
727 2019 902 2098 quaeratur
924 1996 1033 2077 utrum
1060 2012 1245 2098 logaocdici

106 2115 171 2180 sint
194 2134 308 2179 vorsus
331 2135 373 2178 an
397 2115 614 2180 choriambici.

192 2235 520 2301 Commemorandum
543 2235 683 2322 denique
707 2243 758 2302 est
783 2260 914 2303 carmen
938 2237 1032 2319 illud,
1057 2237 1142 2323 quod
1162 2238 1246 2302 inter

107 2341 251 2405 carmina
274 2341 445 2426 popularia
467 2342 593 2427 recepit
615 2340 797 2427 Bergkius:

517 2501 615 2545 carm.
640 2481 750 2566 popul.
778 2485 811 2544 11

415 2589 467 2671 τίς
486 2591 579 2680 acida·
602 2590 722 2659 πολλοὶ
745 2585 902 2679 κάγαθοί.

413 2688 625 2778 Ἕκκέχυται·
648 2691 739 2764 κάλει
763 2693 852 2764 θεόν.

190 3289 428 3354 Demonstrare
451 3288 560 3354 studui
582 3290 613 3352 in
635 3291 740 3376 prima
756 3289 963 3375 paragrapho
986 3290 1128 3375 apoetis
1150 3298 1240 3354 vatc-

101 3393 191 3458 ribus
220 3392 443 3456 choriambum
473 3391 615 3457 diiambo
646 3414 760 3479 parem
790 3413 862 3457 csse
893 3392 1091 3467 adhibitum;
1128 3415 1240 3479 quare,

102 3497 128 3560 si
151 3496 320 3561 licentiam
350 3494 513 3580 quandam
540 3495 573 3558 in
596 3493 739 3559 admisso
771 3496 833 3559 hoc
859 3495 943 3580 pede
973 3515 1037 3558 non
1067 3502 1240 3560 senscrunt

99 3607 233 3686 poetae,
258 3605 433 3684 exspectes
459 3599 493 3662 iu
520 3598 637 3663 vicinia
666 3597 845 3662 choriambi
875 3599 975 3661 etiam
1003 3597 1086 3661 alias
1115 3596 1238 3661 formas

100 3703 234 3769 diiambi
257 3703 373 3768 variati
392 3703 526 3767 tolerari
550 3723 659 3789 posse:
677 3719 812 3781 aaa„
831 3744 937 3779 ..a-‚
956 3741 1090 3784 cm„
1107 3727 1239 3781 ῡ.υυ.,

100 3849 264 3887 uem„
289 3827 428 3874 Aac..
480 3807 702 3891 Perquirenda
733 3806 830 3891 igitur
863 3811 938 3869 suut
969 3806 1129 3886 carmina,
1161 3828 1238 3871 uum

100 3931 214 3977 revera
238 3917 355 3996 poetae
379 3911 441 3976 hac
465 3930 594 3996 quoque
617 3910 750 3974 licentia
772 3911 824 3974 usi
848 3911 921 3974 sint.

185 4033 295 4098 Primo
310 4033 382 4097 loco
399 4053 455 4098 aas
472 4032 622 4118 strophas
638 4032 782 4112 afferam,
802 4031 917 4117 quihus
929 4036 1061 4116 practer
1076 4031 1236 4097 choriam-

94 4141 176 4206 bum
197 4138 287 4202 solus
306 4137 489 4223 tribrachys
514 4157 587 4200 cum
609 4136 719 4202 iambo
742 4138 883 4201 insertus
908 4143 969 4217 cst,
999 4157 1081 4221 quac
1104 4137 1236 4204 diiambi

99 4242 256 4321 variatio,
292 4241 412 4327 quippe
446 4260 529 4324 quac
561 4259 664 4325 aeque
696 4260 734 4304 ac
767 4239 926 4304 diiambus
963 4260 1022 4304 scx
1053 4249 1234 4328 temporum
