2954 4808
208 266 247 328 12
727 259 820 345 [roa]

206 455 335 539 πλακιήν
372 453 500 518 Ioannis
537 453 728 519 Damasceni
760 453 823 538 [ed.
856 453 1147 539 Lequien·hligne
1183 461 1268 521 tom.
1306 456 1359 521 III

205 579 279 645 pag.
304 557 406 642 825]).
430 594 470 605 -
494 558 564 638 napi
594 555 801 640 civaapsom'ou
824 555 920 642 (inex
947 554 994 621 Tei
1018 553 1228 641 αἰνακρεόντια
1251 559 1358 626 dnode-

206 689 314 747 χσνται
345 663 402 743 μὲν
424 659 528 727 αὐτῶν
548 661 577 725 οἱ
598 658 684 745 alitor,
707 659 901 740 ἀνάπαιστον,
931 660 1010 734 des-2
1039 656 1087 727 ὅτι
1116 662 1283 744 αἷνακρὲων
1309 665 1357 741 τίς

207 772 325 850 πρῶτος
348 765 447 831 tov'tco
462 764 616 851 ἐχρήσατο
632 763 733 849 [conf.
749 765 928 852 Ps.-Haph.
944 767 962 848 δ
978 766 1035 850 8]).
1055 806 1093 815 -
1116 772 1190 850 περὶ
1204 769 1359 850 ἰαμβικσιῖ

207 871 301 956 (inat
323 869 358 937 τὸ
381 867 521 953 ἰαμβικὸν
542 869 655 954 μέτρον
677 869 846 955 ἑξάμετρον
867 874 916 936 καὶ
937 871 1100 954 τρίμετρον
1113 877 1265 938 καλεῖται.
1290 872 1357 956 cpl-

205 1000 319 1059 μετρσν
333 975 400 1055 μὲν,
415 973 498 1041 dea:
514 974 650 1058 ἐστήριξε
665 972 744 1058 κάρη
759 978 809 1039 aci
824 976 874 1040 ἐπὶ
883 976 979 1058 χθονὶ
990 978 1084 1056 βαίνει
1096 972 1214 1059 (Hom.
1229 974 1357 1060 [1442)

207 1079 304 1160 [cont.
328 1102 356 1145 e.
379 1099 410 1163 g.
433 1075 569 1142 ‘Scholia
590 1077 851 1162 Hephaestionea
871 1075 907 1141 B'
929 1098 1001 1163 pag.
1019 1080 1058 1142 18
1084 1077 1135 1143 ed.
1151 1077 1355 1144 Hoerschel·

206 1181 326 1266 mann}
358 1218 397 1229 -
429 1180 473 1246 ἔτι
500 1184 572 1268 περὶ
604 1185 784 1246 δακτυλικσιῖ
812 1179 927 1265 μέτρου
957 1183 1051 1259 (incz
1090 1181 1136 1244 To*
1168 1182 1356 1246 δακτυλικόν

205 1286 322 1370 μέτρον
343 1283 514 1370 ἐπιδέχεται
537 1284 632 1363 πόδας
647 1271 677 1368 pl,
693 1283 746 1350 τάν
761 1283 919 1364 δάκτυλον,
943 1284 1028 1351 dea:
1052 1284 1115 1349 ἔστι
1138 1285 1241 1348 δὲκαὶ
1259 1285 1354 1368 ἑτέρα

205 1388 374 1475 deurode-mi,
399 1385 417 1473 ἦ
442 1387 478 1454 τὰ
501 1389 656 1472 βουκολικιιὶ
679 1389 915 1473 συνεγράφησαν
934 1387 1356 1473 [conl.Ps.·Hoph.§10].

207 1494 393 1580 Sequuntur
414 1494 446 1558 in
469 1492 493 1556 Z
516 1493 606 1557 varia
627 1513 711 1577 quae
734 1492 775 1557 ad
798 1513 865 1557 rem
889 1493 1050 1558 metricam
1074 1513 1138 1556 non
1168 1493 1354 1576 pertinent3

206 1619 245 1662 ac
266 1598 403 1683 primum
419 1595 546 1683 quidem
569 1595 769 1661 definitiones
784 1597 1021 1681 vocabulorum,
1044 1618 1124 1682 qnae
1141 1603 1218 1661 sunt
1234 1596 1354 1682 φράσις

207 1700 351 1785 ἕκφρασις
373 1698 553 1785 ἀντίφρασις
574 1700 769 1785 μετάφρασις
791 1702 985 1786 παράφρασις
1006 1703 1055 1764 καὶ
1077 1702 1268 1786 περίφρασις
1287 1707 1355 1766 dcc·

207 1803 293 1892 φέρει
316 1811 379 1869 κτλ.
404 1804 505 1887 (dest
527 1806 576 1868 καὶ
597 1805 649 1888 βίη
672 1802 828 1888 ἡρακλείη,
851 1801 920 1868 ἀντὶ
942 1811 999 1870 τοῦ
1019 1803 1197 1890 η’ριιικλῆς).ι

311 1912 341 1974 3.
370 1908 535 1973 Matricem
553 1908 733 1992 congeriem
749 1929 820 1973 cum
835 1907 1239 1994 Pseudo-Hephaestionis
1257 1930 1354 1994 para·

207 2012 337 2097 graphio
361 2011 466 2077 2-45
489 2013 605 2099 partim
628 2017 857 2096 congruentem
887 2012 1088 2098 paragrapho
1118 2013 1245 2097 primae
1276 2014 1354 2079 sub·

208 2118 323 2182 iectam
346 2114 478 2182 exhibet

311 2220 413 2285 codex
435 2217 675 2284 Vaticanus
700 2219 746 2282 15
769 2218 954 2285 chartaceus
983 2219 1103 2287 saeculi
1128 2217 1194 2285 XV
1218 2221 1350 2286 miscel-

208 2324 320 2390 laneus
358 2321 414 2407 (de
453 2344 516 2408 quo
557 2321 641 2387 conl.
676 2321 876 2388 Studemund
909 2324 942 2388 in
976 2322 1081 2387 annal.
1114 2322 1227 2409 philol.
1263 2345 1352 2391 anno

210 2429 291 2493 1867
315 2448 389 2514 pag.
415 2425 509 2511 614);
533 2426 675 2492 continet
696 2427 780 2492 enim
803 2426 858 2493 iol.
882 2427 958 2492 232³
975 2462 1010 2472 -
1029 2426 1084 2492 tol.
1108 2429 1172 2492 239
1201 2427 1354 2495 Pseudo·

208 2530 460 2616 Hephaestionis
484 2529 608 2613 (titulus
632 2530 683 2596 hic
707 2537 770 2596 est:
802 2528 1091 2614 ἦφαιστίιιινας
1113 2532 1183 2615 περὶ
1211 2531 1354 2615 μέτρων)

208 2634 427 2721 paragraphos
453 2636 567 2699 1-11.
613 2633 720 2716 (Quod
745 2633 945 2700 Studemund
960 2635 981 2700 l.
997 2655 1022 2701 c.
1047 2634 1127 2699 dixit
1141 2636 1248 2701 inesse
1271 2657 1354 2701 non-

208 2739 296 2804 nulle
320 2739 426 2823 capita
457 2760 499 2803 ex
530 2737 658 2805 scholiis
680 2737 949 2825 Hephaestioneis
972 2739 1000 2804 Β
1027 2738 1206 2827 desumpta,
1243 2740 1277 2806 id
1306 2742 1354 2806 ita

198 2840 460 2927 intellegendum
476 2850 537 2924 est,
559 2847 596 2905 ut
611 2849 836 2926 argumentum
851 2842 974 2928 aliquot
989 2863 1110 2925 earum,
1133 2863 1216 2928 quae
1237 2843 1354 2912 codice

209 2946 367 3012 Vaticano
393 2946 608 3027 continentur,
637 2945 912 3032 paragraphorum
934 2945 1354 3032 Pseudo-Hephaestionis

209 3071 280 3115 cum
312 3050 446 3116 'scholiis
470 3048 740 3135 Hephaestioneis
762 3046 799 3113 B'
819 3055 889 3115 arta
921 3049 1112 3134 cognatione
1145 3049 1353 3135 cohaereat).

313 3157 343 3219 4.
378 3152 501 3219 Eodem
517 3154 676 3236 pertinere
692 3153 819 3218 videtur
838 3153 943 3219 codex
959 3153 1269 3220 Laurentianus
1285 3155 1354 3221 LV

210 3263 228 3325 7
252 3260 439 3324 chartaceus
462 3256 584 3322 formae
608 3262 741 3342 quartae
765 3256 895 3321 minoris
918 3276 1001 3323 saec.
1023 3255 1089 3321 XV
1112 3255 1353 3343 miscellaneae,

210 3362 309 3432 coni.⁴
332 3356 535 3426 Studemund
567 3358 588 3425 l.
629 3381 656 3426 c.
693 3379 764 3444 pag.
796 3361 859 3425 613
893 3380 939 3444 sq.
993 3357 1142 3424 Continet
1178 3358 1205 3423 is
1246 3360 1355 3427 codex

208 3466 263 3532 fol.
292 3467 368 3529 319Ι
397 3462 701 3549 Ἡφαιστίωνος
728 3465 800 3549 περὶ
829 3461 950 3546 μέτρων
982 3462 1056 3543 (inc.
1089 3463 1129 3526 Et
1157 3462 1355 3550 μέλλοιμεν),

209 3568 416 3656 sequentibus
439 3568 560 3653 aliquot
583 3567 771 3632 tractatibus
803 3566 959 3648 metricis,
987 3566 1126 3652 quique
1155 3569 1357 3652 cognatione

211 3694 283 3739 cum
315 3671 729 3759 Pseudo-Hephaestionis
760 3670 841 3736 libro
875 3670 1069 3737 cohaereant
1100 3691 1140 3735 ex
1174 3672 1231 3751 iis,
1268 3694 1357 3758 quae

210 3777 409 3844 Studemund
434 3778 475 3843 de
502 3777 565 3843 hoc
597 3775 706 3842 codice
738 3776 916 3856 adnotavit,
950 3777 1099 3861 cognosci
1132 3797 1197 3842 non
1231 3786 1356 3864 potest.

317 4060 326 4095 ¹
345 4058 458 4111 Initium
477 4057 591 4124 puerilis
610 4055 694 4121 illins,
714 4069 784 4124 quae
803 4055 831 4106 in
851 4052 956 4107 codicis
974 4055 993 4106 Z
1013 4051 1067 4105 fine
1085 4053 1197 4118 legitur,
1215 4057 1359 4111 tractatas

213 4150 246 4200 de
264 4145 354 4210 poetis
373 4143 457 4207 (cont.
468 4140 639 4195 Stademund
656 4142 684 4196 in
698 4141 790 4194 annal.
805 4139 898 4207 philol.
911 4156 935 4192 a.
949 4139 1017 4194 1867
1030 4151 1091 4206 pag.
1104 4136 1156 4193 612
1167 4139 1216 4191 lin.
1228 4138 1265 4194 61
1280 4143 1359 4210 sqq.)

213 4232 342 4301 congruit
359 4247 419 4284 curn
438 4230 554 4283 'l'aetaae
572 4228 778 4299 prolegomenis
797 4226 833 4281 ad
851 4225 1026 4295 Lycophron.
1045 4238 1109 4294 pag.
1127 4224 1179 4279 641
1201 4225 1247 4282 ad.
1268 4226 1308 4282 Μ.
1327 4228 1358 4284 O.

215 4320 247 4377 G.
265 4319 388 4374 Mueller.
