<?xml version="1.0" encoding="UTF-8"?>
<!DOCTYPE html PUBLIC "-//W3C//DTD XHTML 1.0 Transitional//EN"
    "http://www.w3.org/TR/xhtml1/DTD/xhtml1-transitional.dtd">
<html xmlns="http://www.w3.org/1999/xhtml" xml:lang="en" lang="en">
 <head>
  <title>
</title>
<meta http-equiv="Content-Type" content="text/html;charset=utf-8" />
  <meta name='ocr-system' content='tesseract 3.04.00' />
  <meta name='ocr-capabilities' content='ocr_page ocr_carea ocr_par ocr_line ocrx_word'/>
</head>
<body>
  <div class='ocr_page' id='page_1' title='image "./dissertationesp00stragoog/dissertationesp00stragoog_0923.png"; bbox 0 0 2948 4808; ppageno 0'>
   <div class='ocr_carea' id='block_1_1' title="bbox 206 282 822 376">
    <p class='ocr_par' dir='ltr' id='par_1_1' title="bbox 206 282 822 376">
     <span class='ocr_line' id='line_1_1' title="bbox 206 282 822 376; baseline -0.002 -19"><span class='ocrx_word' id='word_1_1' title='bbox 206 287 248 360; x_wconf 82' lang='lat' dir='ltr'>ao</span> <span class='ocrx_word' id='word_1_2' title='bbox 729 282 822 376; x_wconf 75' lang='lat' dir='ltr'>[roa]</span> 
     </span>
    </p>
   </div>
   <div class='ocr_carea' id='block_1_2' title="bbox 204 480 1371 4304">
    <p class='ocr_par' dir='ltr' id='par_1_2' title="bbox 204 480 1371 778">
     <span class='ocr_line' id='line_1_2' title="bbox 204 480 1371 571; baseline -0.002 -18"><span class='ocrx_word' id='word_1_3' title='bbox 204 488 278 553; x_wconf 89' lang='lat' dir='ltr'>libri</span> <span class='ocrx_word' id='word_1_4' title='bbox 301 486 399 570; x_wconf 85' lang='lat' dir='ltr'>(coni.</span> <span class='ocrx_word' id='word_1_5' title='bbox 423 483 631 571; x_wconf 88' lang='lat' dir='ltr'>Rudolphum</span> <span class='ocrx_word' id='word_1_6' title='bbox 657 483 830 570; x_wconf 89' lang='lat' dir='ltr'>Westphal</span> <span class='ocrx_word' id='word_1_7' title='bbox 852 481 978 551; x_wconf 84' lang='lat' dir='ltr'>‘Metrik</span> <span class='ocrx_word' id='word_1_8' title='bbox 1012 485 1070 551; x_wconf 90' lang='lat' dir='ltr'>der</span> <span class='ocrx_word' id='word_1_9' title='bbox 1093 480 1282 554; x_wconf 83' lang='lat' dir='ltr'>Griechen&#39;</span> <span class='ocrx_word' id='word_1_10' title='bbox 1305 484 1371 554; x_wconf 81' lang='lat' dir='ltr'>rol.</span> 
     </span>
     <span class='ocr_line' id='line_1_3' title="bbox 208 588 1371 676; baseline 0.002 -22"><span class='ocrx_word' id='word_1_11' title='bbox 208 590 238 654; x_wconf 75' lang='lat'>12</span> <span class='ocrx_word' id='word_1_12' title='bbox 261 612 336 676; x_wconf 98' lang='lat' dir='ltr'>pag.</span> <span class='ocrx_word' id='word_1_13' title='bbox 361 589 458 675; x_wconf 82' lang='lat'>198);</span> <span class='ocrx_word' id='word_1_14' title='bbox 480 589 512 654; x_wconf 93' lang='lat' dir='ltr'>id</span> <span class='ocrx_word' id='word_1_15' title='bbox 535 589 641 674; x_wconf 88' lang='lat' dir='ltr'>potius</span> <span class='ocrx_word' id='word_1_16' title='bbox 663 588 768 653; x_wconf 90' lang='lat' dir='ltr'>mirari</span> <span class='ocrx_word' id='word_1_17' title='bbox 791 589 912 672; x_wconf 81' lang='lat' dir='ltr'>licebit,</span> <span class='ocrx_word' id='word_1_18' title='bbox 937 600 1003 655; x_wconf 90' lang='lat' dir='ltr'>tam</span> <span class='ocrx_word' id='word_1_19' title='bbox 1025 591 1175 676; x_wconf 87' lang='lat' dir='ltr'>paullum</span> <span class='ocrx_word' id='word_1_20' title='bbox 1200 593 1283 659; x_wconf 92' lang='lat' dir='ltr'>illos</span> <span class='ocrx_word' id='word_1_21' title='bbox 1307 593 1371 658; x_wconf 91' lang='lat' dir='ltr'>hoc</span> 
     </span>
     <span class='ocr_line' id='line_1_4' title="bbox 205 695 489 778; baseline -0.004 -20"><span class='ocrx_word' id='word_1_22' title='bbox 205 695 276 758; x_wconf 91' lang='lat' dir='ltr'>loco</span> <span class='ocrx_word' id='word_1_23' title='bbox 300 712 489 778; x_wconf 83' lang='lat' dir='ltr'>congruere.</span> 
     </span>
    </p>

    <p class='ocr_par' dir='ltr' id='par_1_3' title="bbox 204 793 1368 2127">
     <span class='ocr_line' id='line_1_5' title="bbox 310 793 1368 880; baseline 0.003 -20"><span class='ocrx_word' id='word_1_24' title='bbox 310 797 416 861; x_wconf 85' lang='lat' dir='ltr'>Minus</span> <span class='ocrx_word' id='word_1_25' title='bbox 440 796 534 859; x_wconf 89' lang='lat' dir='ltr'>etiam</span> <span class='ocrx_word' id='word_1_26' title='bbox 557 815 654 879; x_wconf 92' lang='lat' dir='ltr'>quam</span> <span class='ocrx_word' id='word_1_27' title='bbox 676 793 782 859; x_wconf 85' lang='lat' dir='ltr'>Draco</span> <span class='ocrx_word' id='word_1_28' title='bbox 806 816 876 860; x_wconf 92' lang='lat' dir='ltr'>cum</span> <span class='ocrx_word' id='word_1_29' title='bbox 905 796 1010 880; x_wconf 88' lang='lat' dir='ltr'>priore</span> <span class='ocrx_word' id='word_1_30' title='bbox 1040 796 1113 860; x_wconf 88' lang='lat' dir='ltr'>libri</span> <span class='ocrx_word' id='word_1_31' title='bbox 1138 797 1368 863; x_wconf 88' lang='lat' dir='ltr'>Pseudo-He·</span> 
     </span>
     <span class='ocr_line' id='line_1_6' title="bbox 204 900 1366 986; baseline 0.001 -22"><span class='ocrx_word' id='word_1_32' title='bbox 204 901 404 986; x_wconf 89' lang='lat' dir='ltr'>phaestionei</span> <span class='ocrx_word' id='word_1_33' title='bbox 425 909 517 985; x_wconf 89' lang='lat' dir='ltr'>parte</span> <span class='ocrx_word' id='word_1_34' title='bbox 541 900 704 977; x_wconf 69' lang='lat' dir='ltr'>consentit,</span> <span class='ocrx_word' id='word_1_35' title='bbox 729 902 783 984; x_wconf 91' lang='lat' dir='ltr'>qui</span> <span class='ocrx_word' id='word_1_36' title='bbox 806 901 920 964; x_wconf 87' lang='lat' dir='ltr'>tertius</span> <span class='ocrx_word' id='word_1_37' title='bbox 944 902 991 964; x_wconf 89' lang='lat' dir='ltr'>his</span> <span class='ocrx_word' id='word_1_38' title='bbox 1008 900 1283 965; x_wconf 80' lang='lat' dir='ltr'>adnumerandus</span> <span class='ocrx_word' id='word_1_39' title='bbox 1303 909 1366 977; x_wconf 80' lang='lat' dir='ltr'>est,</span> 
     </span>
     <span class='ocr_line' id='line_1_7' title="bbox 205 1001 1366 1090; baseline -0.002 -19"><span class='ocrx_word' id='word_1_40' title='bbox 205 1005 373 1071; x_wconf 77' lang='lat' dir='ltr'>Triclinius</span> <span class='ocrx_word' id='word_1_41' title='bbox 407 1007 474 1070; x_wconf 85' lang='lat' dir='ltr'>sive</span> <span class='ocrx_word' id='word_1_42' title='bbox 508 1001 671 1068; x_wconf 88' lang='lat' dir='ltr'>‘tractatus</span> <span class='ocrx_word' id='word_1_43' title='bbox 706 1002 922 1086; x_wconf 88' lang='lat' dir='ltr'>Harleianus’;</span> <span class='ocrx_word' id='word_1_44' title='bbox 963 1012 1067 1069; x_wconf 86' lang='lat' dir='ltr'>exstat</span> <span class='ocrx_word' id='word_1_45' title='bbox 1100 1005 1188 1069; x_wconf 89' lang='lat' dir='ltr'>enim</span> <span class='ocrx_word' id='word_1_46' title='bbox 1229 1015 1366 1090; x_wconf 87' lang='lat' dir='ltr'>praeter</span> 
     </span>
     <span class='ocr_line' id='line_1_8' title="bbox 205 1108 1363 1194; baseline 0 -20"><span class='ocrx_word' id='word_1_47' title='bbox 205 1109 323 1194; x_wconf 87' lang='lat' dir='ltr'>pedum</span> <span class='ocrx_word' id='word_1_48' title='bbox 358 1109 585 1193; x_wconf 87' lang='lat' dir='ltr'>disyllaborum</span> <span class='ocrx_word' id='word_1_49' title='bbox 623 1115 655 1171; x_wconf 87' lang='lat' dir='ltr'>et</span> <span class='ocrx_word' id='word_1_50' title='bbox 689 1108 924 1193; x_wconf 85' lang='lat' dir='ltr'>trisyllaborum</span> <span class='ocrx_word' id='word_1_51' title='bbox 961 1110 1107 1180; x_wconf 78' lang='lat' dir='ltr'>nomina.</span> <span class='ocrx_word' id='word_1_52' title='bbox 1148 1129 1237 1193; x_wconf 87' lang='lat' dir='ltr'>quae</span> <span class='ocrx_word' id='word_1_53' title='bbox 1276 1109 1363 1175; x_wconf 90' lang='lat' dir='ltr'>adeo</span> 
     </span>
     <span class='ocr_line' id='line_1_9' title="bbox 205 1209 1361 1296; baseline -0.003 -19"><span class='ocrx_word' id='word_1_54' title='bbox 205 1213 331 1277; x_wconf 86' lang='lat' dir='ltr'>diverso</span> <span class='ocrx_word' id='word_1_55' title='bbox 355 1212 467 1276; x_wconf 93' lang='lat' dir='ltr'>ordine</span> <span class='ocrx_word' id='word_1_56' title='bbox 490 1211 531 1273; x_wconf 88' lang='lat' dir='ltr'>ab</span> <span class='ocrx_word' id='word_1_57' title='bbox 554 1231 591 1275; x_wconf 90' lang='lat' dir='ltr'>eo</span> <span class='ocrx_word' id='word_1_58' title='bbox 617 1210 803 1293; x_wconf 87' lang='lat' dir='ltr'>traduntur,</span> <span class='ocrx_word' id='word_1_59' title='bbox 831 1212 909 1275; x_wconf 89' lang='lat' dir='ltr'>nihil</span> <span class='ocrx_word' id='word_1_60' title='bbox 932 1209 1017 1296; x_wconf 87' lang='lat' dir='ltr'>apud</span> <span class='ocrx_word' id='word_1_61' title='bbox 1040 1232 1131 1288; x_wconf 85' lang='lat' dir='ltr'>eum,</span> <span class='ocrx_word' id='word_1_62' title='bbox 1161 1211 1256 1294; x_wconf 88' lang='lat' dir='ltr'>quod</span> <span class='ocrx_word' id='word_1_63' title='bbox 1284 1233 1361 1277; x_wconf 93' lang='lat' dir='ltr'>cum</span> 
     </span>
     <span class='ocr_line' id='line_1_10' title="bbox 205 1316 1359 1402; baseline -0.003 -20"><span class='ocrx_word' id='word_1_64' title='bbox 205 1317 406 1402; x_wconf 78' lang='lat' dir='ltr'>paragrapho</span> <span class='ocrx_word' id='word_1_65' title='bbox 424 1320 433 1378; x_wconf 93' lang='grc'>1</span> <span class='ocrx_word' id='word_1_66' title='bbox 455 1321 609 1398; x_wconf 80' lang='lat' dir='ltr'>congruat</span> <span class='ocrx_word' id='word_1_67' title='bbox 623 1322 750 1398; x_wconf 89' lang='lat' dir='ltr'>praeter</span> <span class='ocrx_word' id='word_1_68' title='bbox 766 1336 862 1380; x_wconf 89' lang='lat' dir='ltr'>unam</span> <span class='ocrx_word' id='word_1_69' title='bbox 880 1316 963 1379; x_wconf 90' lang='lat' dir='ltr'>illam</span> <span class='ocrx_word' id='word_1_70' title='bbox 980 1317 1191 1380; x_wconf 88' lang='lat' dir='ltr'>senteutiam:</span> <span class='ocrx_word' id='word_1_71' title='bbox 1211 1322 1359 1399; x_wconf 73' lang='grc' dir='ltr'><em>προῆλθε</em></span> 
     </span>
     <span class='ocr_line' id='line_1_11' title="bbox 204 1415 1362 1505; baseline -0.002 -22"><span class='ocrx_word' id='word_1_72' title='bbox 204 1418 240 1484; x_wconf 68' lang='grc' dir='ltr'>δι’</span> <span class='ocrx_word' id='word_1_73' title='bbox 256 1419 292 1484; x_wconf 75' lang='grc' dir='ltr'><em>το</em></span> <span class='ocrx_word' id='word_1_74' title='bbox 313 1417 428 1501; x_wconf 78' lang='grc' dir='ltr'><em>μέτρον</em></span> <span class='ocrx_word' id='word_1_75' title='bbox 449 1415 483 1482; x_wconf 79' lang='grc' dir='ltr'>ἐκ</span> <span class='ocrx_word' id='word_1_76' title='bbox 507 1424 596 1495; x_wconf 72' lang='grc' dir='ltr'><em>θεοῦ,</em></span> <span class='ocrx_word' id='word_1_77' title='bbox 618 1417 723 1505; x_wconf 70' lang='grc' dir='ltr'><em>μέτρῳ</em></span> <span class='ocrx_word' id='word_1_78' title='bbox 747 1416 786 1482; x_wconf 78' lang='grc' dir='ltr'>τά</span> <span class='ocrx_word' id='word_1_79' title='bbox 809 1444 842 1482; x_wconf 83' lang='grc' dir='ltr'>τε</span> <span class='ocrx_word' id='word_1_80' title='bbox 858 1418 986 1503; x_wconf 75' lang='grc' dir='ltr'><em>ου’ροὶνοο</em></span> <span class='ocrx_word' id='word_1_81' title='bbox 1001 1422 1050 1481; x_wconf 83' lang='grc' dir='ltr'>καὶ</span> <span class='ocrx_word' id='word_1_82' title='bbox 1066 1417 1184 1501; x_wconf 64' lang='grc' dir='ltr'>ἐπίγεια</span> <span class='ocrx_word' id='word_1_83' title='bbox 1199 1443 1362 1501; x_wconf 79' lang='grc' dir='ltr'><em>κεκοσμη·</em></span> 
     </span>
     <span class='ocr_line' id='line_1_12' title="bbox 204 1520 1358 1608; baseline 0.001 -21"><span class='ocrx_word' id='word_1_84' title='bbox 204 1520 291 1600; x_wconf 77' lang='grc' dir='ltr'><em>κότος</em></span> <span class='ocrx_word' id='word_1_85' title='bbox 314 1522 404 1608; x_wconf 86' lang='lat' dir='ltr'>(pag.</span> <span class='ocrx_word' id='word_1_86' title='bbox 428 1524 502 1604; x_wconf 81' lang='grc'><strong>321,</strong></span> <span class='ocrx_word' id='word_1_87' title='bbox 524 1520 687 1605; x_wconf 78' lang='lat'>26-27);</span> <span class='ocrx_word' id='word_1_88' title='bbox 711 1544 805 1607; x_wconf 89' lang='lat' dir='ltr'>quam</span> <span class='ocrx_word' id='word_1_89' title='bbox 822 1523 1012 1587; x_wconf 87' lang='lat' dir='ltr'>sententiam</span> <span class='ocrx_word' id='word_1_90' title='bbox 1029 1523 1091 1587; x_wconf 89' lang='lat' dir='ltr'>iam</span> <span class='ocrx_word' id='word_1_91' title='bbox 1107 1521 1358 1588; x_wconf 84' lang='lat' dir='ltr'>Alexandrinos</span> 
     </span>
     <span class='ocr_line' id='line_1_13' title="bbox 205 1625 1358 1712; baseline 0.001 -22"><span class='ocrx_word' id='word_1_92' title='bbox 205 1627 246 1691; x_wconf 93' lang='lat' dir='ltr'>de</span> <span class='ocrx_word' id='word_1_93' title='bbox 268 1648 301 1691; x_wconf 88' lang='lat' dir='ltr'>re</span> <span class='ocrx_word' id='word_1_94' title='bbox 326 1628 456 1692; x_wconf 85' lang='lat' dir='ltr'>metrica</span> <span class='ocrx_word' id='word_1_95' title='bbox 476 1626 646 1711; x_wconf 76' lang='lat' dir='ltr'>scriptores</span> <span class='ocrx_word' id='word_1_96' title='bbox 669 1626 710 1691; x_wconf 91' lang='lat' dir='ltr'>ab</span> <span class='ocrx_word' id='word_1_97' title='bbox 733 1628 965 1712; x_wconf 80' lang='lat' dir='ltr'>antiquioribus</span> <span class='ocrx_word' id='word_1_98' title='bbox 993 1626 1033 1690; x_wconf 91' lang='lat' dir='ltr'>de</span> <span class='ocrx_word' id='word_1_99' title='bbox 1063 1625 1217 1710; x_wconf 83' lang='lat' dir='ltr'>rhythmo</span> <span class='ocrx_word' id='word_1_100' title='bbox 1252 1628 1358 1712; x_wconf 79' lang='lat' dir='ltr'>scrip</span> 
     </span>
     <span class='ocr_line' id='line_1_14' title="bbox 205 1730 1358 1816; baseline 0.001 -22"><span class='ocrx_word' id='word_1_101' title='bbox 205 1731 336 1808; x_wconf 78' lang='lat' dir='ltr'>toribus,</span> <span class='ocrx_word' id='word_1_102' title='bbox 360 1731 419 1795; x_wconf 92' lang='lat' dir='ltr'>hos</span> <span class='ocrx_word' id='word_1_103' title='bbox 441 1737 548 1796; x_wconf 92' lang='lat' dir='ltr'>autem</span> <span class='ocrx_word' id='word_1_104' title='bbox 573 1730 716 1795; x_wconf 86' lang='lat' dir='ltr'>Platonis</span> <span class='ocrx_word' id='word_1_105' title='bbox 740 1731 864 1816; x_wconf 87' lang='lat' dir='ltr'>scriptis</span> <span class='ocrx_word' id='word_1_106' title='bbox 888 1730 1035 1796; x_wconf 87' lang='lat' dir='ltr'>traditam</span> <span class='ocrx_word' id='word_1_107' title='bbox 1064 1731 1232 1814; x_wconf 88' lang='lat' dir='ltr'>accepisse</span> <span class='ocrx_word' id='word_1_108' title='bbox 1255 1731 1358 1795; x_wconf 86' lang='lat' dir='ltr'>docet</span> 
     </span>
     <span class='ocr_line' id='line_1_15' title="bbox 206 1834 1355 1920; baseline 0 -22"><span class='ocrx_word' id='word_1_109' title='bbox 206 1834 398 1919; x_wconf 87' lang='lat' dir='ltr'>Rudolphus</span> <span class='ocrx_word' id='word_1_110' title='bbox 429 1834 601 1919; x_wconf 86' lang='lat' dir='ltr'>Westphal</span> <span class='ocrx_word' id='word_1_111' title='bbox 632 1835 652 1897; x_wconf 92' lang='lat' dir='ltr'>l.</span> <span class='ocrx_word' id='word_1_112' title='bbox 686 1857 712 1900; x_wconf 89' lang='lat' dir='ltr'>c.</span> <span class='ocrx_word' id='word_1_113' title='bbox 745 1856 817 1920; x_wconf 88' lang='lat' dir='ltr'>pag.</span> <span class='ocrx_word' id='word_1_114' title='bbox 854 1838 923 1901; x_wconf 80' lang='lat'>107.</span> <span class='ocrx_word' id='word_1_115' title='bbox 969 1836 1041 1909; x_wconf 85' lang='lat' dir='ltr'>Quo</span> <span class='ocrx_word' id='word_1_116' title='bbox 1075 1835 1129 1916; x_wconf 84' lang='lat' dir='ltr'>ht,</span> <span class='ocrx_word' id='word_1_117' title='bbox 1162 1843 1198 1898; x_wconf 89' lang='lat' dir='ltr'>ut</span> <span class='ocrx_word' id='word_1_118' title='bbox 1231 1834 1355 1901; x_wconf 93' lang='lat' dir='ltr'>horum</span> 
     </span>
     <span class='ocr_line' id='line_1_16' title="bbox 206 1938 1357 2022; baseline 0 -20"><span class='ocrx_word' id='word_1_119' title='bbox 206 1948 320 2003; x_wconf 90' lang='lat' dir='ltr'>neuter</span> <span class='ocrx_word' id='word_1_120' title='bbox 351 1938 391 2003; x_wconf 94' lang='lat' dir='ltr'>ad</span> <span class='ocrx_word' id='word_1_121' title='bbox 425 1938 561 2003; x_wconf 88' lang='lat' dir='ltr'>eundem</span> <span class='ocrx_word' id='word_1_122' title='bbox 597 1938 719 2003; x_wconf 85' lang='lat' dir='ltr'>iontem</span> <span class='ocrx_word' id='word_1_123' title='bbox 751 1938 940 2004; x_wconf 85' lang='lat' dir='ltr'>referendus</span> <span class='ocrx_word' id='word_1_124' title='bbox 969 1959 1039 2003; x_wconf 88' lang='lat' dir='ltr'>esse</span> <span class='ocrx_word' id='word_1_125' title='bbox 1070 1938 1220 2002; x_wconf 89' lang='lat' dir='ltr'>videatur</span> <span class='ocrx_word' id='word_1_126' title='bbox 1253 1946 1357 2022; x_wconf 89' lang='lat' dir='ltr'>atque</span> 
     </span>
     <span class='ocr_line' id='line_1_17' title="bbox 206 2042 585 2127; baseline 0.005 -21"><span class='ocrx_word' id='word_1_127' title='bbox 206 2042 585 2127; x_wconf 86' lang='lat' dir='ltr'>Pseudo-Hephaestion.</span> 
     </span>
    </p>

    <p class='ocr_par' dir='ltr' id='par_1_4' title="bbox 205 2145 1360 4304">
     <span class='ocr_line' id='line_1_18' title="bbox 310 2145 1356 2232; baseline 0.001 -21"><span class='ocrx_word' id='word_1_128' title='bbox 310 2147 440 2211; x_wconf 87' lang='lat' dir='ltr'>Isaacus</span> <span class='ocrx_word' id='word_1_129' title='bbox 475 2145 652 2211; x_wconf 86' lang='lat' dir='ltr'>Monachus</span> <span class='ocrx_word' id='word_1_130' title='bbox 687 2166 758 2210; x_wconf 90' lang='lat' dir='ltr'>cum</span> <span class='ocrx_word' id='word_1_131' title='bbox 790 2147 890 2211; x_wconf 85' lang='lat' dir='ltr'>multo</span> <span class='ocrx_word' id='word_1_132' title='bbox 923 2148 1027 2210; x_wconf 91' lang='lat' dir='ltr'>minus</span> <span class='ocrx_word' id='word_1_133' title='bbox 1060 2147 1221 2232; x_wconf 88' lang='lat' dir='ltr'>integram</span> <span class='ocrx_word' id='word_1_134' title='bbox 1256 2147 1356 2212; x_wconf 86' lang='lat' dir='ltr'>huius</span> 
     </span>
     <span class='ocr_line' id='line_1_19' title="bbox 207 2248 1356 2336; baseline 0 -23"><span class='ocrx_word' id='word_1_135' title='bbox 207 2255 360 2314; x_wconf 89' lang='lat' dir='ltr'>tractatus</span> <span class='ocrx_word' id='word_1_136' title='bbox 383 2250 518 2315; x_wconf 85' lang='lat' dir='ltr'>formam</span> <span class='ocrx_word' id='word_1_137' title='bbox 550 2251 702 2315; x_wconf 86' lang='lat' dir='ltr'>exhibeat</span> <span class='ocrx_word' id='word_1_138' title='bbox 732 2271 827 2336; x_wconf 89' lang='lat' dir='ltr'>quam</span> <span class='ocrx_word' id='word_1_139' title='bbox 849 2248 1256 2335; x_wconf 84' lang='lat' dir='ltr'>Pseudo-Hephaestion,</span> <span class='ocrx_word' id='word_1_140' title='bbox 1290 2251 1356 2314; x_wconf 92' lang='lat' dir='ltr'>hoc</span> 
     </span>
     <span class='ocr_line' id='line_1_20' title="bbox 207 2353 1354 2440; baseline 0 -24"><span class='ocrx_word' id='word_1_141' title='bbox 207 2355 309 2440; x_wconf 88' lang='lat' dir='ltr'>ipsum</span> <span class='ocrx_word' id='word_1_142' title='bbox 332 2354 478 2418; x_wconf 90' lang='lat' dir='ltr'>Isaacum</span> <span class='ocrx_word' id='word_1_143' title='bbox 502 2375 595 2418; x_wconf 89' lang='lat' dir='ltr'>usum</span> <span class='ocrx_word' id='word_1_144' title='bbox 618 2375 688 2418; x_wconf 89' lang='lat' dir='ltr'>esse</span> <span class='ocrx_word' id='word_1_145' title='bbox 710 2355 890 2440; x_wconf 81' lang='lat' dir='ltr'>suspiceris,</span> <span class='ocrx_word' id='word_1_146' title='bbox 913 2355 1098 2440; x_wconf 90' lang='lat' dir='ltr'>praesertim</span> <span class='ocrx_word' id='word_1_147' title='bbox 1120 2375 1192 2417; x_wconf 89' lang='lat' dir='ltr'>cum</span> <span class='ocrx_word' id='word_1_148' title='bbox 1212 2362 1247 2419; x_wconf 86' lang='lat' dir='ltr'>et</span> <span class='ocrx_word' id='word_1_149' title='bbox 1263 2353 1354 2439; x_wconf 93' lang='lat' dir='ltr'>apud</span> 
     </span>
     <span class='ocr_line' id='line_1_21' title="bbox 208 2455 1353 2543; baseline 0 -22"><span class='ocrx_word' id='word_1_150' title='bbox 208 2459 291 2522; x_wconf 90' lang='lat' dir='ltr'>hunc</span> <span class='ocrx_word' id='word_1_151' title='bbox 314 2464 345 2522; x_wconf 88' lang='lat' dir='ltr'>et</span> <span class='ocrx_word' id='word_1_152' title='bbox 367 2456 452 2543; x_wconf 90' lang='lat' dir='ltr'>apud</span> <span class='ocrx_word' id='word_1_153' title='bbox 468 2457 554 2520; x_wconf 84' lang='lat' dir='ltr'>iilum</span> <span class='ocrx_word' id='word_1_154' title='bbox 577 2465 731 2543; x_wconf 90' lang='lat' dir='ltr'>sequatur</span> <span class='ocrx_word' id='word_1_155' title='bbox 746 2464 843 2541; x_wconf 90' lang='lat' dir='ltr'>caput</span> <span class='ocrx_word' id='word_1_156' title='bbox 862 2457 902 2521; x_wconf 93' lang='lat' dir='ltr'>de</span> <span class='ocrx_word' id='word_1_157' title='bbox 918 2458 1053 2542; x_wconf 90' lang='lat' dir='ltr'>pedibus</span> <span class='ocrx_word' id='word_1_158' title='bbox 1069 2455 1268 2542; x_wconf 87' lang='lat' dir='ltr'>(Ps.-Heph.</span> <span class='ocrx_word' id='word_1_159' title='bbox 1285 2457 1304 2538; x_wconf 67' lang='grc' dir='ltr'><strong>ξ</strong></span> <span class='ocrx_word' id='word_1_160' title='bbox 1321 2459 1353 2530; x_wconf 77' lang='lat'>2,</span> 
     </span>
     <span class='ocr_line' id='line_1_22' title="bbox 205 2559 1355 2646; baseline -0.001 -21"><span class='ocrx_word' id='word_1_161' title='bbox 205 2561 307 2626; x_wconf 89' lang='lat' dir='ltr'>Isaac.</span> <span class='ocrx_word' id='word_1_162' title='bbox 320 2583 351 2646; x_wconf 90' lang='lat' dir='ltr'>p.</span> <span class='ocrx_word' id='word_1_163' title='bbox 366 2559 455 2644; x_wconf 77' lang='lat'>174).</span> <span class='ocrx_word' id='word_1_164' title='bbox 500 2559 569 2626; x_wconf 86' lang='lat' dir='ltr'>Nec</span> <span class='ocrx_word' id='word_1_165' title='bbox 592 2569 699 2625; x_wconf 87' lang='lat' dir='ltr'>tamen</span> <span class='ocrx_word' id='word_1_166' title='bbox 723 2569 812 2626; x_wconf 89' lang='lat' dir='ltr'>certa</span> <span class='ocrx_word' id='word_1_167' title='bbox 836 2562 927 2625; x_wconf 90' lang='lat' dir='ltr'>huius</span> <span class='ocrx_word' id='word_1_168' title='bbox 950 2561 1137 2646; x_wconf 83' lang='lat' dir='ltr'>suspicionis</span> <span class='ocrx_word' id='word_1_169' title='bbox 1154 2559 1355 2625; x_wconf 89' lang='lat' dir='ltr'>documenta</span> 
     </span>
     <span class='ocr_line' id='line_1_23' title="bbox 206 2664 1354 2750; baseline -0.001 -22"><span class='ocrx_word' id='word_1_170' title='bbox 206 2667 399 2750; x_wconf 83' lang='lat' dir='ltr'>investigare</span> <span class='ocrx_word' id='word_1_171' title='bbox 432 2667 540 2749; x_wconf 89' lang='lat' dir='ltr'>potui;</span> <span class='ocrx_word' id='word_1_172' title='bbox 576 2687 647 2730; x_wconf 90' lang='lat' dir='ltr'>cum</span> <span class='ocrx_word' id='word_1_173' title='bbox 681 2666 766 2730; x_wconf 91' lang='lat' dir='ltr'>enim</span> <span class='ocrx_word' id='word_1_174' title='bbox 798 2665 895 2730; x_wconf 88' lang='lat' dir='ltr'>modo</span> <span class='ocrx_word' id='word_1_175' title='bbox 932 2665 971 2729; x_wconf 89' lang='lat' dir='ltr'>ad</span> <span class='ocrx_word' id='word_1_176' title='bbox 1006 2666 1138 2730; x_wconf 88' lang='lat' dir='ltr'>verbum</span> <span class='ocrx_word' id='word_1_177' title='bbox 1169 2664 1240 2729; x_wconf 84' lang='lat' dir='ltr'>iere</span> <span class='ocrx_word' id='word_1_178' title='bbox 1276 2686 1354 2728; x_wconf 83' lang='lat' dir='ltr'>cunr</span> 
     </span>
     <span class='ocr_line' id='line_1_24' title="bbox 205 2767 1355 2854; baseline -0.002 -20"><span class='ocrx_word' id='word_1_179' title='bbox 205 2768 592 2854; x_wconf 84' lang='lat' dir='ltr'>Pseudo-Hephaestione</span> <span class='ocrx_word' id='word_1_180' title='bbox 610 2767 739 2833; x_wconf 88' lang='lat' dir='ltr'>Isaacus</span> <span class='ocrx_word' id='word_1_181' title='bbox 755 2770 943 2849; x_wconf 87' lang='lat' dir='ltr'>consentiat,</span> <span class='ocrx_word' id='word_1_182' title='bbox 968 2769 1062 2833; x_wconf 91' lang='lat' dir='ltr'>modo</span> <span class='ocrx_word' id='word_1_183' title='bbox 1079 2769 1110 2832; x_wconf 95' lang='lat' dir='ltr'>in</span> <span class='ocrx_word' id='word_1_184' title='bbox 1129 2768 1259 2832; x_wconf 86' lang='lat' dir='ltr'>brevius</span> <span class='ocrx_word' id='word_1_185' title='bbox 1276 2787 1355 2832; x_wconf 92' lang='lat' dir='ltr'>con·</span> 
     </span>
     <span class='ocr_line' id='line_1_25' title="bbox 206 2870 1355 2958; baseline -0.003 -21"><span class='ocrx_word' id='word_1_186' title='bbox 206 2875 308 2937; x_wconf 89' lang='lat' dir='ltr'>tracta</span> <span class='ocrx_word' id='word_1_187' title='bbox 323 2873 421 2937; x_wconf 87' lang='lat' dir='ltr'>verba</span> <span class='ocrx_word' id='word_1_188' title='bbox 437 2873 597 2958; x_wconf 71' lang='lat' dir='ltr'>praebeat,</span> <span class='ocrx_word' id='word_1_189' title='bbox 621 2872 781 2937; x_wconf 90' lang='lat' dir='ltr'>interdum</span> <span class='ocrx_word' id='word_1_190' title='bbox 796 2871 926 2937; x_wconf 89' lang='lat' dir='ltr'>liberius</span> <span class='ocrx_word' id='word_1_191' title='bbox 943 2892 1008 2936; x_wconf 88' lang='lat' dir='ltr'>rem</span> <span class='ocrx_word' id='word_1_192' title='bbox 1025 2879 1142 2936; x_wconf 85' lang='lat' dir='ltr'>tractat</span> <span class='ocrx_word' id='word_1_193' title='bbox 1157 2872 1207 2935; x_wconf 89' lang='lat' dir='ltr'>vel</span> <span class='ocrx_word' id='word_1_194' title='bbox 1225 2870 1355 2935; x_wconf 91' lang='lat' dir='ltr'>addita·</span> 
     </span>
     <span class='ocr_line' id='line_1_26' title="bbox 206 2975 1355 3061; baseline 0 -21"><span class='ocrx_word' id='word_1_195' title='bbox 206 2978 321 3041; x_wconf 90' lang='lat' dir='ltr'>mentis</span> <span class='ocrx_word' id='word_1_196' title='bbox 344 2985 451 3061; x_wconf 89' lang='lat' dir='ltr'>auget.</span> <span class='ocrx_word' id='word_1_197' title='bbox 495 2976 637 3040; x_wconf 87' lang='lat' dir='ltr'>Maxime</span> <span class='ocrx_word' id='word_1_198' title='bbox 657 2981 766 3041; x_wconf 90' lang='lat' dir='ltr'>autem</span> <span class='ocrx_word' id='word_1_199' title='bbox 782 2976 830 3040; x_wconf 92' lang='lat' dir='ltr'>his</span> <span class='ocrx_word' id='word_1_200' title='bbox 846 2977 921 3061; x_wconf 87' lang='lat' dir='ltr'>ipsis</span> <span class='ocrx_word' id='word_1_201' title='bbox 942 2975 1167 3040; x_wconf 86' lang='lat' dir='ltr'>additamentis</span> <span class='ocrx_word' id='word_1_202' title='bbox 1190 2975 1355 3059; x_wconf 89' lang='lat' dir='ltr'>probatur</span> 
     </span>
     <span class='ocr_line' id='line_1_27' title="bbox 206 3076 1356 3165; baseline -0.001 -22"><span class='ocrx_word' id='word_1_203' title='bbox 206 3081 411 3164; x_wconf 87' lang='lat' dir='ltr'>integriorem</span> <span class='ocrx_word' id='word_1_204' title='bbox 435 3079 528 3144; x_wconf 88' lang='lat' dir='ltr'>huius</span> <span class='ocrx_word' id='word_1_205' title='bbox 551 3079 743 3165; x_wconf 87' lang='lat' dir='ltr'>paragraphi</span> <span class='ocrx_word' id='word_1_206' title='bbox 766 3079 900 3143; x_wconf 84' lang='lat' dir='ltr'>formam</span> <span class='ocrx_word' id='word_1_207' title='bbox 922 3076 1356 3162; x_wconf 88' lang='lat' dir='ltr'>aPseudo·Hephaestione</span> 
     </span>
     <span class='ocr_line' id='line_1_28' title="bbox 208 3179 1355 3269; baseline -0.002 -22"><span class='ocrx_word' id='word_1_208' title='bbox 208 3191 367 3247; x_wconf 85' lang='lat' dir='ltr'>servatam</span> <span class='ocrx_word' id='word_1_209' title='bbox 400 3204 479 3249; x_wconf 88' lang='lat' dir='ltr'>esse.</span> <span class='ocrx_word' id='word_1_210' title='bbox 526 3182 607 3248; x_wconf 81' lang='lat' dir='ltr'>Cum</span> <span class='ocrx_word' id='word_1_211' title='bbox 640 3185 722 3246; x_wconf 90' lang='lat' dir='ltr'>enim</span> <span class='ocrx_word' id='word_1_212' title='bbox 757 3191 853 3266; x_wconf 91' lang='lat' dir='ltr'>caput</span> <span class='ocrx_word' id='word_1_213' title='bbox 883 3184 952 3263; x_wconf 80' lang='grc' dir='ltr'>περὶ</span> <span class='ocrx_word' id='word_1_214' title='bbox 986 3188 1048 3246; x_wconf 75' lang='grc' dir='ltr'><em>τοῖν</em></span> <span class='ocrx_word' id='word_1_215' title='bbox 1077 3179 1241 3261; x_wconf 77' lang='grc' dir='ltr'><em>ὀνομάτων</em></span> <span class='ocrx_word' id='word_1_216' title='bbox 1264 3181 1355 3269; x_wconf 88' lang='lat' dir='ltr'>apud</span> 
     </span>
     <span class='ocr_line' id='line_1_29' title="bbox 208 3282 1355 3373; baseline 0 -23"><span class='ocrx_word' id='word_1_217' title='bbox 208 3285 645 3371; x_wconf 86' lang='lat' dir='ltr'>Pseudo-Hephaestionem</span> <span class='ocrx_word' id='word_1_218' title='bbox 668 3285 702 3369; x_wconf 68' lang='grc' dir='ltr'>(ξ</span> <span class='ocrx_word' id='word_1_219' title='bbox 729 3285 774 3368; x_wconf 74' lang='lat'>1¹⁹)</span> <span class='ocrx_word' id='word_1_220' title='bbox 796 3287 842 3350; x_wconf 90' lang='lat' dir='ltr'>sic</span> <span class='ocrx_word' id='word_1_221' title='bbox 875 3287 1020 3373; x_wconf 87' lang='lat' dir='ltr'>incipiat:</span> <span class='ocrx_word' id='word_1_222' title='bbox 1044 3282 1108 3366; x_wconf 77' lang='grc' dir='ltr'>ὥρα</span> <span class='ocrx_word' id='word_1_223' title='bbox 1139 3287 1172 3349; x_wconf 80' lang='grc' dir='ltr'>δὲ</span> <span class='ocrx_word' id='word_1_224' title='bbox 1202 3289 1255 3348; x_wconf 81' lang='grc' dir='ltr'>καὶ</span> <span class='ocrx_word' id='word_1_225' title='bbox 1283 3291 1355 3366; x_wconf 63' lang='grc' dir='ltr'>περὶ</span> 
     </span>
     <span class='ocr_line' id='line_1_30' title="bbox 208 3386 1356 3473; baseline 0 -19"><span class='ocrx_word' id='word_1_226' title='bbox 208 3396 271 3454; x_wconf 81' lang='grc' dir='ltr'>τῶν</span> <span class='ocrx_word' id='word_1_227' title='bbox 293 3388 453 3471; x_wconf 83' lang='grc' dir='ltr'><em>ὀνομάτων</em></span> <span class='ocrx_word' id='word_1_228' title='bbox 475 3389 594 3454; x_wconf 76' lang='grc' dir='ltr'><em>τούτων</em></span> <span class='ocrx_word' id='word_1_229' title='bbox 615 3392 710 3454; x_wconf 79' lang='grc' dir='ltr'><em>εἰπεῖν</em></span> <span class='ocrx_word' id='word_1_230' title='bbox 732 3392 781 3453; x_wconf 81' lang='grc' dir='ltr'>καὶ</span> <span class='ocrx_word' id='word_1_231' title='bbox 805 3386 882 3454; x_wconf 76' lang='grc' dir='ltr'>ὅθεν</span> <span class='ocrx_word' id='word_1_232' title='bbox 905 3388 1003 3467; x_wconf 69' lang='grc' dir='ltr'><em>οὕτως</em></span> <span class='ocrx_word' id='word_1_233' title='bbox 1016 3386 1205 3473; x_wconf 74' lang='grc' dir='ltr'>ἐκλήθησαν,</span> <span class='ocrx_word' id='word_1_234' title='bbox 1230 3411 1356 3456; x_wconf 84' lang='lat' dir='ltr'>novum</span> 
     </span>
     <span class='ocr_line' id='line_1_31' title="bbox 208 3491 1357 3577; baseline 0.001 -20"><span class='ocrx_word' id='word_1_235' title='bbox 208 3493 334 3557; x_wconf 88' lang='lat' dir='ltr'>titulum</span> <span class='ocrx_word' id='word_1_236' title='bbox 359 3493 489 3558; x_wconf 88' lang='lat' dir='ltr'>lsaacus</span> <span class='ocrx_word' id='word_1_237' title='bbox 512 3495 645 3559; x_wconf 90' lang='lat' dir='ltr'>inseruit</span> <span class='ocrx_word' id='word_1_238' title='bbox 667 3493 766 3558; x_wconf 91' lang='lat' dir='ltr'>hunc:</span> <span class='ocrx_word' id='word_1_239' title='bbox 795 3497 874 3577; x_wconf 79' lang='grc' dir='ltr'><strong><em>Περὶ</em></strong></span> <span class='ocrx_word' id='word_1_240' title='bbox 896 3499 952 3575; x_wconf 83' lang='grc' dir='ltr'>τῆς</span> <span class='ocrx_word' id='word_1_241' title='bbox 976 3494 1037 3557; x_wconf 80' lang='grc' dir='ltr'>τῶν</span> <span class='ocrx_word' id='word_1_242' title='bbox 1058 3497 1164 3557; x_wconf 76' lang='grc' dir='ltr'><em>ποδῶν</em></span> <span class='ocrx_word' id='word_1_243' title='bbox 1189 3491 1357 3576; x_wconf 69' lang='grc' dir='ltr'><em>ποιότητος</em></span> 
     </span>
     <span class='ocr_line' id='line_1_32' title="bbox 209 3595 1356 3681; baseline 0.003 -21"><span class='ocrx_word' id='word_1_244' title='bbox 209 3622 242 3660; x_wconf 83' lang='grc' dir='ltr'>τε</span> <span class='ocrx_word' id='word_1_245' title='bbox 264 3599 312 3660; x_wconf 77' lang='grc' dir='ltr'>καὶ</span> <span class='ocrx_word' id='word_1_246' title='bbox 331 3595 473 3680; x_wconf 79' lang='grc' dir='ltr'><em>κλήσεως,</em></span> <span class='ocrx_word' id='word_1_247' title='bbox 497 3604 592 3681; x_wconf 91' lang='lat' dir='ltr'>post</span> <span class='ocrx_word' id='word_1_248' title='bbox 613 3598 739 3661; x_wconf 88' lang='lat' dir='ltr'>titulum</span> <span class='ocrx_word' id='word_1_249' title='bbox 755 3603 874 3679; x_wconf 86' lang='lat' dir='ltr'>autem,</span> <span class='ocrx_word' id='word_1_250' title='bbox 890 3597 961 3661; x_wconf 90' lang='lat' dir='ltr'>loco</span> <span class='ocrx_word' id='word_1_251' title='bbox 978 3616 1072 3681; x_wconf 91' lang='lat' dir='ltr'>quam</span> <span class='ocrx_word' id='word_1_252' title='bbox 1090 3596 1217 3661; x_wconf 88' lang='lat' dir='ltr'>minime</span> <span class='ocrx_word' id='word_1_253' title='bbox 1234 3598 1356 3664; x_wconf 88' lang='lat' dir='ltr'>idoneo</span> 
     </span>
     <span class='ocr_line' id='line_1_33' title="bbox 209 3699 1359 3786; baseline 0.003 -24"><span class='ocrx_word' id='word_1_254' title='bbox 209 3700 307 3765; x_wconf 86' lang='lat' dir='ltr'>verba</span> <span class='ocrx_word' id='word_1_255' title='bbox 336 3722 377 3766; x_wconf 87' lang='lat' dir='ltr'>ex</span> <span class='ocrx_word' id='word_1_256' title='bbox 406 3699 495 3765; x_wconf 85' lang='lat' dir='ltr'>fonte</span> <span class='ocrx_word' id='word_1_257' title='bbox 526 3721 603 3782; x_wconf 89' lang='lat' dir='ltr'>suc,</span> <span class='ocrx_word' id='word_1_258' title='bbox 635 3707 670 3764; x_wconf 89' lang='lat' dir='ltr'>ut</span> <span class='ocrx_word' id='word_1_259' title='bbox 701 3703 831 3786; x_wconf 81' lang='lat' dir='ltr'>opinor,</span> <span class='ocrx_word' id='word_1_260' title='bbox 859 3700 1036 3786; x_wconf 87' lang='lat' dir='ltr'>descripta:</span> <span class='ocrx_word' id='word_1_261' title='bbox 1070 3702 1133 3763; x_wconf 78' lang='grc' dir='ltr'>Καὶ</span> <span class='ocrx_word' id='word_1_262' title='bbox 1166 3703 1267 3765; x_wconf 78' lang='grc' dir='ltr'><em>ταῦτα</em></span> <span class='ocrx_word' id='word_1_263' title='bbox 1297 3704 1359 3783; x_wconf 79' lang='grc' dir='ltr'>μὲν</span> 
     </span>
     <span class='ocr_line' id='line_1_34' title="bbox 209 3798 1357 3890; baseline 0.003 -23"><span class='ocrx_word' id='word_1_264' title='bbox 209 3798 306 3879; x_wconf 81' lang='grc' dir='ltr'><em>οὕτως</em></span> <span class='ocrx_word' id='word_1_265' title='bbox 328 3801 416 3886; x_wconf 87' lang='lat' dir='ltr'>(pag.</span> <span class='ocrx_word' id='word_1_266' title='bbox 443 3805 513 3885; x_wconf 78' lang='lat'>174,</span> <span class='ocrx_word' id='word_1_267' title='bbox 529 3803 601 3885; x_wconf 83' lang='lat'>25)!</span> <span class='ocrx_word' id='word_1_268' title='bbox 647 3804 807 3890; x_wconf 87' lang='lat' dir='ltr'>Deinceps</span> <span class='ocrx_word' id='word_1_269' title='bbox 826 3805 958 3869; x_wconf 86' lang='lat' dir='ltr'>isaacus</span> <span class='ocrx_word' id='word_1_270' title='bbox 984 3804 1107 3889; x_wconf 88' lang='lat' dir='ltr'>pergit:</span> <span class='ocrx_word' id='word_1_271' title='bbox 1131 3800 1173 3879; x_wconf 76' lang='grc' dir='ltr'>ὡς</span> <span class='ocrx_word' id='word_1_272' title='bbox 1196 3803 1357 3887; x_wconf 86' lang='lat' dir='ltr'>&lt;scriben-</span> 
     </span>
     <span class='ocr_line' id='line_1_35' title="bbox 209 3891 1357 3994; baseline 0.006 -26"><span class='ocrx_word' id='word_1_273' title='bbox 209 3905 285 3969; x_wconf 92' lang='lat' dir='ltr'>dum</span> <span class='ocrx_word' id='word_1_274' title='bbox 309 3902 415 3988; x_wconf 67' lang='grc' dir='ltr'><em>ὦροῗ)</em></span> <span class='ocrx_word' id='word_1_275' title='bbox 437 3906 469 3968; x_wconf 74' lang='grc' dir='ltr'>δὲ</span> <span class='ocrx_word' id='word_1_276' title='bbox 491 3891 539 3969; x_wconf 76' lang='lat' dir='ltr'>aui</span> <span class='ocrx_word' id='word_1_277' title='bbox 562 3911 630 3987; x_wconf 76' lang='grc' dir='ltr'>περὶ</span> <span class='ocrx_word' id='word_1_278' title='bbox 653 3913 717 3970; x_wconf 77' lang='grc' dir='ltr'><em>τοῖν</em></span> <span class='ocrx_word' id='word_1_279' title='bbox 732 3908 893 3989; x_wconf 79' lang='grc' dir='ltr'><em>ὀνομάτων</em></span> <span class='ocrx_word' id='word_1_280' title='bbox 908 3909 1014 3985; x_wconf 81' lang='grc' dir='ltr'>εἰπεῖν,</span> <span class='ocrx_word' id='word_1_281' title='bbox 1040 3905 1138 3989; x_wconf 70' lang='lat' dir='ltr'>„athi</span> <span class='ocrx_word' id='word_1_282' title='bbox 1162 3904 1199 3986; x_wconf 78' lang='lat' dir='ltr'>dr)</span> <span class='ocrx_word' id='word_1_283' title='bbox 1216 3911 1268 3972; x_wconf 81' lang='grc' dir='ltr'>καὶ</span> <span class='ocrx_word' id='word_1_284' title='bbox 1284 3914 1357 3994; x_wconf 73' lang='grc' dir='ltr'>περὶ</span> 
     </span>
     <span class='ocr_line' id='line_1_36' title="bbox 209 4006 1360 4099; baseline 0.007 -27"><span class='ocrx_word' id='word_1_285' title='bbox 209 4015 265 4092; x_wconf 82' lang='grc' dir='ltr'>τῆς</span> <span class='ocrx_word' id='word_1_286' title='bbox 287 4008 450 4090; x_wconf 70' lang='grc' dir='ltr'><em>ποιότητος</em></span> <span class='ocrx_word' id='word_1_287' title='bbox 472 4006 632 4092; x_wconf 75' lang='grc' dir='ltr'><em>ε’κοίοτοο“,</em></span> <span class='ocrx_word' id='word_1_288' title='bbox 657 4031 739 4095; x_wconf 89' lang='lat' dir='ltr'>quae</span> <span class='ocrx_word' id='word_1_289' title='bbox 762 4013 860 4077; x_wconf 87' lang='lat' dir='ltr'>verba</span> <span class='ocrx_word' id='word_1_290' title='bbox 883 4013 1049 4096; x_wconf 87' lang='lat' dir='ltr'>particulis</span> <span class='ocrx_word' id='word_1_291' title='bbox 1072 4008 1150 4074; x_wconf 78' lang='grc' dir='ltr'>ἀλλά</span> <span class='ocrx_word' id='word_1_292' title='bbox 1172 4007 1211 4090; x_wconf 68' lang='grc' dir='ltr'>δή</span> <span class='ocrx_word' id='word_1_293' title='bbox 1245 4015 1360 4099; x_wconf 90' lang='lat' dir='ltr'>inepte</span> 
     </span>
     <span class='ocr_line' id='line_1_37' title="bbox 210 4111 1358 4204; baseline 0.007 -27"><span class='ocrx_word' id='word_1_294' title='bbox 210 4134 283 4177; x_wconf 91' lang='lat' dir='ltr'>cum</span> <span class='ocrx_word' id='word_1_295' title='bbox 311 4111 572 4177; x_wconf 89' lang='lat' dir='ltr'>antecedentibus</span> <span class='ocrx_word' id='word_1_296' title='bbox 606 4115 772 4179; x_wconf 85' lang='lat' dir='ltr'>coniuncta</span> <span class='ocrx_word' id='word_1_297' title='bbox 802 4116 879 4180; x_wconf 93' lang='lat' dir='ltr'>mihi</span> <span class='ocrx_word' id='word_1_298' title='bbox 912 4115 1060 4179; x_wconf 83' lang='lat' dir='ltr'>videntur</span> <span class='ocrx_word' id='word_1_299' title='bbox 1092 4134 1176 4197; x_wconf 81' lang='lat' dir='ltr'>esse3</span> <span class='ocrx_word' id='word_1_300' title='bbox 1208 4116 1252 4179; x_wconf 91' lang='lat' dir='ltr'>ab</span> <span class='ocrx_word' id='word_1_301' title='bbox 1283 4119 1358 4204; x_wconf 89' lang='lat' dir='ltr'>ipso</span> 
     </span>
     <span class='ocr_line' id='line_1_38' title="bbox 210 4215 1360 4304; baseline 0.006 -24"><span class='ocrx_word' id='word_1_302' title='bbox 210 4224 320 4281; x_wconf 90' lang='lat' dir='ltr'>autem</span> <span class='ocrx_word' id='word_1_303' title='bbox 353 4215 467 4281; x_wconf 89' lang='lat' dir='ltr'>Isaaoo</span> <span class='ocrx_word' id='word_1_304' title='bbox 505 4216 629 4283; x_wconf 88' lang='lat' dir='ltr'>additas</span> <span class='ocrx_word' id='word_1_305' title='bbox 664 4240 735 4284; x_wconf 90' lang='lat' dir='ltr'>esse</span> <span class='ocrx_word' id='word_1_306' title='bbox 772 4218 936 4304; x_wconf 76' lang='grc' dir='ltr'><em>ποιότητος</em></span> <span class='ocrx_word' id='word_1_307' title='bbox 969 4219 1039 4284; x_wconf 89' lang='lat' dir='ltr'>illas</span> <span class='ocrx_word' id='word_1_308' title='bbox 1072 4219 1091 4282; x_wconf 88' lang='lat' dir='ltr'>i.</span> <span class='ocrx_word' id='word_1_309' title='bbox 1123 4240 1150 4284; x_wconf 91' lang='lat' dir='ltr'>e.</span> <span class='ocrx_word' id='word_1_310' title='bbox 1188 4219 1360 4287; x_wconf 89' lang='lat' dir='ltr'>schemata</span> 
     </span>
    </p>
   </div>
   <div class='ocr_carea' id='block_1_3' title="bbox 210 4319 1360 4412">
    <p class='ocr_par' dir='ltr' id='par_1_5' title="bbox 210 4319 1360 4412">
     <span class='ocr_line' id='line_1_39' title="bbox 210 4319 1360 4412; baseline 0.01 -31"><span class='ocrx_word' id='word_1_311' title='bbox 210 4320 427 4403; x_wconf 86' lang='lat' dir='ltr'>quantitatum</span> <span class='ocrx_word' id='word_1_312' title='bbox 451 4319 525 4385; x_wconf 90' lang='lat' dir='ltr'>inde</span> <span class='ocrx_word' id='word_1_313' title='bbox 547 4328 691 4408; x_wconf 87' lang='lat' dir='ltr'>apparet,</span> <span class='ocrx_word' id='word_1_314' title='bbox 714 4322 798 4406; x_wconf 92' lang='lat' dir='ltr'>quod</span> <span class='ocrx_word' id='word_1_315' title='bbox 824 4325 853 4387; x_wconf 92' lang='lat' dir='ltr'>in</span> <span class='ocrx_word' id='word_1_316' title='bbox 887 4325 983 4388; x_wconf 91' lang='lat' dir='ltr'>iambi</span> <span class='ocrx_word' id='word_1_317' title='bbox 1015 4321 1233 4407; x_wconf 86' lang='lat' dir='ltr'>descriptione</span> <span class='ocrx_word' id='word_1_318' title='bbox 1268 4325 1360 4412; x_wconf 84' lang='lat' dir='ltr'>(pag.</span> 
     </span>
    </p>
   </div>
   <div class='ocr_carea' id='block_1_4' title="bbox 0 0 1481 4808">
    <p class='ocr_par' dir='ltr' id='par_1_6' title="bbox 0 0 1481 4808">
     <span class='ocr_line' id='line_1_40' title="bbox 0 0 1481 4808; baseline 0 0"><span class='ocrx_word' id='word_1_319' title='bbox 0 0 1481 4808; x_wconf 95' lang='lat' dir='ltr'> </span> 
     </span>
    </p>
   </div>
  </div>
 </body>
</html>
