2954 4822
194 279 237 347 52
629 313 673 330 -,
717 272 806 364 [128]
852 312 893 325 -

200 505 206 518 ,
281 466 410 531 Primus
440 471 473 530 et
511 463 692 528 introduxit
722 463 755 526 in
783 463 911 528 litteras
929 464 1065 530 ionicos
1093 485 1113 528 a
1140 466 1266 530 minore
1297 472 1331 529 et

194 570 372 636 immiscuit
396 568 513 634 iambis
537 568 711 634 Alcman.
757 566 858 632 Cuius
882 569 945 633 huc
966 569 1146 654 pertinent:
1209 630 1212 634 .

704 680 743 744 fr.
767 682 808 745 87

449 781 605 876 Ἀνὴρδ
627 784 660 852 ἐν
682 779 900 869 ἇρμένοισιν

395 879 628 978 ἆλιτρὸς
605 913 668 980 ηστ
701 888 759 955 ἐπὶ
782 885 880 955 &daco
902 885 988 956 κατὰ
1010 888 1133 977 πέτρας

445 994 576 1080 bosom
601 996 628 1080 (t
633 994 645 1080 )
668 992 728 1078 μὲν
750 987 852 1078 οὐδὲν,
960 1029 961 1034 κ

455 1091 654 1166 δοκέοντιδ’
682 1093 835 1184 (ἐοικώς.)
937 1124 946 1130 ··

283 2070 523 2154 observatione
557 2071 783 2156 dignissimum
819 2078 886 2151 est,
923 2069 1063 2136 eundem
1097 2075 1245 2156 poetam,
1279 2068 1334 2153 qui

197 2177 303 2239 ionico
327 2176 449 2262 primus
472 2196 551 2239 usus
574 2182 635 2256 est,
660 2176 759 2240 etiam
784 2176 975 2240 catalectico
995 2175 1099 2239 forma
1122 2173 1219 2241 ionici
1234 2216 1335 2241 oo„

198 2279 325 2365 syllaba
347 2279 445 2364 longa
467 2280 500 2343 in
524 2268 799 2366 duplex‘tcmpus
826 2279 985 2367 producta
1012 2299 1106 2343 usum
1135 2299 1221 2344 esse.
1265 2276 1332 2343 Ne·

199 2392 261 2468 que
277 2384 381 2468 magis
397 2383 457 2447 hoc
475 2389 525 2447 est
544 2383 794 2468 neglegendum,
818 2384 978 2448 Alcmana
993 2377 1054 2448 ὅλα
1069 2375 1203 2470 ᾄσματα
1219 2376 1335 2446 ἰωνικὰ

200 2489 368 2573 scripsisse
391 2495 474 2552 teste
491 2486 739 2575 Hephaestione
756 2510 786 2574 p.
805 2490 854 2553 38.
896 2487 1047 2552 Alcmani
1063 2487 1201 2551 ionicum
1220 2477 1334 2573 parem

199 2589 340 2655 diiambo
357 2591 458 2655 fuisse
482 2612 521 2656 eo
545 2590 797 2671 demonstratur,
821 2591 907 2676 quod
923 2612 987 2655 uno
1005 2592 1074 2655 colo
1092 2591 1266 2655 diiambum
1284 2591 1334 2654 in-

200 2701 328 2779 tegrum
343 2703 376 2759 et
389 2696 512 2759 ionioos
525 2696 692 2760 coniunxit
705 2696 742 2760 fr.
754 2698 806 2775 87,
818 2699 847 2760 2.
860 2695 1154 2781 Fragmentumssl
1164 2717 1181 2761 e
1191 2695 1338 2785 carmine

200 2798 329 2862 chorico
354 2799 410 2863 vix
433 2800 571 2885 potitum
593 2799 732 2880 videtur,
758 2800 796 2865 fr.
811 2802 851 2864 85
869 2800 944 2864 huic
961 2799 1104 2884 opinioni
1126 2819 1192 2863 non
1216 2798 1335 2879 obstat,

201 2903 348 2986 quamvis
372 2924 414 2967 ex
439 2903 567 2988 exiguis
595 2904 743 2969 frustulis
773 2904 854 2967 nihil
878 2903 958 2968 certi
981 2901 1199 2967 demonstrari
1221 2903 1336 2987 possit.

287 3005 361 3071 Huc
384 3006 558 3074 referenda
582 3015 657 3072 sunt
680 3009 779 3072 etiam
802 3008 971 3072 Alcmanis
995 3007 1033 3072 fr.
1057 3009 1108 3072 83.
1133 3008 1187 3070 84:

359 3151 361 3156 s
408 3114 591 3203 Περισσόν·
615 3115 656 3184 αἲ
673 3115 734 3205 γὰρ
753 3112 925 3185 Ἀπόλλων
947 3119 965 3184 ὁ
986 3114 1129 3206 Allapso.

404 3213 472 3285 Ἰνιὺ
495 3214 782 3305 σαλασσομὲδοισ’,
806 3210 846 3286 ἃν
868 3214 938 3287 ἀπὸ
961 3216 1106 3305 μᾶσδων.

203 3480 429 3568 Hephaestion
454 3503 484 3603 p
505 3483 545 3544 46
568 3480 732 3568 epionioos
754 3481 814 3545 hos
838 3502 951 3545 vorsus
973 3482 1128 3563 nominat,
1152 3482 1336 3549 adiiambo

202 3580 356 3673 ἑξασήμῳ
381 3579 467 3649 vel‘
455 3579 641 3673 επτασήμῳ
660 3585 864 3674 incipientes.
910 3585 1026 3650 Paullo
1049 3593 1122 3672 post
1141 3582 1279 3674 idemp.
1295 3591 1336 3653 58

203 3708 317 3753 versus
342 3689 483 3753 comicos
506 3689 602 3753 huius
626 3690 750 3755 formae

512 3826 620 3851 ----’
623 3828 812 3864 υυυυυυυ
824 3844 840 3851 -
853 3827 984 3870 uuuuu
997 3829 1031 3850 a

204 3904 368 3990 epionioos
385 3925 458 3969 esse
482 3905 561 3969 vult.
592 3904 708 3991 Itaque
731 3906 866 3990 dubium
890 3913 951 3987 est,
976 3928 1052 3970 num
1067 3914 1157 3972 recto
1173 3898 1341 3993 Bergkius

204 4002 361 4092 περισσόν
383 4015 494 4072 notam
521 4010 643 4073 veteris
672 4006 810 4075 alicuius
838 4012 965 4075 metrici
989 4002 1063 4076 esse
1087 4013 1265 4098 putaverit,
1296 4013 1337 4077 ab

204 4110 454 4198 Hephaestione
478 4133 542 4177 non
564 4114 797 4202 perceptam.¹)

277 4269 297 4336 ¹)
316 4266 392 4321 Poet.
412 4267 461 4336 lyr.
482 4266 577 4321 Graec.
596 4267 634 4320 lII
654 4285 681 4338 p.
701 4267 741 4321 62.
779 4268 816 4323 cf.
835 4269 909 4323 infra
926 4288 953 4340 p.
972 4271 1013 4324 66.
1087 4296 1088 4299 “
