2962 4800
228 326 265 386 16
754 317 823 404 [1ο]

228 521 352 596 „tantus
368 513 617 578 sacerdotiorum
639 534 788 577 uumerus
812 514 928 596 exiguo
949 515 1100 598 temporis
1119 516 1239 598 spatio
1259 518 1295 579 iu
1313 517 1390 580 ciri·

226 626 292 683 tote
315 616 464 682 mediocri
481 614 647 696 venierit“,
671 616 937 700 Dittenbergerus
959 619 1037 682 scite
1060 628 1185 682 monet.
1231 621 1275 684 In
1300 622 1389 685 hunc

226 743 365 786 errorem
379 720 541 805 Rayetum
556 720 720 784 induxisse
737 720 883 784 ridentur
899 719 1110 797 διασυστάσιις
1127 722 1219 801 illae,
1239 745 1385 808 quarum

227 827 344 889 mentio
366 824 416 887 fit:
462 822 494 906 1)
518 844 546 888 r.
574 826 612 885 15
636 844 703 907 sqq.
728 825 982 902 Δαμασίστρατος
998 822 1223 904 Ἐκατωνύμου
1250 825 1385 890 Ἑκατω-

227 929 312 1016 νυμιμ
332 924 589 1008 Δαμασιστράτου
612 929 844 1010 διασυνίστησιν
867 926 1027 1010 ἱερητείαν,
1051 925 1088 1010 ἠν
1110 927 1306 1010 ἐπηηιοράκει
1332 932 1384 994 ἐπὶ

226 1036 258 1096 Δ
266 1082 424 1098 .........
441 1028 602 1112 Βάκχωνος
617 1027 665 1113 ἐφ’
683 1028 834 1109 ἱεροποιοῦ
846 1032 1053 1110 Hrrdouqtrov7
1068 1028 1271 1109 Ἀπόλλωνος
1289 1036 1382 1096 Καυ-

224 1137 337 1214 κασίως
364 1142 412 1199 καί
442 1134 616 1216 Ἀρτέμιδος
648 1136 842 1211 Καυκασίδος
864 1138 913 1198 καί
935 1134 1125 1211 Ἀπόλλωνος
1149 1139 1299 1201 Λυκείου
1324 1141 1380 1201 καί

224 1240 412 1316 Ἀπόλλωνος
434 1240 550 1320 Δηλίου
572 1242 620 1301 καί
644 1246 784 1318 ποταμοῦ
813 1237 968 1315 Ἀλέοντος
998 1237 1069 1315 σκε’,
1102 1238 1239 1303 ἐπώνιον
1270 1241 1300 1319 r',
1327 1245 1378 1323 ἐγ-

225 1344 337 1428 γυητής
356 1343 542 1418 Ἐπίπτωτσς
559 1342 799 1424 Καλλιστράτου.
832 1343 881 1423 Π)
893 1367 923 1407 v.
937 1347 977 1407 38
990 1364 1057 1428 sqq.
1075 1341 1257 1432 Ἰατροκλῆς
1273 1343 1377 1426 Ἠρα-

224 1447 356 1512 κλεώτοο
394 1445 562 1534 Ἀριστείδη
591 1445 804 1525 Ἰατροκλείσυς
841 1447 1058 1528 διασυνίστησε
1095 1444 1154 1529 τήν
1191 1446 1375 1530 ἱερωσύνην

224 1551 406 1635 Ἀφροδίτης
439 1554 492 1630 τῆς
521 1553 553 1614 ἐν
581 1549 729 1638 Ἐμβάτηο,
757 1549 794 1633 ην
818 1550 996 1634 ἐπηγοροίκει
1021 1552 1071 1614 ἐπὶ
1097 1551 1281 1633 Κηφισίωνι
1314 1558 1374 1615 τοῦ

224 1659 316 1731 δεῖνος
339 1652 387 1738 ἐφ’
410 1653 560 1732 λυροποιοῦ
576 1652 761 1735 Μήτρωνος,
782 1652 854 1737 ,βμζ
877 1653 1002 1718 ίπώνιον
1015 1651 1058 1733 μ’,
1075 1650 1231 1736 ἐγγυητής
1251 1652 1370 1739 Ἰατρο-

224 1761 296 1841 κλῆς
316 1756 541 1837 Ἠρακλιώτου.
585 1756 654 1840 III)
678 1778 705 1820 v.
734 1761 788 1821 151
815 1779 882 1842 sqq.
906 1754 1104 1839 Ἀρισταγὸρη
1124 1756 1369 1838 Διονυσοδώρου

224 1859 304 1942 μετά
327 1868 382 1924 τοῦ
404 1858 508 1938 παιδὸς
525 1860 755 1943 Διονυσοδώρου
772 1867 827 1925 τοῦ
848 1859 1061 1941 Ἀριστσμίνου
1076 1859 1267 1942 κληρονόμος
1286 1856 1368 1924 orion

224 1972 286 2029 τών
307 1963 519 2046 Ἀριστομένου
543 1971 598 2028 τοῦ
621 1963 833 2048 Μητροδώρου
856 1963 931 2027 κατά
955 1961 1107 2046 διαθήκην
1130 1967 1369 2049 διασυνίστησιν

224 2069 382 2149 ἱερητείτιν,
415 2066 454 2149 ἣν
477 2067 624 2150 ἠγόρασεν
647 2067 861 2150 Ἀριστομένης
883 2063 1100 2149 Μητροδώρου
1129 2068 1179 2131 ἐπὶ
1207 2067 1368 2148 λυροποιοῦ

223 2167 435 2254 Ἡγησαγάρου
459 2169 552 2250 μηνὸς
581 2176 760 2253 Ληναιῶνος
789 2169 931 2251 τριακάδι,
960 2168 1158 2254 Ἀωρσδείτης
1188 2170 1366 2252 Πυθοχρη-

225 2301 308 2352 στου,
340 2277 487 2356 δραχμῶν
518 2273 564 2357 ρλ’
596 2277 645 2337 καί
676 2277 803 2338 ἓπωνίοο
836 2274 870 2351 s',
902 2273 1094 2359 Ἀπολλωνίῳ
1129 2270 1366 2352 Ἀριστομένου,

224 2375 372 2461 ἐγγυητής
406 2376 607 2441 Ἀπολλωνίου
633 2377 861 2458 Διονυσόδωρος
898 2376 1121 2459 Ἀριστομένου.
1167 2375 1365 2460 Ubicunque

223 2483 320 2566 igitur
352 2479 555 2557 διασυστάστις
584 2482 674 2561 fiunt,
706 2483 756 2545 cui
785 2482 856 2566 quis
886 2481 1105 2562 διασυνίστησιν
1134 2477 1300 2560 ἱερητιίαν,
1336 2480 1364 2543 is

224 2587 322 2671 ipsius
345 2593 395 2650 est
416 2584 517 2649 heres.
564 2587 650 2660 Quas
678 2584 883 2661 διασυοτιίοεις
915 2585 954 2648 da
983 2583 1168 2655 sacerdotiis
1198 2583 1364 2647 heredita·

223 2690 276 2752 riis
300 2691 426 2753 omnino
449 2710 512 2753 non
536 2689 768 2773 intellegendas
791 2710 861 2753 esse
884 2710 922 2752 co
946 2689 1109 2766 evincitur,
1138 2685 1222 2771 quod
1253 2685 1362 2772 ipsum

223 2792 403 2878 Ἀφροδίτης
442 2791 674 2875 11οθοχρήστου
717 2793 930 2857 sacerdotium
973 2793 1035 2855 iam
1076 2791 1192 2853 antea¹
1236 2798 1364 2853 emerat

221 2894 437 2979 Ἡρακλιώτης
473 2895 667 2976 Ἠροοιιῖντος.
722 2896 830 2982 Atque
868 2897 1090 2981 comprobatur
1127 2894 1206 2958 haec
1248 2894 1362 2978 opinio

225 3003 363 3065 maxime
387 3022 438 3083 eu,
460 3001 546 3084 quod
561 3001 647 3063 haud
664 3021 763 3084 pauca
780 3001 956 3066 sacerdotia
971 3001 1042 3086 plus
1059 2997 1157 3062 semel
1175 2999 1362 3063 venierunt.

223 3105 275 3170 An
300 3125 374 3169 vero
397 3112 548 3189 putamus
570 3105 749 3188 prohibitos
780 3126 850 3171 esse
880 3126 989 3169 omues
1019 3104 1073 3189 qni
1104 3102 1165 3165 hue
1195 3101 1364 3185 pertinent

224 3209 416 3288 sacerdotes,
441 3209 608 3293 quominus
634 3215 740 3291 empta
761 3208 938 3272 sacerdotia
961 3206 1130 3271 heredibus
1160 3206 1225 3268 suis
1257 3212 1363 3268 trans·

223 3312 384 3376 1ο11ω1112
428 3312 465 3376 Id
490 3334 565 3376 sanc
589 3312 753 3376 fatendum
776 3320 834 3390 cst,
857 3311 1034 3376 sacerdotia
1056 3313 1086 3373 in
1110 3309 1203 3373 certis
1226 3306 1361 3371 familiis

223 3416 291 3479 iure
314 3416 443 3480 retineri
465 3418 616 3501 potuisse.
661 3417 769 3500 Atque
793 3416 832 3479 ad
857 3417 918 3480 hoc
940 3417 1043 3501 ipsum
1062 3415 1110 3477 ius
1127 3411 1260 3476 verbum
1276 3412 1360 3475 illud

223 3517 445 3601 διασυστοίσεις,
468 3521 593 3605 siquid
616 3521 725 3600 rideo,
757 3523 912 3606 pertinet,
945 3542 1008 3605 quo
1035 3519 1229 3604 significatur
1252 3514 1359 3579 cessio

222 3621 262 3684 ad
278 3623 456 3707 proximum
467 3624 630 3689 'heredem
652 3625 696 3687 ita
717 3625 811 3706 facta,
835 3631 870 3688 ut
886 3626 1022 3708 pretium
1038 3624 1200 3706 aliquanto
1218 3619 1360 3685 fortasse

224 3725 421 3791 deminutum
444 3719 547 3793 denuo
569 3730 614 3793 rei
637 3728 783 3813 publicae
805 3735 887 3793 esset
909 3726 1144 3813 pendendum.³

326 3848 542 3935 Quaecunque
575 3850 710 3935 denique
738 3849 822 3934 apud
845 3849 985 3914 Graecos
1016 3851 1047 3913 iu
1071 3870 1131 3912 usu
1157 3846 1280 3912 fuerint
1312 3850 1362 3914 lo·

222 3951 312 4014 candi
335 3953 485 4034 rationes,
509 3975 580 4018 cum
602 3953 909 4037 perlustraverimus,
935 3955 995 4018 hoc
1018 3973 1123 4035 unum,
1153 3953 1216 4016 nisi
1247 3953 1360 4039 fallor,

222 4064 426 4076 Ἢ

323 4109 539 4178 ἱώιΜη

322 4199 333 4231 ¹
351 4198 386 4249 es.
404 4214 429 4264 p.
451 4197 490 4249 17.

324 4282 387 4336 ⁸cf.
413 4287 513 4337 anthes
540 4300 565 4353 p.
592 4282 635 4338 171
674 4285 861 4359 ῃἍριστιιγάρη,
886 4292 1034 4363 κληρονόμος
1056 4288 1104 4345 του
1122 4328 1127 4342 ·
1146 4328 1153 4342 ·
1173 4290 1363 4371 διασυνίστησιν

221 4370 337 4449 ῐιρητιίαν
354 4369 370 4421 i.
391 4385 412 4422 ο.
431 4370 539 4437 publiea
558 4372 724 4426 rendendum
742 4373 896 4445 proponit.“
