2954 4816
681 325 749 408 [rs]
1238 325 1279 387 es
1318 314 1322 325 ’

150 522 259 599 petum
283 520 339 593 est,
363 513 418 577 cir.
449 515 465 578 I
490 518 548 592 11,
571 520 591 579 4
614 514 699 600 apud
722 511 934 600 Theophilum
958 516 1012 605 qui
1036 516 1151 580 dicitur
1173 511 1278 601 ἐπειδή

146 616 239 697 aprio
262 619 429 701 μίμησιν
452 625 506 703 τῆς
529 616 650 703 φύσεως
665 616 859 701 ἐπινενόηται,
875 621 929 684 ubi
944 620 976 725 iu
992 626 1084 685 textu
1101 619 1276 683 Iustiniano

148 722 302 786 hebemus
326 722 452 805 adoptio
474 729 626 786 naturam
644 723 852 791 imitatur.

137 868 142 874 -
250 827 288 890 In
317 827 546 910 posterioribus
576 827 663 890 libris
694 827 817 891 illorum
841 847 956 892 vocum
980 828 1048 891 vice
1070 826 1213 910 iungitur
1236 824 1279 889 ad

145 929 397 993 similitudinem:
441 929 494 993 III
525 935 554 1010 4,
584 933 670 992 lint
704 929 757 993 ad
790 931 1109 995 similitudinem
1140 930 1278 1004 fitiorum

141 1033 340 1117 riimrumque
376 1041 523 1098 vocentur
560 1033 721 1118 (Theoph.
762 1032 859 1098 nard
901 1036 1075 1118 μίμησιν
1119 1031 1187 1097 viai
1230 1033 1279 1094 καὶ

145 1135 313 1217 3υγατρός1
331 1138 389 1221 116,
416 1141 455 1202 10
483 1138 534 1202 ad
564 1139 886 1202 similitudinem
915 1159 1022 1203 eorrtm
1052 1139 1107 1223 qui
1128 1157 1165 1200 en
1187 1137 1263 1200 iust'

143 1243 263 1325 nuptiis
296 1245 458 1325 procreati
494 1250 568 1306 sunt
611 1236 724 1324 (πρὸς
760 1242 932 1325 μίμησιν
969 1243 1032 1305 τῶν
1069 1243 1102 1315 ἐξ
1143 1238 1280 1319 ’ἐννόμων

145 1342 321 1425 septimun
355 1343 770 1428 γάμων)1110,2εαμ(ἰννν
804 1345 1036 1428 dispositionem
1070 1345 1279 1408 coartavi·

146 1468 228 1510 mus
258 1448 306 1510 ad
334 1450 652 1513 similitudinem
680 1450 881 1514 naturalium
899 1455 1068 1532 parentum
1091 1447 1155 1535 (τῷ
1185 1473 1280 1528 προσ-

146 1555 288 1637 πορισμῷ
319 1555 382 1615 τῶν
412 1559 547 1636 φυσικῶν
577 1551 690 1634 γονέων
720 1556 830 1617 τοῦτον
862 1550 1220 1635 ἀφομοι(όσας,,οῇ·.
1244 1550 1279 1615 II

148 1657 176 1735 7,
202 1658 215 1718 l
242 1655 299 1720 irae
321 1658 431 1720 mortis
455 1678 552 1721 cansa
575 1657 757 1723 donationes
786 1658 839 1721 ad
861 1658 1081 1741 exemptum
1104 1657 1279 1739 iepatorum

146 1758 336 1822 redactae
358 1767 449 1823 sunt
465 1789 506 1813 =
522 1751 610 1825 airas
634 1759 712 1824 tini
735 1762 845 1825 mortis
868 1783 964 1826 cause
987 1763 1099 1844 δωρεαὶ
1123 1760 1277 1823 ἐοίκασι

93 1928 100 1940 ,
145 1863 296 1950 ληγότῳ).

680 2081 749 2161 58.

535 2192 894 2260 Coniunctiones.

248 2385 277 2450 1.
323 2381 464 2448 Ceterum
482 2383 572 2448 deest
595 2385 627 2446 in
650 2384 804 2469 prioribus
820 2385 917 2463 libris,
941 2393 1031 2452 extat
1046 2387 1077 2451 in
1093 2389 1276 2472 posteriori·

145 2488 218 2551 bus:
241 2488 293 2552 ΙΙΙ
316 2490 345 2567 2,
368 2492 387 2553 3
412 2494 586 2553 ceterum
608 2489 692 2551 inter
715 2490 870 2554 masculos
892 2491 1016 2576 quidem
1040 2541 1095 2557 ...
1118 2492 1276 2558 hereditas

145 2639 176 2655 ..
193 2638 200 2653 .
224 2592 351 2673 eapitur
367 2592 379 2674 11
395 2591 445 2655 Ν
470 2596 528 2671 7,5
554 2599 728 2657 ceterum
750 2593 878 2657 dubium
900 2614 963 2658 non
985 2602 1039 2676 est,
1062 2597 1138 2680 quin
1153 2597 1165 2679 11
1182 2601 1211 2679 9,
1228 2620 1275 2684 pr.

145 2701 323 2758 ceterum
358 2697 387 2759 si
423 2697 571 2780 punitatis
606 2699 647 2761 sit
681 2697 815 2780 sorites,
844 2696 969 2780 eessatii
987 2701 1020 2774 9,
1054 2703 1069 2762 1
1103 2706 1276 2766 ceterum

144 2798 307 2863 sciendum
329 2806 382 2863 est.

246 2900 366 2966 Contra
381 2902 415 2967 II
433 2906 462 2985 7,
485 2906 505 2967 2
521 2903 635 2967 dicitur
658 2904 817 2967 sciendum
834 2910 967 2969 tamen
988 2912 1041 2970 est.
1067 2906 1161 2987 [conf.
1180 2909 1277 2974 etiam

145 3006 214 3089 hos,
230 3026 366 3090 quorum
378 3007 566 3090 significatio
583 3005 779 3091 aliquantum
794 3007 899 3088 distm,
914 3009 1018 3073 locos:
1034 3011 1102 3075 sed
1116 3013 1275 3076 sciendum

143 3117 187 3174 est
209 3110 226 3173 I
251 3113 300 3192 14,
326 3114 340 3173 1
367 3117 399 3174 et
415 3111 574 3176 sciendum
596 3117 725 3175 autern
749 3119 792 3176 est
814 3112 903 3193 124,
926 3111 968 3195 2].

246 3216 275 3278 2.
321 3213 427 3280 Donec
450 3215 630 3280 coniunctio
653 3215 838 3300 temporalis
862 3216 913 3281 ΙΙΙ
937 3219 995 3298 23,
1023 3239 1069 3300 pr.
1094 3225 1126 3284 et
1148 3216 1197 3282 IV
1226 3222 1275 3301 12,

143 3338 188 3400 pr.
205 3339 276 3381 eum
292 3318 464 3383 indicativo
482 3321 651 3384 coniuncta
667 3326 731 3385 est:
755 3319 808 3384 III
823 3323 875 3402 23,
890 3342 938 3407 pr.
955 3322 1080 3386 donec
1097 3325 1152 3401 (ε
1170 3320 1275 3404 ‘dum')

144 3421 225 3485 deest
246 3418 255 3506 11
281 3421 327 3484 Ν
360 3425 417 3504 12,
449 3444 496 3506 pr.
526 3423 650 3487 donec
674 3471 706 3488 ..
736 3423 889 3487 dederunt
919 3426 998 3510 (quo
1028 3424 1099 3488 loco
1128 3426 1276 3489 coniunc-

142 3523 242 3589 tirum
287 3546 408 3612 ponere
454 3546 517 3591 nou
561 3526 702 3606 licebat).
762 3526 883 3591 Eadem
930 3528 964 3592 ΙΙ
1014 3530 1070 3611 17,
1116 3550 1163 3614 pr.
1205 3550 1276 3592 cum

143 3630 342 3695 subiunctiro
373 3630 417 3694 its
441 3630 630 3707 conectitur,
663 3631 753 3693 utin
777 3631 941 3696 enuntiato
969 3632 1117 3717 primerio
1140 3630 1276 3696 addatur

144 3754 238 3819 nsque
262 3755 311 3799 eo:
343 3740 557 3798 testamentum
581 3734 797 3816 inresectum
819 3756 942 3820 nsque
964 3755 1004 3799 eo
1026 3736 1125 3816 natet,
1155 3735 1276 3799 donec

145 3846 318 3923 rumpatur
338 3840 503 3903 irritumue
523 3841 591 3919 siat.

245 3945 275 4007 3.
322 3943 360 4006 Si
380 3943 472 4007 modo
494 3943 583 4008 initio
607 3942 830 4008 condicionum
852 3945 883 4007 in
900 3941 1026 4008 duobus
1047 3941 1277 4029 posterioribus

141 4044 228 4109 libris
251 4044 359 4109 noviss
382 4046 516 4128 iegitur:
539 4046 713 4128 1111,1o;
741 4048 837 4126 19,5;
863 4048 967 4125 27,1;
990 4046 1039 4110 Ν
1062 4050 1092 4126 3,
1109 4048 1144 4126 3;
1174 4049 1220 4127 15,
1237 4050 1275 4129 4;

146 4150 193 4227 15,
217 4151 273 4226 4·;
303 4150 415 4230 6,17.
460 4148 568 4233 Atque
603 4169 675 4213 cum
709 4148 762 4213 HI
798 4153 854 4226 14,
889 4150 908 4210 2
942 4148 1066 4232 legatur
1099 4151 1135 4212 si
1165 4149 1276 4214 modo

134 4252 263 4334 poterit,
297 4251 350 4314 ubi
371 4250 506 4334 Digesta
540 4252 660 4317 habent
691 4253 828 4338 simplex
859 4254 889 4316 si
911 4252 1111 4335 (XXXXIV
1136 4255 1163 4335 7,
1188 4256 1216 4331 1,
1240 4256 1276 4333 4)

142 4352 317 4439 eademque
347 4354 364 4435 ξ
392 4355 428 4418 si
449 4355 563 4419 modo
586 4401 644 4420 ...
667 4357 864 4421 intervenerit
888 4362 1049 4439 occurrat,
1079 4355 1135 4420 ubi
1165 4356 1197 4421 in
1220 4355 1277 4420 Di·
