2948 4808
692 266 906 328 -42-

229 451 424 519 documento
449 453 661 539 intellegendi
684 455 765 532 sint,
788 474 853 518 non
875 455 997 539 publici
1014 454 1281 534 Atheniensium,
1306 453 1364 518 du-

229 557 333 624 bitare
351 579 414 622 non
438 559 524 624 lieet.
562 558 800 624 Nihilominus
823 565 933 625 autern
956 559 1034 624 mihi
1057 561 1124 625 veri
1146 581 1210 623 non
1232 578 1364 644 prorsus

228 661 386 731 dissimile
429 684 503 728 esse
543 662 671 727 videtur
710 662 907 727 sacrificulos
942 662 1162 728 Athenienses
1200 662 1366 729 Heraelea

228 765 424 836 Marathone
439 787 583 844 curasse,
606 767 759 851 quoniam
777 766 823 832 ibi
839 787 966 835 summa
981 767 1135 833 Herculis
1153 788 1245 833 sacra
1260 786 1365 853 eaque

228 891 301 935 cum
326 890 489 935 armorum
514 870 744 934 certaminibus
761 870 933 935 coniuncta
946 873 969 954 ¹)
984 871 1056 936 fieri
1074 871 1235 950 solebant,
1258 890 1364 954 neque

227 972 292 1040 alia
321 973 384 1046 nisi
416 979 510 1037 extra
541 972 657 1043 urbem
686 979 760 1038 aeta
790 974 1043 1058 quinquennalia
1070 974 1160 1039 locus
1191 974 1366 1039 Polluceus

228 1079 373 1149 exhibet.
418 1078 511 1154 Quae
535 1100 629 1145 sacra
644 1086 776 1166 praeter
791 1080 848 1144 illa
863 1100 883 1144 a
899 1080 1158 1166 tetrapolitarnnr
1176 1077 1365 1147 sacrificulis

228 1184 377 1249 instituta
400 1183 530 1269 publice
549 1184 620 1250 fieri
644 1185 852 1250 statuendum
877 1191 936 1250 est.

312 1287 464 1373 Denique
488 1308 602 1353 sacra
625 1287 869 1354 Brauronem
894 1295 932 1353 et
955 1287 1095 1353 Delum
1119 1289 1257 1375 quinto
1274 1308 1364 1372 quo-

228 1413 301 1478 que
333 1412 436 1457 anno
467 1392 702 1459 deducenda
736 1400 862 1472 curant,
895 1392 936 1456 do
964 1391 1082 1477 quibus
1111 1391 1153 1456 ef.
1181 1391 1366 1457 Mommsen

228 1495 365 1562 heortol.
396 1518 425 1582 p.
451 1499 523 1561 409.
555 1499 627 1559 415.
672 1495 840 1561 Hermann
874 1496 1020 1581 antiquit.
1053 1495 1146 1580 relig.
1176 1496 1195 1574 ἐ
1223 1497 1280 1577 62,
1316 1496 1364 1560 18.

230 1597 267 1663 Ο.
292 1596 432 1664 Mueller
456 1598 680 1665 Orchomenos
704 1597 739 1661 l‘t
759 1620 791 1683 p.
804 1600 866 1662 303
891 1596 965 1663 adn.

314 1703 345 1790 η)
363 1704 568 1770 Eleusinia
584 1727 676 1770 sacra
692 1727 712 1769 a
728 1705 918 1770 sacrificulis
931 1704 1110 1771 Eleusiniis
1126 1688 1364 1770 administrata:

224 1799 345 1894 Ἐφημ
358 1808 407 1873 VI
426 1811 506 1873 3451
534 1840 574 1864 =
597 1809 633 1875 O.
655 1810 683 1876 l.
699 1809 739 1874 A.
763 1809 797 1874 ΙΙ
815 1812 901 1875 7410
918 1812 937 1873 9
954 1801 1010 1890 Ἐξ
1026 1802 1250 1894 Ἐλο]νσινι’ων
1272 1804 1365 1895 παρὰ

228 1906 427 1999 λερονιοιιῆν.
466 1913 515 1978 Ib.
533 1912 554 1978 d
573 1919 585 1977 l
606 1935 653 2001 sq.
671 1906 739 2000 [Ἐξ
752 1905 957 1979 Ἐλευσινίων
975 1908 1080 2000 παρὰ]
1103 1909 1320 2000 λεροπ[οιῶν·]
1331 1913 1365 1996 ²).

312 2020 352 2095 c)
387 2017 644 2084 Eumenidum
674 2039 766 2083 sacra
796 2040 932 2104 quorum
963 2039 1072 2083 euram
1106 2016 1230 2104 proprii
1252 2039 1365 2084 aarum

227 2122 399 2187 sacrificuli
422 2123 553 2188 habent.
600 2122 651 2188 De
675 2122 726 2187 his
750 2123 790 2187 cl.
813 2144 844 2208 p.
859 2125 910 2186 47.

315 2226 510 2292 Accuratius
533 2248 619 2292 nune
643 2226 860 2293 describenda
882 2232 957 2291 sunt

456 2330 620 2416 Singula
644 2330 969 2395 sacrificulorum
993 2329 1147 2396 officia.

316 2431 367 2498 De
397 2433 447 2498 his
478 2435 635 2500 nonnulla
658 2432 788 2518 quidem
813 2433 892 2498 certi
916 2432 991 2497 festi
1015 2433 1141 2498 ratione
1164 2452 1229 2496 non
1253 2432 1367 2497 habita

231 2536 409 2602 lexicorum
444 2545 596 2603 auctores
624 2536 767 2603 tradunt.
822 2536 1008 2601 Secundum
1038 2537 1113 2602 illos
1145 2557 1210 2602 non
1240 2542 1365 2601 tantum

231 2639 354 2704 hostias
385 2642 622 2707 sacrificantia
646 2641 829 2720 sacrifieiis,
861 2641 1093 2704 verumetiam
1117 2641 1226 2705 omina
1248 2646 1365 2726 petunt

231 2765 296 2809 una
319 2766 393 2809 oum
416 2746 544 2811 vatibus
568 2769 610 2812 ex
633 2747 873 2812 immolatarum
895 2745 1076 2813 hostiarum
1100 2746 1203 2812 extis:
1243 2744 1297 2811 Et.
1320 2744 1363 2810 M.

232 2849 253 2914 l.
272 2870 298 2914 c.
322 2841 382 2913 κᾶν
413 2875 444 2915 ιι
473 2850 682 2941 καλλιερῆσαι
710 2848 764 2938 δέῃ
789 2849 995 2935 καλλιεροῦοι
1018 2844 1101 2933 μετὰ
1123 2849 1187 2914 τῶν
1210 2843 1365 2932 μάντεων.

232 2951 337 3027 Quam
376 2953 416 3018 ad
453 2976 522 3020 rem
553 2956 777 3020 illustrandam
806 2955 960 3020 idoneum
991 2961 1043 3019 est
1072 2953 1295 3020 testimonium
1325 2952 1365 3018 de

232 3058 422 3121 sacrificulis
446 3057 605 3145 Myconiis
626 3052 753 3147 Ἀθήν.
779 3058 813 3121 Il
837 3081 867 3145 p.
889 3059 951 3124 237
975 3079 1021 3124 vs.
1043 3060 1083 3122 20
1110 3050 1166 3122 ἐὰν
1196 3054 1234 3123 δέ
1254 3081 1287 3121 ιι
1311 3054 1365 3144 δέῃ

232 3160 418 3246 καλλιερεῖν,
444 3160 607 3248 ἱεροποιοὶ
632 3155 797 3228 διδόντων.
844 3160 1051 3249 Quapropter
1074 3183 1114 3226 ne
1135 3160 1275 3225 Athenis
1294 3161 1366 3246 qui·

231 3264 305 3329 dern
337 3266 414 3350 quin
444 3268 548 3332 simile
573 3288 685 3332 eorum
709 3266 849 3330 officium
873 3265 1079 3351 aliquatenus
1102 3265 1251 3330 extiterit
1273 3263 1365 3329 dubi-

232 3369 321 3433 tandi
346 3392 445 3434 causa
468 3378 526 3436 cst.
571 3371 766 3436 Accusatins
790 3370 876 3434 idem
899 3374 1140 3457 persequuntur
1160 3368 1366 3447 scholiastae,

232 3493 304 3536 cum
343 3473 455 3537 dicunt
491 3474 691 3539 sacrificulos
733 3474 896 3539 custodire
928 3479 1039 3539 vatum
1076 3472 1234 3539 sacrificia
1268 3480 1366 3558 atque

303 3632 322 3693 ¹)
342 3629 369 3682 C.
390 3629 431 3681 ur.
451 3629 592 3681 Hemnaun
611 3627 743 3696 antiquit.
763 3628 842 3697 relig.
862 3628 932 3696 562,
945 3627 1054 3680 al-au.

301 3718 321 3777 ²)
341 3715 373 3770 In
392 3715 515 3769 eiusdem
534 3714 611 3768 tituli
629 3713 692 3768 fab
711 3733 735 3768 v.
749 3716 784 3768 ⁴20
804 3710 862 3783 [Ἔα
872 3753 1002 3766 ........
1013 3713 1063 3783 ω]ν
1081 3714 1168 3783 ulceri
1186 3714 1366 3783 ἱ]ερονιο[ιών]

230 3801 325 3868 [realia
343 3819 421 3856 sacra
440 3802 548 3855 lateant
566 3800 669 3855 mensis
688 3799 918 3870 Scirophoricnis‚
937 3800 1074 3854 incertum
1094 3804 1142 3854 est.
1176 3799 1215 3855 lb.
1229 3802 1283 3855 ν.4
1306 3799 1367 3869 [Ἐγ

232 3888 394 3958 Αιοννοίω]ν
409 3892 461 3941 των
473 3887 517 3942 ἐπὶ
533 3887 645 3959 Ληναίῳ
658 3887 752 3958 [παρὰ]
768 3930 774 3942 ,
786 3929 792 3941 .
805 3928 810 3940 .
821 3928 827 3940 ,
839 3929 844 3940 .
856 3929 861 3940 .
873 3928 879 3940 .
891 3927 896 3940 .
908 3928 914 3940 .
927 3886 1037 3951 (ἑκατόν
1050 3888 1089 3956 ἔξ)
1100 3886 1242 3956 Mangubia
1252 3888 1290 3954 (ll
1302 3888 1365 3954 842)

232 3991 334 4043 ponere
344 3975 406 4028 vult
417 3975 501 4047 [παρα
514 3975 677 4044 ἱεροποιώνΙ,
690 3974 764 4042 quod
777 3974 1001 4043 supplementum
1016 3975 1131 4028 lacunae
1144 3974 1292 4029 convenire
1302 3991 1366 4029 con·

231 4060 384 4114 cadendum
399 4064 447 4115 ost.
474 4061 527 4115 Sed
537 4064 612 4115 recte
622 4060 759 4115 iudicavit
769 4060 924 4114 Boeekhius
934 4061 1129 4130 requirendum
1142 4060 1300 4133 μυστηρίων
1310 4062 1366 4115 ἐπι-

230 4149 361 4218 μελητῶν,
371 4148 476 4217 qnippe
489 4167 558 4216 quos
571 4148 599 4202 in
610 4148 695 4202 titulo
709 4147 891 4202 antecedente
898 4151 925 4214 (a
934 4150 976 4217 10)
985 4166 1018 4202 ex
1028 4149 1143 4203 Lenaeis
1158 4149 1188 4202 ro*
1200 4149 1366 4221 δερμαιικόν

232 4234 382 4290 contulisse
401 4234 551 4289 videamus.
589 4235 658 4291 Mihi
682 4235 754 4289 nihil
777 4235 964 4305 supplendum
982 4235 1094 4291 videtur
1114 4236 1169 4291 nisi
1188 4235 1365 4305 ἐπιμελητῶν.
