2956 4822
212 281 274 346 ras
735 278 823 366 [222]

313 476 562 558 Commendatur
585 482 692 540 autem
715 476 794 540 12222
817 475 975 541 sententia
1007 496 1065 555 co,
1097 476 1182 559 quod
1215 475 1348 540 omnino

209 583 336 668 probari
360 605 422 646 non
447 605 541 667 posse
565 582 701 661 uidetur,
726 580 931 665 magistratus
950 581 1138 645 Aetolorum
1160 589 1348 645 senatorum

116 715 119 722 ·
209 707 340 751 numero
374 685 552 770 adscriptos
588 684 696 749 fuisse.
753 682 937 763 Προστάτας
972 684 1055 747 euim
1090 705 1106 747 2
1143 686 1349 750 senatoribus

208 802 332 858 creatos
365 813 435 857 2222
464 811 557 855 nemo
589 790 731 875 negabit.
777 789 892 874 ltaque
923 810 986 854 nou
1016 791 1152 873 amplius
1183 792 1260 873 2211,
1293 813 1349 856 eur

208 920 279 962 cum
303 896 454 980 Ussingio
480 896 647 975 miremur,
682 894 867 979 magistrum
898 895 1038 978 equitum
1071 893 1169 959 fuisse
1192 897 1223 958 iu
1252 917 1346 980 prae·

207 1003 310 1067 sidum
335 1021 486 1080 numero,
514 1005 690 1083 praetorem
718 1018 782 1061 uon
810 996 926 1062 luisse:
953 998 1049 1063 immo
1077 999 1193 1065 ncilla
1218 1001 1346 1084 quidem

208 1113 286 1171 erat.
332 1105 454 1169 Tamen
473 1111 579 1166 utrum
603 1100 666 1165 duo
691 1101 811 1165 tuerint
833 1109 963 1165 senatus
988 1104 1151 1186 praesides
1166 1124 1205 1166 an
1226 1105 1346 1189 plures,

208 1232 248 1274 ex
280 1210 341 1273 hoe
370 1209 442 1272 loeo
474 1206 556 1272 eltiei
588 1226 652 1269 uon
684 1210 799 1290 potest.
853 1205 971 1270 Munus
1002 1228 1112 1271 eorum
1145 1209 1213 1273 eius
1244 1211 1347 1276 simile

207 1314 306 1377 fuisse
328 1311 455 1376 uidetur
479 1330 540 1393 quo
562 1307 701 1387 2222121222
717 1306 854 1372 Athenis
870 1308 1095 1392 fungebantur,
1119 1320 1346 1396 praeterquam

208 1417 294 1502 quod
310 1417 356 1480 illi
372 1414 413 1479 ad
431 1435 527 1478 unum
543 1418 665 1476 tautum
681 1411 773 1492 diem,
792 1412 823 1475 hi
841 1413 990 1478 uidentur
1005 1414 1036 1478 iu
1053 1415 1176 1498 longius
1192 1420 1343 1503 temporis

208 1521 345 1605 spatium
370 1519 534 1583 constituti
559 1538 637 1586 2222.

311 1624 450 1688 Senatus
473 1620 546 1684 anui
570 1620 766 1702 significatur
782 1619 905 1685 scribae
928 1621 1066 1686 nomine.
1113 1623 1145 1688 Is
1164 1623 1271 1703 Λύκος
1288 1633 1346 1704 221,

208 1736 336 1812 praeter
362 1746 457 1810 quem
488 1724 570 1788 alius
600 1724 703 1788 scribo
727 1732 1011 1806 commemoratur,
1042 1726 1132 1790 cuius
1161 1748 1279 1795 nornen
1312 1731 1344 1795 iu

207 1857 274 1915 -χος
297 1831 401 1911 desiit,
427 1850 526 1915 quare
543 1825 670 1910 Ἔποχος
693 1827 855 1912 suppleuit
878 1828 1006 1913 Ussing,
1031 1831 1084 1895 uel
1108 1829 1170 1896 hoo
1196 1834 1247 1897 uel
1273 1834 1346 1898 'An-

208 1936 500 2020 τι’2χ2ς11222212122.
546 1935 653 2016 Atque
677 1930 782 1995 Λύκον
805 1933 893 1996 illum
917 1933 1087 2018 Ussiugius
1113 1943 1145 2000 et
1168 1936 1345 2004 Vischcrus

208 2061 266 2125 pro
290 2060 327 2102 2ο
352 2040 455 2103 scriba
478 2038 658 2100 habuerunt
679 2037 732 2120 qui
759 2036 843 2120 apud
867 2036 1039 2118 Polybium
1063 2039 1179 2104 dicitur
1202 2041 1345 2124 δημόσιος

208 2143 405 2227 γραμματεύς
429 2141 527 2223 (XXI
552 2143 592 2203 32
618 2138 734 2222 [XXII
762 2139 812 2222 15]
836 2137 853 2221 ᾖ
880 2138 951 2223 10),
982 2143 1037 2225 qui
1067 2149 1139 2226 post
1162 2152 1346 2227 praetorem

209 2255 240 2312 et
256 2247 441 2331 magistrum
466 2244 608 2328 equiturn
632 2244 743 2307 tertius
760 2250 828 2306 erat
851 2264 1042 2307 summorum
1062 2247 1262 2330 sympolitiae
1278 2272 1344 2313 ma·

207 2353 408 2435 gistratum,
433 2351 516 2414 huuc
539 2370 597 2433 pro
621 2348 725 2411 scriba
741 2356 881 2412 senatus.
925 2347 967 2411 Et
983 2349 1150 2434 Ussingiuc
1167 2361 1198 2416 et
1214 2353 1345 2437 Raugo-

208 2458 304 2522 baeus
335 2458 421 2521 illum
451 2457 523 2520 anni
555 2475 748 2539 cponyruurn
781 2454 879 2519 fuisse
909 2463 1112 2522 censuerunt.
1163 2456 1226 2521 Sed
1257 2481 1343 2523 erra·

208 2571 323 2626 uerunt
346 2562 405 2626 uiri
430 2559 619 2624 doctissimi:
651 2579 754 2643 neque
787 2558 869 2621 eninr
893 2558 996 2623 scriba
1026 2560 1082 2625 scd
1107 2568 1231 2644 praetor
1255 2564 1343 2648 apud

207 2668 341 2731 Aetolos
358 2686 535 2750 eponymus
552 2669 621 2727 2221
636 2661 795 2743 (Dittenb.
814 2660 890 2745 Syll.
904 2665 977 2728 325.
990 2667 1061 2728 146.
1076 2669 1148 2730 447.
1184 2666 1344 2733 Weseher

208 2777 239 2834 21
261 2769 411 2849 Foncart,
436 2770 535 2832 12222.
554 2766 592 2831 de
610 2765 753 2850 Delphos
773 2770 817 2843 1).
863 2766 934 2840 Quo
958 2768 1059 2851 magis
1083 2770 1178 2832 etiam
1202 2770 1344 2856 Ussiugii

210 2883 242 2939 21
265 2872 408 2938 Vischeri
432 2873 592 2937 sententia
615 2871 653 2935 de
678 2871 789 2934 scribis
819 2871 978 2935 reicienda
1010 2879 1041 2934 21
1064 2872 1204 2956 Bergkio
1236 2880 1344 2960 potius

207 2976 465 3061 adstipulandum
491 2996 559 3040 2222
583 2974 659 3037 mihi
683 2973 826 3054 uidetur·;
850 2975 902 3058 qui
925 2980 1070 3038 senatum
1094 2998 1114 3039 a
1143 2978 1189 3041 sui
1219 2981 1343 3048 scribae

207 3081 334 3145 neruine
350 3079 517 3165 significari
535 3079 667 3160 censuit,
684 3087 796 3162 posteo
813 3079 894 3141 inter
910 3087 1007 3143 testes
1023 3084 1200 3145 enumerari
1214 3093 1342 3168 praeter

206 3193 336 3250 senatus
355 3184 514 3268 praesides
532 3204 726 3247 summorum
743 3183 986 3265 magistratuum
1004 3184 1094 3250 duos.
1135 3186 1229 3250 Hunc
1245 3190 1343 3271 igitur

202 3288 355 3372 Ἀντίοχοι·
383 3288 433 3351 221
454 3285 589 3370 'linoges
617 3294 713 3367 22212,
739 3293 775 3350 ut
796 3286 873 3349 mihi
897 3286 1035 3370 uidetur,
1058 3288 1216 3375 Berglrius
1241 3291 1341 3376 δημό-

207 3418 271 3456 σιον
293 3391 474 3475 permutatio
498 3392 664 3456 intellexit.

310 3497 452 3561 Testium
476 3497 595 3580 primus
618 3496 733 3559 dicitur
749 3496 891 3580 Spattius
916 3517 997 3577 2222,
1021 3497 1110 3562 euius
1130 3500 1233 3583 putria
1249 3501 1342 3567 uobis

206 3602 316 3684 ignota
341 3609 398 3675 221,
422 3602 502 3665 21122·
527 3623 566 3664 ex
590 3600 762 3685 Apollonia
779 3607 884 3666 ortus:
911 3623 971 3679 „ex
988 3600 1097 3688 Epiro,
1122 3609 1156 3666 ut
1172 3604 1342 3689 arbitror“‚

205 3703 293 3768 addit
323 3705 502 3787 Ussingius,
534 3705 631 3790 quod,
661 3725 851 3789 quamquam
877 3705 1090 3789 Rungabaeus
1118 3707 1342 3793 adstipulatur,

206 3812 273 3874 sine
308 3810 404 3873 dubio
439 3810 635 3873 reiciendum
670 3819 728 3874 est.
783 3808 862 3882 Quis
898 3810 981 3873 enim
1016 3810 1221 3894 Apolloniam
1254 3812 1340 3877 illam

205 3915 406 3999 sympolitiae
440 3913 628 3977 Aetolorum
665 3913 851 3998 participem
879 3912 976 3976 luisse
1007 3935 1157 3997 umquam
1194 3915 1342 3980 audiuit?

200 4015 421 4092 Ἀπολλωνιεύς
444 4017 583 4101 quidam,
611 4016 688 4080 eiuis
719 4024 754 4079 ut
776 4015 904 4079 uidetur
932 4017 1043 4096 nostri,
1074 4027 1342 4084 commemoratur

204 4122 300 4185 etiam
331 4120 415 4205 apud
447 4120 605 4184 Weseher
636 4126 667 4183 et
691 4119 832 4184 Foucart
866 4123 939 4200 361,
969 4121 998 4184 9.
1043 4119 1203 4187 Dubitare
1232 4131 1340 4187 autem

203 4226 290 4307 lieet,
313 4233 420 4287 utrum
436 4208 613 4308 Apollonia
636 4223 801 4287 castellum
818 4224 1008 4288 Aetolorum
1032 4224 1283 4308 intellegendum
1299 4228 1341 4293 sit

203 4349 303 4414 prope
318 4327 490 4414 Eupalium
513 4331 608 4393 situm
631 4328 661 4393 iu
677 4327 813 4393 Locride
838 4328 870 4410 (a
885 4326 978 4391 Liuio
995 4325 1144 4392 XXVIII
1163 4331 1183 4393 8
1204 4349 1341 4397 comme·
