2970 4814
210 247 251 314 ω
645 283 687 297 -
731 240 819 335 [ωε]
865 283 909 297 .-

146 501 148 504 ,
212 431 313 520 ,,άλλ”
326 433 404 505 όταν
424 433 596 527 ηβήσειε*)
619 437 676 504 καὶ
696 433 779 528 ἥβης
792 435 910 524 μέτρον
928 437 1056 503 ἵκοιτδ*
1074 436 1150 523 (Op.
1162 436 1245 503 etI).
1259 436 1345 521 132).

209 554 353 624 κενειῦν
375 559 411 625 δέ
433 558 489 625 καὶ
511 554 671 645 λαπάρα
692 553 731 626 τὸ
755 551 845 638 αὑτό,
869 558 887 623 ὁ
908 552 993 623 κατὰ
1012 552 1069 623 τὸν
1087 551 1209 643 λαγόνα
1231 551 1347 635 τόπος.

209 658 323 728 κενειῦν
345 662 414 747 μέν,
443 658 536 747 παρὰ
558 657 596 730 τδ
620 657 710 729 κενὸν
732 653 817 728 εῖναι
839 654 961 728 ὀστέων
987 655 1044 726 τόν
1072 655 1244 744 τόπον**)·
1288 658 1346 725 καὶ

211 760 347 853 λαπάρα
369 762 426 832 διὰ
448 759 559 847 ταύτό,
582 761 733 846 λαπάξαι
755 760 816 851 γὰρ
838 760 876 831 τὸ
899 766 1037 831 κενῶσαι
1047 765 1083 851 ¹),
1108 758 1152 844 ὡς
1173 759 1212 831 τδ

491 892 592 981 ,μίαν
613 890 713 963 πόλιν
735 889 1057 980 έξαλαπόξαι“***),

210 1022 359 1091 τουτέστι
387 1025 453 1090 ταῖν
479 1017 690 1110 ὑπαρχόντων
719 1018 802 1113 αὐτῇ
829 1025 968 1111 κενῶσαι
991 1024 1138 1090 πολιτῶν
1159 1021 1216 1089 καὶ
1240 1047 1348 1110 πραγ-

209 1125 339 1212 μάτων·
366 1122 390 1217 ἢ
417 1125 473 1194 διὰ
501 1124 560 1218 τὴν
587 1124 746 1195 λάπαθον
767 1124 827 1218 την
851 1123 990 1215 βοτάνην
1011 1123 1186 1217 κενωτικὴν
1202 1123 1348 1215 γαστρὸς

211 1222 321 1298 οῦσαν.
365 1227 493 1317 λαγιὺν
515 1231 567 1313 δέ,
591 1228 685 1319 παρὰ
706 1227 745 1298 τδ
768 1227 901 1320 λήγωλ),
925 1231 1029 1298 ἐκεῖσε
1051 1226 1112 1318 γὰρ
1134 1227 1287 1320 λήγουσιν
1310 1229 1346 1296 αἱ

208 1331 360 1420 πλευραί.
411 1335 527 1402 τοῦτον
559 1330 616 1402 τὸν
642 1331 747 1402 τόπον
775 1333 947 1421 κατωτέρω
976 1331 1111 1421 λαγόνος
1139 1336 1348 1420 βουβῶνας

210 1438 357 1521 καλοῦσι,
381 1434 423 1505 τὰ
445 1434 540 1505 ἔνθεν
561 1437 618 1505 καὶ
641 1438 769 1506 ἐκεῖθεν
790 1443 851 1528 τῆς
871 1434 1015 1525 βαλάνου
1034 1438 1091 1505 καὶ
1111 1441 1175 1505 τῶν
1190 1429 1345 1524 διδύμων.

208 1538 349 1621 κῦστις
376 1541 413 1608 δὲ
434 1539 585 1631 σημαίνει
612 1537 650 1610 τδ
674 1537 848 1628 οῦροδόχον
871 1536 1007 1629 ἀγγεῖον,
1038 1538 1132 1630 παρὰ
1153 1537 1192 1611 τὸ
1214 1538 1346 1609 κεῦθειν

213 1642 374 1735 έφήβαιον
395 1640 625 1733 ὑπογάστριον,
652 1645 710 1712 καὶ
738 1641 794 1712 διὰ
821 1641 860 1712 τὸ
881 1647 941 1711 τοῦ
964 1639 1146 1733 ἀνθρώπου
1169 1642 1345 1735 φυλάττειν

210 1746 252 1815 τὰ
274 1744 374 1837 ὑγρά·
405 1744 427 1839 ἢ
446 1745 539 1834 παρὰ
561 1746 599 1817 τὸ
615 1745 729 1837 μόριον
743 1746 831 1816 κόειν
845 1744 883 1816 τὸ
899 1739 1035 1837 οῦρονδ).
1078 1753 1288 1836 βουβῶνας
1311 1750 1348 1817 δέ

210 1846 386 1933 ὠνόμασαν
418 1848 497 1933 τοῦς
525 1850 711 1941 εἰρημένους
738 1850 878 1934 τόπους,
915 1847 984 1921 άπὸ
1018 1854 1078 1920 τοῦ
1109 1850 1347 1940 συμβαίνοντος

211 1951 392 2044 οἰδήματος
420 1954 453 2021 έν
481 1949 609 2036 αὑτοῖς·
639 1955 676 2023 ἐκ
703 1959 762 2023 τοῦ
791 1958 840 2042 βῶ
868 1952 905 2023 τὸ
934 1953 1054 2042 βαίνω,
1086 1953 1179 2044 παρὰ
1201 1953 1240 2024 τὸ
1265 1951 1348 2044 όίγαν

209 2055 334 2143 βαίνειν
364 2056 412 2138 εἰς
439 2055 542 2145 τῖφος·
580 2061 639 2145 βαῖ,
669 2054 745 2143 βιόν,
774 2057 831 2125 καὶ
859 2055 943 2144 μετὰ
970 2062 1030 2126 τοῦ
1059 2047 1120 2146 ᾖ)
1150 2059 1348 2127 έπιτατικοῦ

191 2159 326 2248 ’μορίου
342 2157 470 2248 βουβών
480 2163 517 2249 ⁴).
553 2155 678 2251 ὀσφῦς
700 2160 736 2228 δέ
751 2161 877 2249 λέγεται
898 2159 1047 2245 δτόπος,
1071 2163 1104 2230 έν
1126 2152 1153 2252 ᾦ
1168 2168 1290 2232 κεῖνται
1315 2161 1346 2230 οῖ

207 2262 360 2353 νεφροί.
405 2264 517 2354 νεφροὶ
542 2265 586 2347 δέ,
613 2266 707 2352 παρά
733 2261 771 2333 τὸ
802 2264 979 2355 νείφεσδαι
1007 2269 1055 2356 τῷ
1086 2261 1186 2356 οῦρῳ,
1221 2263 1240 2335 ό
1274 2266 1343 2333 ἔστι

207 2369 394 2456 βρέχεσθαι,
422 2368 556 2457 φέρεται
583 2365 643 2457 γὰρ
672 2365 720 2449 εὶς
746 2363 864 2450 αὐτοῦς
891 2366 929 2438 τδ
954 2361 1057 2458 οῦρον.
1102 2367 1141 2438 τὸ
1164 2370 1201 2437 δὲ
1222 2367 1345 2459 νείφειν

207 2472 327 2561 κυρίως
348 2472 475 2559 λέγεται
502 2472 560 2539 ἐπὶ
587 2476 652 2539 τῶν
673 2467 801 2539 ὑδάτων
828 2476 887 2540 τοῦ
908 2480 1042 2563 νιφετοῦ
1064 2473 1121 2541 καὶ
1144 2473 1203 2541 ἐπὶ
1226 2476 1286 2563 τῆς
1307 2472 1344 2540 ἐκ

208 2575 326 2666 νέφους
340 2578 534 2665 καταφορᾶς
548 2578 612 2642 τῶν
634 2570 807 2663 ὑδάτωνῦ).
846 2570 970 2665 ὀσφῦς
992 2575 1036 2657 δέ,
1061 2570 1105 2656 ὡς
1120 2569 1347 2665 Ἀριστοτέλης

208 2680 297 2767 (hist.
321 2682 419 2745 anim.
442 2681 542 2767 113),
569 2674 589 2770 ἡ
618 2674 674 2769 ἴση
704 2676 789 2767 πρὸς
817 2676 854 2747 τὸ
884 2674 950 2746 άνω
978 2680 1034 2747 καί
1066 2676 1154 2747 κάτω
1177 2685 1346 2769 πεφυκυῖα

209 2788 280 2863 τοῖς
291 2777 412 2865 ὀστοῖς,
428 2774 499 2852 οἷον
515 2779 648 2872 ἷσοφῦς·
664 2777 709 2864 ὡς
723 2783 760 2850 δέ
773 2777 1033 2872 Ἀπολλόδωρος,
1049 2778 1224 2873 όστοφυής,
1241 2778 1346 2851 ὀστώ-

214 2887 306 2975 δηςθ)
329 2883 391 2975 γάρ
411 2885 498 2954 έστιν
518 2883 594 2968 ὅλος
619 2883 758 2968 δτόπος
774 2887 884 2978 αὐτῆς.
915 2887 1040 2975 λέγεται
1058 2887 1095 2955 δέ
1120 2886 1177 2954 καὶ
1200 2884 1345 2971 ἰσχίον·

211 2990 410 3076 ἶσχναίνεται
436 2990 497 3081 γὰρ
520 2985 590 3061 οἷον
618 2993 675 3061 καὶ
697 2990 909 3075 λεπτόνεται,
940 2988 984 3074 ὡς
1006 2990 1091 3082 πρὸς
1112 2990 1150 3062 τὸ
1173 2988 1348 3084 ἆνεστηκὸς

208 3099 269 3164 τοῦ
291 3094 368 3166 ὅλου
395 3094 549 3183 σώματος
570 3101 668 3166 τοῦτο
690 3095 728 3166 τδ
750 3097 857 3186 μέρος.
901 3095 939 3166 τδ
963 3098 999 3164 δὲ
1021 3093 1120 3184 άκρον
1140 3100 1200 3187 τῆς
1221 3092 1347 3187 όσφῦος
1430 3172 1438 3184 „

211 3194 328 3267 ὀστοῦν
343 3203 491 3269 καλεῖται
516 3199 621 3290 ἱερὸν
642 3196 797 3270 ὀστοῦν·
827 3197 847 3290 ἢ
863 3198 914 3270 ότι
930 3202 1014 3289 μέγα
1029 3200 1158 3288 ἕστίνῖ),
1185 3198 1271 3290 ἱερὸν
1285 3197 1347 3289 γάρ

211 3299 249 3370 τὸ
272 3302 373 3392 μέγα·
404 3300 426 3394 ἢ
452 3302 503 3373 ότι
534 3304 644 3391 κόριον
665 3303 807 3392 (καίριον
830 3308 913 3373 coni.
944 3308 981 3373 L.
1003 3306 1123 3392 Oohn),'
1148 3302 1265 3374 παθὸν
1286 3301 1347 3392 γὰρ

214 3402 342 3496 ἀναιρεῖ
366 3404 415 3495 (τό
432 3410 560 3495 σῶμα)·
584 3405 606 3499 ἢ
627 3406 678 3477 ότι
701 3404 884 3496 ῖεροῦργουν
907 3402 987 3477 αὑτὸ
1010 3413 1080 3488 τοῖς
1103 3405 1238 3494 δαίμοσι
1262 3406 1347 3476 κατὰ

210 3507 249 3577 τῦ
274 3504 409 3599 άρχαῖον
435 3509 466 3579 οῖ
483 3507 639 3599 Ἕλληνες.
678 3506 753 3599 ἡδὲ
775 3510 869 3597 έδρα
892 3509 948 3576 καί
971 3507 1188 3590 δακτύλιος
1208 3511 1346 3598 λέγεται,

211 3610 267 3680 διὰ
295 3610 334 3682 τδ
365 3610 513 3702 δακτύλῳ
540 3610 675 3704 ε’φικτδν
703 3607 803 3681 εἶναι·
846 3609 867 3702 ἢ
894 3610 964 3682 ἀπὸ
990 3616 1049 3703 τη”ς
1075 3611 1348 3703 στρογγυλότητος

298 3824 322 3890 *)
342 3823 424 3892 Apud
453 3822 604 3877 Hesiodum
635 3821 688 3890 (ed.
712 3821 965 3890 Koechly-Rinkel)
990 3822 1106 3893 legitur:
1146 3819 1208 3876 ἄλλ’
1235 3820 1278 3876 ὅτ’
1305 3820 1348 3896 ἄρ’

212 3907 312 3977 ἡβήσαι
329 3927 366 3975 τε,
387 3905 446 3961 ἀλλ’
464 3906 532 3963 ὅταν
549 3908 659 3979 η’βήσειε
676 3908 782 3962 habent
799 3908 910 3978 aliquot
927 3908 1034 3964 codices
1052 3908 1175 3964 Hesiodi.

286 4013 326 4079 ³)
345 4012 397 4066 Cfr.
416 4029 501 4082 supra
518 4031 545 4083 p.
559 4014 599 4067 16.

271 4116 325 4182 m)
344 4115 423 4169 Hom.
452 4116 502 4170 0d.
525 4117 596 4185 785
618 4116 747 4186 praebet:
779 4115 876 4187 Τρώων
902 4115 981 4168 πόλιν
1007 4114 1187 4182 ἐξαλαπάξαι,
1209 4117 1241 4172 Il.
1260 4123 1282 4171 A
1298 4119 1347 4173 40:

213 4199 328 4271 μεμαιδς
345 4201 425 4253 πόλιν
443 4201 617 4262 ἐξαλαπάξαι.
