2962 4800
668 281 734 367 [ιι]
1225 278 1263 342 41

141 476 292 541 itionibus
308 478 391 541 enim
413 476 452 542 ab
469 476 598 541 Halmio
624 476 715 542 oditis
741 498 811 541 cum
825 477 1001 562 imperfecti
1024 476 1073 541 vel
1086 476 1188 562 plusq.
1204 496 1264 541 con

139 581 264 645 unctivo
287 580 319 644 in
340 581 460 667 protasi
483 588 594 666 quater
617 582 811 647 consociatur
832 581 864 644 in
888 581 1020 666 apodosi
1039 581 1261 666 praeteritum·

140 684 227 750 vorbi
241 705 370 768 possum
392 693 486 770 atque
501 684 533 748 id
555 706 626 750 oum
642 687 811 770 negatione
829 685 944 770 ubique
967 686 1177 763 coniunctum,
1201 684 1266 749 sive

138 789 207 873 ipsa
230 790 406 872 negationis
422 790 576 874 particula
591 789 750 873 adscripta
766 797 824 870 est,
839 790 904 855 sive
920 788 1182 874 interrogationis,
1202 809 1265 873 qua

139 893 266 975 negatio
299 893 494 975 continetur,
526 892 660 956 formam
690 892 792 957 induit
814 892 972 978 apodosis.
1018 892 1135 959 Decies
1158 899 1266 957 autem

139 1008 244 1066 exstat
274 999 305 1061 in
336 995 490 1062 eiusmodi
524 996 755 1061 enuntiatorum
790 995 924 1080 apodosi
955 1017 1077 1079 possem
1109 995 1264 1080 (liceret),

138 1105 245 1168 novies
267 1102 417 1186 potuisset
440 1097 634 1182 (licuisset];
657 1107 752 1185 atque
769 1120 827 1166 aas
841 1101 928 1184 ipsae
945 1100 1066 1165 formae
1081 1099 1267 1185 plerumque

139 1227 209 1273 cum
234 1204 406 1286 negatione
429 1204 613 1267 coniunctae
636 1211 718 1268 sunt.

239 1310 284 1373 At
313 1310 340 1372 si
373 1308 548 1393 praesentis
581 1307 632 1371 vel
666 1306 797 1392 perfecti
831 1307 1048 1371 coniunctivus
1082 1307 1114 1370 in
1146 1306 1265 1390 protasi

138 1411 472 1498 iegitur,'1nap0dosi
503 1411 674 1476 indicativo
704 1432 805 1495 praes
829 1410 916 1475 verbi
934 1427 1062 1494 possum
1084 1411 1174 1475 locus
1199 1431 1267 1475 esse

138 1517 229 1582 solet.
278 1516 402 1600 Septies
435 1516 518 1578 enirn
549 1535 587 1580 ea
616 1516 716 1579 forma
749 1516 827 1598 leg1
828 1536 866 1579 ur
894 1515 925 1578 in
957 1514 1155 1578 orationibus
1188 1533 1267 1596 quas

136 1641 232 1704 supra
260 1606 590 1700 commemoravimus,
619 1619 717 1683 semel
746 1607 961 1683 coniunctivus
991 1618 1113 1702 positus
1144 1624 1190 1682 est
1220 1618 1265 1682 ita

137 1731 171 1787 ut
193 1723 323 1788 relativo
347 1724 508 1788 subiectus
531 1723 624 1787 sitm
650 1720 741 1787 (iaso
765 1722 782 1803 5
805 1723 864 1786 29:
888 1721 1214 1806 necessitantur
1237 1723 1266 1786 si

136 1828 248 1908 dicam,
272 1835 375 1892 tamea
396 1829 560 1911 infirmare
581 1847 644 1890 arou
662 1828 776 1911 poesia.

238 1928 316 1995 Inde
339 1935 480 2014 apparet,
503 1950 595 2014 quarn
619 1929 715 2014 longe
730 1950 838 1994 avaro
863 1928 965 1993 absint
981 1930 1010 1994 ei
1033 1928 1147 2014 quibus
1167 1930 1264 2015 vulgo

135 2033 250 2098 utimur
278 2040 425 2098 auctores
457 2033 673 2117 grammatici,
702 2033 818 2118 quippo
841 2034 894 2118 qui
918 2032 957 2096 de
979 2032 1150 2118 praeterito
1174 2032 1264 2096 verbi

130 2137 273 2222 possein
299 2138 452 2202 eiusmodi
483 2136 717 2201 enuntiatorum
752 2136 885 2223 apodosi
913 2137 1091 2203 necessario
1115 2136 1263 2222 ponendo

134 2242 340 2325 praecipiant,
363 2241 539 2326 praesentis
561 2241 720 2306 indicativi
743 2242 775 2305 in
798 2240 930 2327 apodosi
953 2237 1129 2306 collocandi
1144 2242 1263 2307 nullam

133 2343 250 2409 faciant
272 2345 474 2411 mentionem.

237 2464 353 2530 Iamsi
380 2466 527 2547 verbum,
559 2466 654 2551 quale
685 2474 734 2532 est
762 2467 883 2548 debere,
913 2468 945 2530 in
974 2467 1107 2553 apodosi
1135 2468 1263 2552 legitur,

131 2568 242 2632 novies
266 2570 401 2632 occurrit
424 2568 517 2634 indic.
540 2570 701 2654 praeteriti
724 2591 795 2634 cunr
820 2571 1016 2635 coniunctivn
1033 2579 1088 2635 aut
1104 2571 1191 2655 impi.
1207 2578 1263 2636 aut

132 2669 234 2756 plusq.
257 2680 423 2757 protaseos
447 2673 655 2756 consociatus,
685 2674 849 2759 quinquies
880 2675 1099 2740 coniunctivus
1121 2675 1205 2759 impf.
1228 2675 1260 2738 in

132 2773 265 2857 apodosi
287 2779 402 2839 exstat.

235 2894 417 2960 Praesentis
433 2915 508 2959 vero
531 2903 587 2959 aut
610 2897 803 2960 coniunctivi
827 2904 882 2962 aut
903 2898 1064 2964 indicativi
1079 2901 1111 2964 in
1128 2899 1262 2983 apodosi

132 2996 225 3081 positi
248 2999 399 3082 pauciora
422 3005 496 3063 sunt
519 3000 675 3084 exempla,
699 3022 795 3087 quam
817 3022 899 3086 quae
919 3002 1001 3068 inter
1022 3025 1056 3068 se
1079 3023 1262 3088 comparare

134 3120 248 3186 operae
270 3101 408 3186 pretium
431 3103 481 3166 sit.

233 3221 345 3306 Longe
376 3223 416 3286 ab
447 3223 507 3287 hac
540 3225 768 3290 consuetudine
802 3226 933 3291 discedit
967 3227 1072 3292 Plauti
1107 3228 1261 3314 loquendi

132 3325 220 3389 ratio.
254 3325 406 3408 Legimus
429 3327 510 3390 enirn
534 3327 619 3411 apud
643 3350 715 3393 eum
739 3330 943 3395 indicativum
965 3324 1045 3417 perf.
1064 3333 1152 3396 verbi
1171 3354 1262 3416 possa

130 3435 178 3493 ter
207 3430 423 3494 consociatum
455 3452 526 3495 cum
550 3433 630 3496 coni.
653 3433 740 3517 impf.
764 3441 939 3520 protaseos,
962 3436 1060 3502 semel
1083 3458 1154 3501 cum
1177 3438 1258 3503 coni.

132 3552 234 3615 praes.
281 3532 446 3619 Nusquam
466 3542 571 3619 poscet
593 3536 624 3602 in
646 3536 777 3622 apodosi
793 3540 939 3622 occurrit,
962 3561 1026 3605 uno
1042 3546 1164 3605 tantum
1187 3541 1256 3607 loco

128 3637 297 3720 potuisset:

130 3764 220 3831 Pers.
245 3767 307 3831 173
389 3766 462 3833 Oris
484 3772 513 3834 si
541 3771 574 3833 ιιι
605 3771 715 3836 ludum
744 3774 824 3854 iret,
851 3775 1004 3857 potuisset
1034 3776 1099 3839 inm
1118 3775 1197 3859 fieri
1225 3783 1260 3840 ut

786 3877 883 3961 prote
904 3880 941 3942 lit
929 3884 1028 3943 tterac
1049 3882 1152 3946 sciret.

233 3998 352 4064 Contra
374 4022 509 4086 magnus
533 4012 581 4068 est
603 4025 755 4070 numerus
785 4027 894 4071 eorum
925 4010 1162 4074 enuntiatorum
1186 4032 1259 4076 con·

129 4101 340 4183 dicionalium,
363 4126 496 4189 quorum
522 4108 553 4171 in
575 4110 694 4192 protasi
723 4111 803 4175 coni.
826 4118 882 4175 aut
904 4133 1008 4196 praes.
1032 4121 1088 4178 aut
1110 4115 1204 4199 peri,
1226 4115 1258 4179 in

128 4206 261 4289 apodosi
294 4209 381 4273 verbi
410 4231 503 4294 posse
538 4210 727 4276 indicativus
763 4222 819 4279 aut
857 4216 1032 4300 praesentis
1064 4223 1120 4282 aut
1156 4218 1256 4284 futuri

129 4309 221 4392 primi
244 4309 368 4396 legitur.
413 4313 506 4380 Haec
529 4325 602 4380 suut
627 4317 792 4402 exompla:
