2956 4822
611 303 701 397 [273]
1179 313 1219 382 35

92 518 125 574 et
152 506 271 572 virtute
300 503 416 591 partis,
445 512 554 570 tamen
583 506 633 569 hic
662 527 791 592 quoque
820 507 960 572 studium
989 508 1063 572 illud
1095 510 1222 575 nomina

91 611 234 678 variandi
256 611 371 674 mirum
392 610 424 673 in
446 611 576 675 modum
599 616 741 695 apparet.
788 610 870 675 Nam
894 611 1110 693 MINERVA,
1133 613 1222 678 cuius

92 717 289 803 potissimum
324 713 393 778 laus
427 722 462 778 ut
495 714 688 778 fortissimae
723 715 805 781 inter
839 716 916 781 deas
950 725 983 781 et
1015 719 1221 782 certaminum

91 818 313 905 cupidissimae
329 818 359 881 in
380 819 521 903 epiniciis
534 819 704 899 extollitur,
720 826 889 904 postquam
905 821 1051 885 carminis
1063 821 1223 907 Olympici

92 924 219 1007 septimi
242 925 274 986 in
296 943 326 988 v.
343 925 385 987 36
408 922 572 1007 Ἀθηναία
595 923 680 987 dicta
703 934 762 1008 ost,
784 925 816 988 in
838 946 869 989 v.
889 925 930 989 42
953 926 1135 1010 appellatur
1149 923 1221 988 ded.

89 1027 243 1092 Eiusdem
265 1047 378 1091 nomen
403 1027 435 1090 in
459 1029 601 1112 proximo
631 1049 726 1092 versu
757 1028 850 1094 docte
879 1029 923 1093 ita
952 1029 1222 1114 circumscriptum

91 1140 156 1213 est,
194 1139 230 1194 ut
264 1130 421 1194 diceretur
453 1128 527 1213 κόρα
561 1130 766 1215 ἐγχειβρόμος.
822 1131 978 1197 Omnibus
1011 1136 1095 1198 enim
1128 1135 1222 1198 armis

92 1243 204 1300 ornata
228 1256 299 1300 cum
322 1237 469 1300 Minerva
491 1257 532 1301 ex
554 1236 643 1301 Iovis
666 1237 769 1321 capite
789 1237 892 1301 securi
907 1258 926 1301 a
940 1237 1086 1301 Vulcano
1103 1237 1221 1302 diffisso

92 1340 274 1424 prosiluisse
294 1347 478 1425 putaretur,
502 1340 562 1403 hac
584 1340 744 1405 locutione
766 1340 845 1405 deae
868 1351 972 1425 ortus,
995 1340 1049 1425 qui
1072 1342 1132 1407 hoc
1153 1341 1221 1426 ipso

91 1443 123 1507 in
146 1445 284 1508 carmine
306 1451 470 1525 narratur,
501 1444 666 1527 aptissime
690 1444 896 1528 significatur.
941 1447 1049 1530 Atque
1071 1446 1167 1510 etiarn
1190 1447 1223 1510 in

91 1567 121 1613 v.
139 1549 177 1611 51
203 1569 261 1633 pro
280 1547 442 1612 Minervae
466 1548 593 1612 nomine
616 1549 853 1613 circumlocutio
876 1549 1048 1614 substituta
1070 1558 1128 1632 est,
1152 1571 1224 1613 cum

92 1650 145 1715 ille
168 1653 345 1727 Γλαυκῶπις
367 1651 407 1714 sit
430 1651 599 1735 appellata.
644 1651 713 1716 Iam
736 1673 812 1718 vero
835 1655 865 1717 in
893 1655 1032 1718 carmine
1056 1654 1222 1739 Olympico

93 1756 187 1819 tertio
218 1761 251 1820 et
279 1755 417 1835 decimo,
447 1755 536 1819 initio
564 1755 648 1820 facto
676 1756 708 1819 in
733 1777 761 1822 v.
787 1759 913 1821 63-64
936 1779 955 1821 a
977 1757 1103 1823 nomino
1132 1754 1223 1839 κούρα

93 1857 235 1941 Παλλάς,
266 1860 412 1923 Minerva
441 1860 472 1922 in
505 1880 533 1925 v,
559 1861 599 1923 68
629 1859 743 1924 dicitur
768 1859 929 1942 παρθένος.
974 1860 1042 1925 Nec
1064 1861 1168 1925 minus
1191 1862 1221 1925 in

93 1983 121 2026 v.
146 1965 185 2026 72
210 1959 289 2039 θεοί,
320 1963 410 2026 cuius
433 1963 464 2025 in
488 1984 543 2026 ara
566 1962 733 2045 incubare,
762 1971 797 2026 ut
820 1964 976 2028 habenam
999 1964 1040 2028 ad
1064 1965 1224 2049 Pegasum

93 2065 289 2153 domandum
312 2065 480 2150 acciperet,
503 2064 718 2150 Bellerophon
733 2088 753 2130 a
769 2072 842 2132 vate
858 2066 993 2151 Polyido
1018 2069 1121 2134 iussus
1145 2076 1224 2147 erat,

94 2171 236 2235 Minerva
265 2169 482 2252 intellegenda
515 2175 572 2234 est.
619 2170 723 2246 Quam
753 2171 899 2236 sollerter
929 2179 1036 2236 autem
1065 2172 1148 2237 inv.
1173 2176 1224 2254 74,

91 2275 146 2338 ubi
181 2272 461 2357 Bellerophontem
495 2273 621 2339 habena
654 2274 708 2340 illa
744 2282 889 2360 accepta,
929 2275 1090 2360 quomodo
1125 2272 1225 2358 Ζηνός

92 2375 320 2462 ἐγχεικεραύνου
357 2384 425 2454 παῖς
464 2399 578 2442 aurum
616 2399 770 2463 equorum
808 2379 956 2444 ferociam
998 2380 1129 2443 domans
1166 2379 1226 2462 ipsi

93 2482 250 2563 dedisset,
284 2482 351 2545 vati
384 2488 567 2546 narrantem
601 2481 692 2565 fecit,
727 2482 885 2548 Pindarus
915 2483 1080 2547 Minervae
1111 2503 1226 2546 nomen

91 2587 249 2650 variavit?
285 2584 411 2650 Deinde
435 2588 466 2650 in
490 2606 518 2650 r.
536 2588 576 2649 79
592 2586 757 2672 Polyidus,
788 2591 823 2650 ut
839 2584 953 2676 'lnnn'q
968 2585 1095 2675 Ἀθάνᾳ
1110 2605 1227 2650 novam

95 2691 213 2757 condat
247 2711 352 2771 aram,
388 2673 672 2776 Bellerophontem
709 2689 904 2757 adhortatur.
957 2691 1071 2776 Itaque
1108 2712 1180 2754 cum
1208 2711 1228 2754 a

94 2815 124 2861 r.
159 2798 200 2859 64
234 2815 335 2879 rusque
364 2793 404 2858 ad
435 2816 466 2859 v.
500 2797 540 2858 79
570 2794 715 2858 Minerva
752 2795 889 2879 quinque
920 2794 1001 2857 inter
1030 2816 1065 2858 se
1095 2794 1226 2859 diversis

93 2899 358 2984 appellationibus
375 2906 484 2963 notata
502 2897 551 2976 sit,
572 2906 607 2962 ut
624 2899 716 2961 huius
732 2897 858 2983 quidem
875 2897 955 2962 deae
970 2918 1088 2961 nomen
1104 2919 1226 2964 summo

94 3004 226 3068 artificio
259 3003 396 3068 variaret
427 3000 568 3067 Pindaro
599 3004 756 3086 placuisse
779 3008 1025 3066 consentaneum
1049 3008 1107 3067 est.
1152 3002 1227 3066 Huc
1280 3016 1282 3021 '

95 3108 227 3187 accedit,
260 3105 346 3192 quod
369 3107 400 3168 in
423 3107 561 3170 carmine
585 3104 719 3190 Pythico
743 3104 1114 3188 duodecimohlinerva,
1143 3112 1227 3189 post·

94 3233 189 3298 quam
217 3212 249 3275 in
278 3230 307 3276 v.
339 3210 422 3274 7-8
454 3206 580 3286 Παλλὰς
615 3208 744 3273 Ἀθάνα
774 3211 936 3273 nominata
964 3215 1028 3289 est,
1062 3209 1095 3274 in
1125 3230 1154 3275 r.
1188 3213 1226 3275 19

94 3322 225 3382 vocatur
248 3311 403 3395 παρθένος
426 3314 512 3378 etin
535 3334 563 3378 v.
587 3315 628 3377 22
653 3310 736 3390 θεός.

197 3418 267 3482 Iam
290 3424 327 3481 ut
349 3417 389 3481 ad
413 3419 509 3495 locos,
532 3418 588 3482 ubi
609 3416 797 3483 IVNONIS
819 3418 937 3481 mentio
960 3418 1046 3481 facta
1068 3423 1129 3500 est,
1154 3439 1227 3483 con·

95 3522 282 3590 siderandos
312 3527 527 3603 transeamus,
561 3524 677 3606 legitur
708 3521 853 3585 carminis
876 3521 1005 3606 Pythici
1036 3521 1166 3585 alterius
1196 3521 1228 3584 in

95 3649 126 3695 r.
150 3630 189 3692 27
211 3625 329 3707 Ἥρας;
353 3624 488 3690 eandem
520 3626 612 3691 deam
644 3628 676 3690 in
708 3647 736 3691 v.
768 3628 809 3688 34
842 3627 984 3689 ornatius
1013 3621 1087 3701 Διὸς
1118 3620 1229 3687 ἄκοιτιν

95 3731 270 3800 nominavit
298 3729 455 3794 Pindarus
483 3751 543 3795 nec
571 3731 693 3795 minore
722 3729 857 3794 artificio
887 3729 920 3793 in
948 3748 977 3794 n.
1002 3731 1060 3809 39,
1089 3728 1143 3791 ubi
1174 3727 1228 3791 illa

95 3835 239 3921 θυγάτηρ
262 3833 385 3919 Κρόνον
408 3837 493 3900 dicta
516 3841 581 3917 est,
612 3836 756 3900 eiusdem
778 3856 895 3899 nomen
918 3833 1085 3918 expressit.
1132 3832 1228 3895 Prae·

94 3949 182 4007 terea
210 3943 242 4005 in
273 3940 411 4007 carmine
434 3939 598 4006 Nemeaeo
629 3939 731 4026 prirno
760 3944 929 4024 postquam
958 3939 991 4002 in
1013 3959 1043 4002 v.
1067 3939 1108 4000 38
1131 3942 1229 4019 poeta

96 4067 115 4109 a
130 4044 256 4108 nomine
263 4042 347 4125 Ἥρα
363 4064 494 4108 exorsus
511 4049 568 4124 est,
589 4043 735 4126 proximo
752 4042 784 4105 in
800 4062 895 4105 versu
910 4040 991 4105 Iuno
1007 4043 1091 4103 θεῶν
1106 4035 1229 4121 βασιλέα

97 4155 212 4213 vocata
235 4152 293 4212 est.
337 4147 442 4211 Minus
465 4146 637 4230 diligenter
660 4144 820 4210 Pindarus
849 4145 879 4207 in
904 4143 1043 4208 carmine
1066 4141 1228 4206 Nemeaeo

97 4252 219 4318 decimo
235 4251 457 4337 repetitionem
472 4250 615 4316 eiusdem
629 4249 767 4314 nominis
779 4248 905 4313 videtur
917 4246 1080 4331 effugisse.
1102 4245 1228 4312 Etenim

95 4378 288 4443 quamquam
301 4358 334 4420 in
349 4377 379 4420 v.
397 4359 436 4419 18
453 4355 597 4439 Iunonis,
614 4355 742 4440 quaein
758 4375 787 4418 v.
801 4355 820 4417 2
836 4351 919 4437 Ἥρα
935 4351 1019 4416 dicta
1035 4358 1093 4430 est,
1110 4371 1226 4415 nomen

1090 4452 1123 4507 18
