3030 4816
762 287 851 371 [sla]

348 482 420 554 Qua
444 481 484 545 de
508 482 695 565 quaestione
719 500 828 545 omnes
851 481 1084 564 probabilitatis
1107 503 1265 545 numeros
1287 480 1392 546 habet

241 585 408 649 Ritscltelii
423 585 582 649 sententia
598 585 727 668 Parcrg.
743 605 775 668 p.
792 588 851 648 331
872 586 1036 670 exposita:
1060 584 1101 648 ad
1120 595 1237 670 poetas
1255 584 1391 650 fabulas

240 712 304 754 non
328 690 389 752 iam
405 690 596 773 pertinuisse
613 689 666 772 qui
683 688 809 772 quidem
827 708 881 752 eas
897 688 1121 770 vendidissent,
1146 710 1216 752 cum
1234 710 1389 773 praeser-

240 794 295 856 tim
319 814 358 855 ex
376 793 526 877 Hecyrae
541 793 620 877 prol.
637 792 653 856 I
669 794 732 856 v.6
756 798 784 856 et
807 793 834 855 ie
857 794 911 877 qui
934 794 1062 876 scripsit
1085 813 1113 858 e.
1129 814 1158 877 q.
1174 814 1198 857 s.
1223 802 1387 878 appareat

240 918 281 962 ex
314 897 478 961 veteribus
512 896 684 960 comoediis
718 897 826 960 relatis
864 897 985 960 lucrum
1022 896 1126 961 facere
1164 906 1279 981 poetas
1318 920 1386 963 non

239 1001 392 1085 potuisse.
437 998 506 1063 Nec
538 1001 655 1084 magis,
689 1000 743 1083 qui
775 1001 934 1080 emissent,
967 1000 1086 1064 aediles
1118 1001 1272 1064 mansisse
1307 1021 1385 1086 pos-

240 1124 398 1168 sessores:
430 1103 544 1187 quibus
567 1126 643 1168 usus
672 1105 778 1167 nullus
809 1110 893 1168 esset
916 1109 1058 1167 veterum
1088 1104 1279 1170 fabularum
1331 1106 1383 1169 Au

242 1207 408 1280 credamus
424 1206 569 1272 homines
585 1208 795 1273 nobilissimos
812 1228 851 1270 ex
867 1207 1004 1271 venditis
1021 1208 1194 1272 comoediis
1211 1216 1384 1292 quaestum

241 1313 410 1396 sperasse?
455 1312 591 1376 Restare
615 1317 651 1374 ut
673 1332 727 1375 eas
750 1312 826 1394 ipsis
848 1310 983 1375 dominis
1002 1333 1138 1398 gregum
1153 1313 1280 1376 relictas
1297 1313 1385 1377 dica·

241 1438 322 1496 mus,
347 1417 398 1502 qui
423 1415 563 1499 agendas
586 1415 804 1494 redemissent,
830 1417 948 1501 quippe
972 1418 1025 1500 qui
1049 1416 1273 1481 aestimatione
1296 1419 1385 1482 faeta

242 1526 274 1584 et
298 1521 445 1584 cautione
468 1521 624 1604 praestita
647 1520 824 1583 dominium
855 1522 926 1585 iure
956 1521 1015 1584 sibi
1046 1521 1253 1586 vindicarent.
1300 1522 1384 1587 Inde

241 1626 338 1709 igitur
360 1631 392 1688 et
414 1624 592 1709 periculurn
617 1625 749 1688 actionis
772 1631 939 1710 susceptae
962 1632 993 1689 et
1016 1624 1208 1689 detrimenta
1223 1647 1265 1689 ex
1282 1626 1384 1692 dubia

241 1729 296 1792 illa
326 1731 379 1793 rel
411 1728 591 1794 adversaria
623 1730 754 1792 fortuna
785 1729 930 1792 scaenica
963 1735 1032 1792 orta
1064 1729 1108 1792 eis
1143 1728 1384 1815 quodammodo

243 1840 450 1917 compensata
473 1854 553 1910 esse,
582 1854 652 1896 cum
675 1831 799 1896 fabulas
821 1834 936 1896 iterum
964 1834 1144 1919 iterumque
1168 1834 1285 1899 docere
1310 1856 1385 1899 eum

243 1939 370 2023 proprio
394 1940 612 2003 emolumento
636 1939 798 2020 possent.¹
845 1936 903 2001 Oui
926 1938 1131 2021 explicationi
1161 1945 1193 2001 et
1215 1939 1384 2023 simplicis·

243 2043 341 2105 simae
372 2052 404 2105 et
433 2042 624 2105 iustissimae
655 2063 736 2104 unus
766 2041 892 2107 videtur
923 2063 1035 2125 parum
1065 2039 1259 2127 respondere
1290 2043 1386 2107 locus

243 2145 306 2226 ille,
332 2167 427 2231 quem
450 2129 623 2210 identidem
647 2145 821 2226 citavimus,
845 2145 925 2210 Heo.
948 2147 1028 2229 prol.
1052 2147 1069 2210 Ι
1091 2167 1120 2212 v.
1145 2149 1164 2209 6
1187 2166 1250 2230 sq.:

374 2282 416 2346 Et
439 2286 465 2347 is
488 2286 544 2369 (μα’
565 2286 692 2368 scripsit
714 2284 795 2347 linire
819 2284 854 2347 ob
877 2306 943 2348 cern
969 2307 1030 2348 rcnr
1056 2287 1155 2350 noluit

373 2385 495 2450 Itcrntn
520 2388 651 2469 referre,
676 2395 709 2450 nt
734 2389 847 2450 iterant
865 2395 969 2470 posset
994 2388 1137 2470 ncrrrlcre,

244 2517 330 2580 unde
356 2517 438 2580 effici
463 2516 590 2580 videtur
613 2538 654 2580 ex
677 2517 773 2600 ipsius
803 2526 917 2601 poetae
949 2516 1079 2581 arbitrio
1112 2517 1210 2582 fuisse
1237 2516 1384 2583 fabulam

244 2619 372 2701 reterre,
398 2628 432 2683 ut
455 2641 518 2683 non
543 2620 688 2684 dominus
707 2621 813 2703 gregis
830 2619 885 2683 sed
902 2628 999 2705 poeta
1014 2620 1198 2685 comoediae
1214 2640 1386 2703 possessor

244 2725 397 2787 mansisse
421 2722 581 2808 putandus
604 2725 654 2788 sit.

348 2826 430 2889 Nam
456 2827 536 2911 quod
562 2827 755 2892 Ritscbelius
778 2848 890 2893 versus
913 2828 984 2892 illos
1006 2829 1051 2891 ita
1074 2830 1302 2913 interpretatur
1317 2828 1339 2895 l.
1358 2851 1384 2894 e.

244 2953 276 3015 p.
301 2933 374 3011 330,
398 2932 488 3015 quasi
511 2931 650 2996 noluerit
665 2939 764 3016 poeta
779 2931 946 3017 Hecyram
961 2933 1061 2997 isdem
1077 2932 1158 2997 ludis
1174 2932 1386 2998 sollemnibus
1407 2990 1412 3003 .

347 3144 356 3176 1
379 3140 484 3192 nrrscnt
503 3142 522 3191 l.
540 3157 576 3191 e.:
613 3138 687 3191 ‘Was
707 3143 799 3191 wurde
819 3156 868 3191 aus
886 3138 938 3191 den
957 3157 1005 3191 eur
1018 3140 1192 3206 Anffitbrnng
1209 3140 1383 3205 gebrachten

245 3226 373 3286 senonen,
394 3225 438 3277 die
457 3243 511 3277 nun
533 3226 614 3277 keinc
634 3244 723 3278 novae
742 3228 819 3278 mehr
839 3228 951 3278 waren?
983 3228 1059 3277 Wem
1080 3227 1212 3290 gebirten
1232 3227 1292 3278 sie?
1322 3228 1384 3281 Den

246 3313 377 3362 Dicbtcrn
398 3313 483 3376 nieht,
503 3312 575 3363 denn
597 3312 677 3363 ihncn
698 3328 789 3363 waren
810 3313 848 3363 sie
865 3312 895 3378 ja
915 3312 1077 3378 abgelreult,
1103 3310 1158 3363 und
1183 3312 1227 3363 die
1249 3313 1319 3363 oben
1340 3330 1385 3365 er·

245 3398 336 3449 kldrte
361 3398 447 3449 Stella
476 3398 511 3448 im
540 3407 631 3449 ersten
658 3398 760 3465 Prolog
791 3399 827 3461 (r.
853 3399 877 3449 e’.
903 3404 930 3450 et
955 3399 981 3462 7)
1010 3415 1056 3449 znr
1083 3397 1192 3465 Hecyra
1216 3399 1329 3450 beweiat
1353 3401 1385 3466 ja

246 3485 399 3549 bestimmt,
425 3484 489 3535 dass
508 3501 543 3535 sn
563 3486 636 3535 alten
659 3485 746 3536 nichts
764 3487 841 3536 melu
863 3503 894 3537 zn
914 3487 1061 3538 verdieuen
1087 3503 1150 3537 nar.
1188 3487 1248 3537 Den
1268 3485 1385 3538 Aedilen

245 3570 311 3623 oder
338 3571 527 3635 Festgebern?
571 3571 638 3622 Was
667 3573 766 3623 sollten
795 3571 870 3623 diese
898 3571 984 3623 darnit
1011 3573 1171 3638 antangen?
1212 3572 1292 3622 Dicae
1320 3588 1385 3624 ver-

245 3657 499 3709 schwenderiselron
528 3657 650 3709 Grossen
679 3659 762 3710 Roma
791 3661 897 3710 werden
927 3659 997 3711 doeh
1026 3659 1114 3711 sicher
1141 3658 1243 3710 keinen
1271 3657 1385 3710 Handel

246 3746 293 3794 mit
317 3744 377 3795 darn
397 3744 631 3796 Wiedernerlrauf
656 3747 798 3809 getrieben
825 3746 921 3797 haben.
960 3746 995 3796 lls
1015 3746 1103 3797 bleibt
1122 3745 1209 3797 niebts
1231 3744 1322 3810 ubrig,
1343 3746 1386 3797 als

246 3830 308 3880 dass
328 3831 367 3880 sic
387 3830 439 3881 den
459 3830 690 3893 Unternehmcrn,
718 3831 762 3882 die
783 3831 853 3882 uach
875 3830 933 3883 dem
955 3831 1057 3882 Recine
1076 3832 1124 3882 der
1144 3829 1385 3897 Gegenseitigkeit

246 3916 331 3967 sebon
351 3919 480 3983 nermbge
500 3918 573 3970 ihrer
594 3918 831 3984 Gewdbrleistung
848 3918 928 3969 einen
948 3918 1083 3983 gewisson
1098 3917 1208 3969 Antheil
1228 3917 1314 3968 daran
1334 3933 1386 3969 an·

246 4004 379 4068 sprechen
399 4004 519 4067 duriten,
545 4005 614 4056 nach
635 4006 805 4069 gelnngener
824 4006 997 4070 Autlithrnng
1017 4006 1058 4056 als
1078 4004 1241 4070 Eigcnthum
1260 4005 1387 4058 zufielen.

247 4089 375 4140 Dadurclr
405 4091 464 4141 aleo
489 4091 600 4142 wurden
627 4091 699 4143 diese
719 4092 764 4142 fiir
784 4092 828 4144 die
854 4093 902 4143 mit
925 4092 972 4142 der
991 4090 1182 4143 Uebernabme
1207 4090 1388 4143 verbundene

247 4175 352 4225 Gelalir
376 4177 555 4241 entseln'tdigt,
580 4177 642 4230 dass
668 4178 707 4228 eie
732 4177 766 4228 im
792 4176 968 4243 glticlrlichen
989 4178 1066 4229 Felle
1091 4177 1140 4229 das
1159 4176 1244 4229 Stltolr
1269 4194 1324 4230 nun
1351 4196 1387 4232 au

247 4260 332 4310 iliram
358 4262 472 4327 sigenen
496 4262 618 4314 Vorthail
644 4264 684 4315 ale
711 4267 789 4315 retus
814 4262 910 4316 fabula
936 4279 966 4315 so
986 4263 1027 4315 oft
1051 4280 1084 4316 zu
1103 4263 1294 4316 wiederholter
1313 4266 1389 4319 nur·

247 4346 370 4417 fithrung
389 4348 505 4417 bringen
525 4349 665 4416 lronnten,
684 4351 724 4402 als
744 4351 784 4404 sie
804 4351 986 4418 Gelegenheit
1003 4346 1124 4403 landen!
