2954 4822
208 280 247 342 12
642 313 684 325 -
731 274 818 364 [ras]
866 315 907 325 -

206 469 246 534 de
277 467 452 554 Cleopatra
482 469 617 554 agebat,
651 467 817 533 intercidit
847 507 888 518 -
920 469 1152 534 intellexerunt
1180 468 1346 533 Gustavus

207 572 293 637 Hart
316 579 349 638 et
373 571 556 638 Guilelmus
582 571 795 637 Studemund.

135 697 136 700 ’
248 678 249 681 ’
295 676 346 741 Ex
376 677 426 741 his
456 683 593 764 apparet
620 676 773 741 Taetzam
803 697 957 741 verume
986 676 1070 740 falso
1099 696 1162 740 non
1192 685 1346 742 accurate

207 780 407 847 distinxisse.
446 780 601 845 Contudit
624 780 710 845 enim
734 779 873 846 Taetzes
895 802 960 846 non
977 802 1073 846 secus
1089 788 1188 867 atque
1204 780 1346 846 Ioannes

207 884 345 949 Malalss
369 904 454 965 eum,
479 884 533 969 qui
550 888 659 947 exstat
675 882 762 970 apud
780 882 957 969 Georgium
974 882 1171 964 Cedrenum,
1195 886 1345 949 nuntium

208 987 248 1054 de
273 1009 395 1074 aggere
426 987 467 1051 ab
490 987 696 1052 Alexandria
723 987 803 1052 urbe
832 1007 936 1073 usque
964 987 1005 1052 ad
1028 988 1172 1053 Pharum
1206 989 1346 1054 insulam

206 1092 305 1157 ducto
334 1114 406 1156 cunr
432 1092 675 1156 constructione
699 1092 796 1156 turris
819 1091 921 1174 illius,
946 1094 1085 1178 quaein
1109 1093 1216 1157 Pharo
1239 1094 1346 1158 insula

209 1196 379 1262 Strabonis
413 1195 614 1281 aliorumque
654 1196 841 1260 testimonio
879 1218 898 1261 a
932 1197 1122 1262 Ptolemaeo
1155 1197 1238 1282 Lagi
1279 1198 1347 1262 filio

210 1301 384 1366 aedificata
406 1305 467 1366 est.

294 1405 330 1470 In
361 1405 500 1470 alterum
527 1425 671 1469 errorem
701 1402 817 1468 incidit
847 1403 1001 1484 Taetzes‚
1038 1425 1109 1468 curn
1141 1405 1347 1470 existimaret

209 1507 416 1594 Cleopatram
440 1504 574 1570 medicis
599 1526 692 1569 usam
716 1526 789 1569 esse
809 1505 935 1571 Sorano
960 1513 993 1570 et
1015 1505 1102 1570 Rufo
1126 1505 1281 1593 Ephesiis

294 1606 341 1689 εἷς
363 1606 473 1674 πάντα
495 1605 537 1674 τὰ
560 1604 757 1675 καλλύνοντα
778 1605 910 1698 μορφὰς
934 1606 995 1688 τὰς
1018 1611 1083 1675 τῶν
1105 1605 1296 1697 προσώπων

296 1710 343 1792 εἰς
366 1714 434 1778 πᾶν
456 1737 492 1778 τε
514 1707 630 1790 πάθος
652 1714 811 1798 γυναικῶν
833 1711 888 1778 καὶ
914 1709 1060 1798 ἰατρείας
1082 1705 1192 1793 ἄλλας.

294 1819 404 1903 Atque
436 1816 614 1881 notandum
644 1823 694 1881 est
723 1818 756 1880 in
784 1816 959 1903 Allegoriis
990 1817 1117 1897 Iliadis,
1152 1839 1233 1903 quas
1263 1838 1349 1882 anuo

213 1925 294 1986 1147
317 1922 517 2007 conscriptas
541 1941 615 1984 esse
638 1940 737 2007 supra
753 1921 1088 2002 commemoravimus,
1112 1922 1214 1985 solius
1232 1920 1349 1985 Sorani

210 2027 364 2092 Tzetaam
377 2028 575 2092 mentionem
589 2027 740 2111 sacerc,¹)
753 2027 786 2091 in
800 2028 897 2092 tertio
911 2034 1020 2092 autern
1031 2027 1215 2091 Chiliadum
1232 2029 1348 2113 pinace

210 2138 285 2218 post
316 2152 436 2195 annum
474 2132 554 2193 1158
584 2129 733 2194 confecto
762 2138 795 2195 ct
825 2130 984 2196 Soranum
1017 2137 1050 2196 et
1076 2131 1199 2195 Rufum
1235 2131 1276 2195 ab
1308 2152 1348 2195 eo

211 2234 345 2301 laudari.

296 2339 366 2402 Iam
390 2358 488 2424 supra
509 2336 658 2415 vidimus,
681 2358 764 2424 quae
781 2335 919 2402 Tzetzes
943 2336 983 2401 de
1000 2336 1197 2423 Cleopatrae
1221 2337 1348 2401 ancillis

211 2442 344 2529 profert,
369 2463 386 2504 e
404 2439 520 2505 Galeni
538 2441 658 2526 scripto
674 2437 751 2523 περὶ
767 2440 827 2528 τῆς
841 2441 1006 2529 θηριακῆς
1021 2440 1119 2526 (XIV
1134 2442 1195 2504 235
1212 2439 1348 2526 Kuehn)

211 2567 284 2610 eum
309 2545 571 2630 deprompsisse,
601 2542 807 2628 eundemque
830 2551 998 2609 auctorem
1023 2544 1134 2609 laudat
1164 2551 1282 2608 testem
1315 2546 1347 2608 in

210 2649 370 2724 versibus,
395 2669 474 2734 quos
499 2668 598 2734 supra
621 2646 792 2734 descripsi,
816 2647 899 2715 Chil.
922 2649 957 2713 Il
980 2651 1035 2713 31:

297 2749 458 2838 μέμνηται
480 2749 540 2835 μὲν
563 2748 732 2838 Βιργίλιος
753 2747 875 2841 ταύτης
896 2753 955 2842 τῆς
976 2747 1204 2838 Κλεοπάτρας,

299 2849 487 2933 Λουκιανὸς
509 2852 565 2919 καὶ
592 2852 765 2943 Γαληνὸς
788 2854 843 2922 καὶ
869 2851 1079 2943 [Πούταρχος
1101 2850 1159 2921 σὺν
1180 2851 1320 2934 τούτοις,

213 2960 298 3025 unde
333 2960 552 3045 colligendum
587 2970 638 3026 est
672 2961 826 3027 'factuam
862 2961 980 3026 Galeni
1014 2983 1115 3048 opera
1150 2948 1349 3025 snb'oculis

213 3064 367 3128 habuisse
394 3085 498 3149 eoque
522 3065 611 3130 fonte
635 3067 768 3152 saepius
791 3086 885 3129 usum
910 3087 994 3131 esse.

299 3170 396 3233 Viam
413 3177 521 3237 autem
540 3170 736 3257 explicandi,
760 3191 900 3255 quonam
922 3169 1017 3234 modo
1034 3169 1172 3235 Tzetzes
1190 3169 1349 3234 adductus

213 3274 265 3352 sit,
288 3280 323 3336 ut
341 3273 499 3338 Soranum
524 3280 557 3338 et
580 3273 700 3339 Rufum
720 3273 915 3360 Cleopatrae
939 3272 1084 3338 medicos
1107 3274 1208 3338 fuisse
1233 3275 1348 3338 existi-

213 3384 326 3457 maret,
343 3377 499 3442 indicavit
515 3378 594 3441 milri
611 3377 794 3442 Guilelmus
812 3376 1026 3460 Studemund,
1043 3398 1116 3443 curn
1132 3399 1184 3442 me
1201 3384 1350 3442 moneret

215 3482 247 3544 in
274 3483 335 3549 vol.
358 3481 425 3545 XII
441 3502 577 3569 operum
599 3481 716 3547 Caleni
738 3481 805 3569 (ed.
825 3481 960 3562 Kuehn)
982 3483 1066 3547 intra
1086 3504 1162 3568 pag.
1180 3485 1350 3546 lte-432

212 3586 343 3650 nomina
372 3593 405 3650 et
428 3585 542 3650 Sorani
573 3591 606 3651 et
629 3585 704 3650 Rufi
731 3592 765 3650 et
789 3584 986 3672 Cleopatrae
1018 3593 1158 3651 exstare.
1211 3584 1349 3650 Taetzes

214 3689 320 3773 igitur,
344 3689 494 3774 quoniam
519 3690 550 3753 in
575 3690 638 3752 vol.
654 3688 721 3752 XII
737 3710 768 3775 p.
785 3694 848 3753 414
866 3711 934 3776 sqq.
951 3711 1104 3775 magnum
1129 3689 1349 3774 fragmentum

214 3792 332 3857 Sorani
363 3795 492 3858 nomine
520 3794 709 3878 insignitum
737 3793 857 3880 legitur
887 3792 979 3880 (περὶ
1007 3795 1071 3858 τῶν
1099 3787 1165 3860 ὑπὸ
1197 3794 1350 3879 §saporosi

287 3966 306 4032 ¹)
325 3965 499 4019 Hermannus
522 3964 627 4018 Usener
649 3964 678 4017 iu
702 3964 790 4018 Musei
812 3965 940 4019 Rhenani
963 3966 1016 4021 vol.
1039 3965 1155 4019 lllllllll
1182 3983 1210 4034 p.
1233 3963 1285 4017 412
1308 3982 1347 4033 sq.

214 4051 371 4121 suspicatur
389 4054 506 4107 Tzetmc
525 4052 587 4105 ideo
600 4052 734 4106 Soranum
748 4053 911 4121 Cleopatrae
924 4053 1069 4121 aequalem
1088 4053 1176 4107 visum
1197 4068 1263 4111 csse.
1281 4052 1349 4120 quia

214 4139 231 4207 ἡ
249 4142 407 4210 scoppanum)
428 4140 600 4210 Κλεοπάτρας
618 4142 700 4210 τέχνη
726 4158 870 4210 perperam
889 4140 987 4194 Sorani
1012 4141 1124 4194 nomine
1143 4139 1278 4205 insignita
1297 4140 1348 4193 cir·

215 4227 337 4281 cuurlnla
356 4229 400 4282 sit.
