2948 4808
204 1164 310 1278 Apud
341 1206 453 1256 omnes
485 1191 684 1256 Graecorum
711 1196 828 1276 gentes
858 1191 933 1257 inde
967 1194 1008 1257 ab
1038 1215 1076 1258 eo
1104 1200 1249 1283 ternpore

113 1315 177 1378 quo
202 1294 388 1359 civitatibus
413 1297 597 1361 constitutis
621 1296 813 1382 legibusque
838 1298 1027 1383 temperatis
1051 1305 1186 1364 utuntur
1208 1299 1249 1363 ad

113 1400 235 1463 cultum
249 1398 382 1465 deorum
399 1399 576 1465 curandum
593 1408 725 1487 praeter
737 1401 824 1487 ipsos
837 1402 1025 1468 sacerdotes
1039 1404 1250 1488 magistratus

113 1525 243 1590 quoque
267 1505 399 1592 publice
423 1506 564 1570 instituti
588 1505 807 1573 inveniuntur.
853 1505 936 1571 Cum
960 1508 1047 1573 enim
1072 1515 1142 1574 arte
1165 1510 1250 1573 inter

112 1630 150 1672 se
168 1609 382 1675 cohaererent
400 1609 600 1675 Graecorum
618 1631 670 1674 res
687 1631 803 1676 sacrae
820 1617 853 1675 et
869 1610 1031 1697 publicae,
1056 1612 1247 1677 sacerdotes

112 1713 212 1776 certis
236 1712 305 1778 deis
330 1735 422 1778 sacra
444 1714 478 1777 in
500 1714 638 1798 singulis
660 1714 792 1799 templis
808 1714 973 1779 faciebant
989 1737 1032 1780 ex
1048 1737 1137 1781 more
1155 1722 1245 1781 certo

114 1822 147 1880 et
168 1838 187 1880 a
208 1818 384 1883 maioribus
401 1817 531 1898 tradito,
556 1819 804 1904 magistratuum
821 1824 892 1883 erat
908 1840 973 1883 non
990 1821 1097 1884 solum
1113 1820 1245 1907 publiea

113 1941 207 1985 saera
229 1919 364 2006 diesque
388 1921 490 1986 festos
513 1922 601 1986 iussu
624 1922 764 1987 civitatis
787 1921 1024 2004 administrare,
1049 1924 1106 1989 sed
1133 1946 1247 1990 ornnes

113 2045 170 2088 eas
201 2045 253 2089 rea
281 2024 408 2090 divinas
436 2047 611 2111 procurare
641 2048 725 2113 quae
756 2033 791 2093 ut
822 2028 883 2094 rite
913 2036 1179 2116 perpetrarentur
1201 2030 1248 2093 rei

112 2128 262 2215 publicae
300 2130 467 2195 intererat.
526 2130 641 2217 Itaque
683 2133 746 2197 iam
779 2133 1012 2219 antiquissimis
1045 2135 1247 2221 temporibus

112 2253 209 2316 reges
238 2233 328 2318 ipsos
356 2255 414 2318 pro
442 2232 595 2298 universa
618 2235 749 2300 civitate
774 2236 957 2309 sacrificare
981 2236 1128 2303 videmus
1151 2275 1193 2286 —-
1216 2237 1248 2301 id

112 2336 198 2422 quod
226 2338 387 2424 signifieat
409 2338 607 2404 Aristoteles
631 2341 722 2426 polit.
737 2339 789 2405 ΙΙΙ
806 2344 836 2423 9,
851 2344 883 2405 7:
907 2336 1025 2427 Κίριοι
1049 2331 1164 2431 δ’ἦοαν
1186 2342 1248 2426 (so.

111 2435 143 2504 oi
160 2440 322 2527 βασιλεῖς)
344 2443 402 2530 τῆς
420 2465 456 2507 τε
471 2437 555 2508 κατὰ
571 2435 716 2528 πόλεμον
731 2436 906 2532 ἡγεμονίας
921 2444 976 2510 καὶ
993 2447 1067 2511 τῶν
1082 2447 1246 2527 θοσιιῦν,

110 2538 206 2609 ὅσαι
221 2539 272 2633 μὴ
294 2541 494 2630 ἱερατικαί
501 2566 508 2580 ·
531 2547 616 2632 πρὸς
636 2542 765 2627 τούτοις
779 2543 839 2627 τὰς
855 2545 950 2629 δίκας
965 2544 1098 2635 ἐίιρινον.
1133 2550 1248 2635 Neque

112 2670 210 2714 secus
237 2650 484 2735 insequentibus
512 2652 715 2738 temporibus
745 2654 861 2717 summi
882 2655 930 2719 rei
959 2654 1111 2739 publicae
1141 2655 1246 2739 magi-

109 2759 233 2817 stratus
277 2753 411 2818 deorum
451 2757 550 2821 cultui
585 2778 716 2842 operam
750 2764 884 2838 navant,
919 2759 960 2823 de
993 2780 1057 2844 qua
1091 2780 1126 2823 re
1161 2758 1248 2823 idem

108 2857 310 2923 Aristoteles
344 2860 433 2944 polit.
468 2860 518 2924 IV
543 2864 572 2942 5,
599 2864 647 2924 11:
684 2852 841 2947 Ἐχομίνι)
876 2858 912 2928 δὲ
947 2857 1067 2950 ταύτης
1100 2869 1159 2943 (se.
1188 2864 1248 2951 τῆς

108 2956 319 3048 ἐπιμελείας)
347 2956 367 3052 r‘q
399 2959 484 3049 πρὸς
512 2957 585 3043 τὰς
607 2959 757 3043 θυσίας
779 2957 992 3053 ἀφωρισμένη
1015 2960 1084 3045 τὰς
1106 2961 1248 3045 κοινὰς

108 3060 263 3145 παίσας,
296 3061 392 3146 ὅσας
413 3063 464 3156 μὴ
488 3071 575 3146 τοῖς
598 3063 771 3153 ἱερεῦσιν
793 3061 1048 3137 ἀποδίδωσιν
1071 3061 1089 3134 ὃ
1112 3065 1245 3154 νόμος,

108 3164 191 3236 ἀλλ’
216 3163 298 3238 ἀπὸ
321 3173 390 3260 τῆς
412 3173 547 3260 κοινῆς
569 3164 706 3251 ἑστίας
722 3165 854 3255 ἔχουσι
874 3166 940 3261 τὴν
955 3168 1086 3261 τιμήν·
1109 3173 1244 3240 καλοῦσι

107 3275 138 3339 ‹i'
163 3269 195 3340 oi
218 3273 277 3359 μὲν
300 3267 458 3361 ἄρχοντας
481 3271 625 3355 τοίτοος,
652 3272 683 3342 oi
707 3270 743 3342 ot
768 3276 925 3360 βασιλεῖς,
950 3272 981 3342 oi
1005 3272 1041 3343 δὲ
1061 3273 1244 3363 πρυτάνεις.

200 3378 320 3445 Postea
336 3401 411 3444 vero
427 3402 523 3467 quam
538 3381 643 3466 magis
659 3380 827 3466 magisque
844 3379 1057 3466 amplitudine
1073 3387 1106 3445 et
1121 3382 1247 3466 magni·

107 3484 243 3549 ficentia
269 3490 384 3550 austae
415 3492 490 3549 sunt
513 3484 717 3550 Graecorum
745 3505 798 3549 res
828 3505 941 3550 sacrae
964 3485 1010 3549 ita
1032 3490 1068 3549 ut
1091 3484 1246 3549 ordinarii

107 3589 322 3673 magistratus
338 3590 455 3654 summi
471 3611 535 3654 non
558 3589 756 3670 sufficerent,
781 3590 861 3653 certi
877 3588 918 3653 ad
934 3589 966 3653 id
983 3589 1088 3675 ipsum
1106 3588 1246 3652 instituti

106 3698 186 3757 sunt
209 3693 419 3778 magistratus
441 3695 495 3780 qui
518 3694 627 3758 omnia
650 3715 865 3780 quaeeunque
882 3693 923 3759 ad
940 3694 1062 3758 cultum
1079 3691 1244 3778 publicum

106 3797 312 3881 pertinerent
338 3797 613 3863 administrarent.
671 3799 745 3862 Hoc
774 3819 901 3885 quoque
929 3796 1015 3862 idem
1046 3796 1245 3861 Aristoteles

106 3902 246 3986 exponit
278 3901 371 3966 ibid.:
396 3893 499 3966 ’Άλλο
523 3893 642 3980 δἐἷδος
664 3896 857 3985 ἐπιμελείας
883 3892 903 3990 ἡ
934 3897 1010 3983 περί
1041 3894 1118 3978 τούς
1144 3895 1246 3977 θεοὺς

105 3994 179 4070 οἷον
201 3999 298 4090 ἱερεῖς
317 4028 353 4070 τε
373 4002 430 4070 καί
451 4002 647 4092 ἐπιμεληταί
669 4007 734 4070 τῶν
757 4004 833 4091 περὶ
855 4000 898 4069 τὰ
915 3999 985 4090 ἱερὰ
1000 4005 1060 4070 τοῦ
1075 3999 1245 4084 σώζεσθαί

104 4133 140 4175 τε
170 4104 213 4174 τὰ
243 4102 432 4197 Ιὑπάρχοντα
460 4108 516 4175 καί
544 4103 775 4194 ἀνορθοῦσθαι
805 4105 848 4174 τὰ
876 4105 1046 4175 πίπτοντα
1068 4109 1132 4173 τῶν
1155 4103 1245 4173 οἷκο-

103 4208 306 4302 δομιρμοίτιον
336 4212 391 4279 καί
423 4215 487 4279 τῶν
519 4206 624 4282 ίίλλιον
658 4209 721 4279 ὅσα
743 4209 898 4279 τέτακται
929 4208 1014 4299 πρὸς
1035 4207 1112 4290 τούς
1135 4206 1243 4289 θεούς.

1001 4317 1037 4368 1³3:
