2962 4800
226 315 267 382 34
761 306 830 396 [90]

226 511 324 593 liepee
354 511 478 571 irritesce
511 508 562 570 vel
591 505 699 570 eorde
730 504 807 568 noch
838 503 906 567 lu'er
936 504 1046 586 liepen.
1107 504 1294 580 Quoniam
1325 530 1398 573 con·

227 612 357 677 iunctivi
378 610 554 695 imperfecti
569 609 755 693 significatio
772 608 812 672 ad
828 628 975 693 praesens
990 607 1178 674 referenda
1195 632 1220 674 a
1237 612 1396 677 Plautina

227 716 375 801 loquendi
398 714 624 779 consuetudine
647 713 812 793 abhorret,
843 717 1094 775 consentaneum
1124 722 1181 778 est
1207 737 1291 780 eam
1316 739 1399 782 com-

228 818 424 905 probandam
446 839 514 882 esse
544 816 847 901 interpretationem,
876 835 971 899 quam
1000 813 1137 880 Lorenz
1172 820 1295 902 primo
1328 822 1399 885 loco

228 924 369 1008 protulit.
416 923 479 997 Qui
501 924 548 986 vir
571 922 679 986 dectus
702 928 776 1006 apte
799 927 960 1005 comparet

228 1027 344 1092 Pseud.
370 1029 432 1091 286
520 1029 549 1091 si
569 1026 710 1108 ornabas,
734 1027 941 1088 invenires
963 1031 1130 1088 rnutttom:

229 1138 260 1196 et
283 1130 374 1195 Truc.
400 1132 461 1194 748
515 1130 550 1194 Si
574 1129 694 1194 colebas
722 1130 930 1213 participari,
956 1128 1183 1210 auferres
1215 1133 1398 1197 dimidium

1113 1233 1289 1300 domum.l

748 1434 766 1515 ξ
791 1436 839 1499 13.

333 1565 449 1641 Quodsi
479 1566 549 1649 quis
579 1571 727 1649 quaerat,
755 1563 829 1628 inde
861 1582 963 1646 aque
993 1563 1060 1626 fere
1089 1583 1181 1628 anno
1218 1588 1306 1632 usus
1338 1568 1392 1631 ille

233 1669 400 1733 Plautinus
429 1676 637 1733 commutatus
667 1688 733 1731 esse
762 1667 924 1746 rideatur,
955 1664 1130 1729 secundum
1163 1690 1272 1751 quem
1306 1673 1388 1736 coni.

334 1949 456 2001 ¹Simile
475 1947 609 2015 quoddam
635 1945 859 1998 conditionalium
886 1944 1081 1996 sententiarum
1107 1942 1269 1999 discrimen
1298 1953 1384 2016 atque

231 2035 298 2088 illud
322 2040 378 2099 est,
404 2034 477 2102 quod
500 2034 571 2085 inter
595 2033 672 2084 varia
697 2031 804 2083 dicendi
831 2047 934 2097 genera
953 2028 1026 2096 apud
1044 2028 1177 2081 Plautum
1196 2031 1382 2085 intercedere

230 2121 488 2185 demonstravimus,
519 2120 546 2170 in
574 2119 669 2185 lingua
700 2134 801 2185 graeca
832 2132 938 2184 quoque
974 2115 1037 2166 olim
1068 2116 1216 2168 exstitisse
1255 2124 1377 2171 constat

231 2209 272 2260 cf.
291 2225 362 2276 quac
381 2207 466 2258 Gorth
485 2204 878 2268 (Grammatisch·Kritisclras
904 2220 950 2254 zur
968 2200 1160 2268 griechischen
1179 2202 1377 2257 Moduslehre.

232 2295 329 2361 Progr.
349 2292 471 2345 Dreedae
493 2292 570 2355 1878)
594 2292 627 2342 de
646 2292 686 2343 eis
713 2290 860 2342 enuntietis
886 2287 1117 2340 condicionalibus
1145 2291 1277 2356 graecis,
1304 2307 1377 2359 quse

233 2381 344 2433 irrealia
363 2380 445 2446 vulgo
464 2379 598 2443 dicuntur,
616 2394 642 2445 p.
656 2379 680 2441 7,
697 2382 712 2429 5
731 2376 872 2428 disseruit:
895 2377 973 2427 Gens
991 2375 1099 2425 dlarrliclr
1117 2376 1186 2425 steht
1207 2392 1239 2426 es
1252 2394 1311 2428 nun
1326 2381 1376 2430 mit

233 2466 393 2530 cienjeuipeu
411 2465 693 2529 Berlinpunpsadtzen,
714 2465 756 2514 die
775 2467 832 2514 eine
851 2466 881 2515 in
900 2463 948 2514 der
969 2463 1128 2525 Gepemeart
1154 2462 1232 2511 nicht
1259 2464 1375 2527 ersdllte

241 2551 460 2615 Vorauaaetzuup
488 2549 631 2600 catholiea.
676 2549 749 2598 Auel
778 2548 838 2598 hies·
864 2547 974 2598 landolt
1001 2561 1029 2596 es
1055 2545 1112 2595 sicli
1140 2561 1184 2595 unt
1217 2549 1279 2598 eine
1311 2547 1374 2597 ab·

232 2636 497 2701 eeachloasrne,
516 2636 587 2687 nictit
606 2635 683 2685 uncle·
700 2650 740 2684 zu
759 2634 942 2684 &ederedo
966 2632 1182 2695 Thetaedia,
1204 2632 1251 2684 die
1271 2635 1302 2683 r'n
1322 2634 1373 2684 der

240 2722 525 2786 Vere-auqeeheit
549 2721 650 2770 eradere
673 2720 797 2783 qrataltet
819 2720 926 2770 werden
950 2724 1064 2782 museto,
1091 2733 1169 2769 wenn
1196 2717 1249 2767 der
1272 2734 1372 2784 pepen-

235 2812 350 2872 wdrtiye
377 2807 502 2858 Zustend
533 2806 582 2855 der
608 2806 658 2855 der
683 2805 845 2868 Forderttnp
870 2803 1076 2870 entsprecheude
1103 2805 1163 2854 sein
1187 2802 1273 2854 sollte.
1312 2804 1370 2856 Eis

237 2894 304 2944 Salz
321 2895 371 2944 wie
389 2898 411 2944 ei
428 2913 455 2943 ee
476 2890 506 2943 roi
533 2891 614 2942 situata
639 2890 760 2943 ποιοῦντα
785 2890 874 2956 ἑώρων,
899 2889 1008 2955 inprecer
1031 2891 1069 2949 dr,
1095 2889 1148 2939 tien
1168 2891 1222 2940 wir
1247 2893 1296 2941 mii
1322 2892 1372 2942 der

240 2978 438 3042 Verdedcrunq
456 2979 505 3028 der
524 2977 664 3028 Protasis:
682 2981 771 3041 cipite·
789 2975 820 3028 ra*
839 2979 922 3029 etnam
941 2985 1020 3029 ποιεῖν
1037 2975 1092 3029 auf
1107 2975 1151 3026 die
1168 2979 1261 3038 sorice
1281 2975 1367 3027 Form

235 3065 440 3130 zurdcksdlrrcn
458 3065 575 3128 konnen,
593 3068 629 3115 ist
648 3063 768 3115 werrltcu
788 3080 822 3114 zu
839 3063 1011 3114 siberaetzen:
1036 3060 1140 3125 ‘qeeetzt
1167 3062 1206 3112 ich
1230 3062 1283 3112 sals
1305 3064 1368 3114 dr'clr

234 3152 339 3216 yereclrt
357 3151 486 3215 lartdeln,
506 3152 580 3201 deren
600 3149 666 3201 lobte
686 3151 726 3201 ich
739 3150 798 3200 dich
813 3175 843 3184 -
857 3149 927 3213 jetzt
945 3152 981 3200 ist
998 3163 1026 3199 es
1042 3149 1090 3197 mit
1103 3147 1161 3197 dem
1177 3147 1247 3199 eote
1260 3149 1368 3201 corbes.

242 3238 288 3289 We
306 3239 395 3289 dieses
414 3236 629 3300 Zurdclprer'fen
647 3237 701 3294 arcs
716 3238 759 3288 elie
779 3236 993 3300 l'erycnqenlreit
1012 3235 1083 3286 nicht
1102 3234 1215 3296 mertich
1235 3238 1284 3299 ist,
1302 3237 1369 3288 aiud

236 3322 376 3374 Prdterrta
394 3322 561 3373 undenlsbor.
598 3322 656 3373 Der
676 3323 742 3374 Sutz
759 3339 782 3372 z.
796 3322 829 3372 B.
850 3320 943 3374 ‘wollte
961 3322 1003 3373 ich
1021 3321 1066 3373 dir
1079 3321 1129 3370 den
1147 3319 1276 3384 Gefolleu
1290 3322 1370 3387 thus,

236 3425 265 3460 eo
284 3410 401 3460 setirdest
419 3410 456 3460 du
473 3409 540 3460 micis
555 3411 649 3474 spdter
661 3409 743 3460 selbst
754 3408 863 3472 tudeln',
881 3409 961 3472 rcird,
979 3423 1041 3472 eree
1053 3407 1101 3457 der
1117 3406 1287 3472 Sprcclrende
1299 3410 1368 3459 auct

237 3495 302 3545 noch
321 3511 351 3546 ao
363 3494 421 3557 sest
440 3511 489 3547 con
508 3496 556 3546 der
576 3494 593 3543 I
595 3497 720 3547 rreclitdt
738 3495 786 3546 der
812 3494 1034 3560 Vorcuaaetzung
1052 3493 1194 3557 ιῖὂονιιιιρί
1212 3496 1285 3559 acin,
1302 3496 1369 3547 doch

238 3597 292 3631 nur
310 3581 394 3631 durch
413 3581 533 3647 Optatire
552 3582 746 3644 arrapedrdclct:
763 3584 785 3633 εἶ
802 3583 880 3634 τοῦτο
895 3588 1040 3652 χαρισαίμην
1058 3602 1104 3640 σοι,
1121 3576 1198 3638 αὐτός
1216 3580 1245 3631 ἂν
1264 3585 1370 3648 ὕστερόν

236 3690 277 3732 μοι
295 3675 413 3734 piperato.

340 3754 440 3814 Quodsi
464 3759 538 3805 reete
566 3771 599 3805 es
624 3754 762 3820 disputate
783 3759 853 3818 sunt,
880 3770 949 3820 quse
974 3767 1057 3817 supra
1080 3752 1113 3802 de
1139 3751 1207 3803 locis
1232 3751 1370 3805 Plautinis

237 3839 449 3904 interpretandis
472 3840 691 3907 explicandisque
717 3841 903 3907 exposuimus,
935 3844 1051 3906 apparet
1076 3838 1241 3889 coniunctiri
1269 3840 1371 3907 imper·

238 3924 302 3975 fecti
321 3925 392 3990 apud
417 3926 543 3978 Plautum
569 3925 682 3977 similem
704 3942 763 3978 esse
789 3926 973 3977 condicionem
999 3930 1026 3976 et
1051 3923 1137 3974 simile
1162 3940 1259 3976 munus
1286 3931 1371 3995 atque

237 4010 377 4062 indicativi
396 4013 548 4077 imperfecti
568 4013 661 4078 graeci
679 4013 706 4063 in
726 4013 866 4063 enuntiato
885 4011 919 4063 ab
938 4014 959 4063 εἰ
977 4009 1110 4076 particule
1129 4009 1279 4074 incipiente
1298 4014 1372 4065 nude

239 4097 328 4162 positi,
347 4097 374 4148 in
393 4097 504 4162 epodosi
524 4115 583 4149 eum
601 4101 633 4150 ἄν
651 4098 784 4163 particula
797 4098 941 4149 coniuncti.
978 4097 1084 4148 Etenim
1096 4094 1144 4145 illa
1157 4110 1267 4164 quoque
1282 4099 1374 4151 forma

239 4183 311 4247 apud
336 4183 461 4234 Plautum
485 4188 541 4234 tum
567 4188 671 4234 tantum
697 4183 785 4235 lecum
813 4183 911 4247 habet,
935 4183 981 4234 ubi
1006 4182 1063 4233 fieri
1082 4185 1183 4246 potest,
1207 4187 1237 4233 ut
1263 4190 1314 4237 aut
1339 4187 1375 4238 ad

239 4269 415 4335 praeteritum
435 4274 539 4334 tempus
559 4269 688 4335 respiciat
707 4270 728 4320 is
749 4270 794 4337 qui
815 4269 945 4335 loquitur,
971 4274 1017 4320 sut
1036 4268 1068 4318 de
1093 4269 1236 4332 praesenti
1262 4272 1375 4338 quidem

240 4359 362 4422 tempore
381 4359 489 4422 agentur,
508 4372 557 4405 nec
577 4360 667 4406 tumen
686 4355 740 4406 ullo
760 4355 839 4407 modo
858 4355 891 4406 de
912 4362 1032 4423 tempore
1053 4354 1152 4405 futuro.
