2962 4800
640 707 973 791 ARGUMENTUM.

782 947 821 1012 A.

335 1087 382 1138 DE
402 1086 581 1139 FONTIBUS
621 1124 1172 1144 ..........
1232 1112 1261 1162 p.
1301 1096 1391 1150 6-14

235 1182 295 1247 §L
333 1183 393 1243 Qua
412 1187 503 1234 aetate
523 1183 596 1233 tituli
614 1182 693 1233 incisi
711 1183 764 1234 sint
802 1221 1173 1237 .......
1240 1229 1254 1253 ,,
1298 1190 1317 1243 6

237 1278 296 1343 52.
334 1278 411 1329 Unde
430 1278 502 1329 tituli
521 1278 627 1329 oriundi
646 1278 699 1329 sint
743 1317 779 1353 q
802 1317 1171 1333 .......
1238 1324 1251 1349 „
1296 1284 1312 1335 7

237 1373 295 1438 §d
333 1375 365 1425 In
383 1391 450 1442 quas
469 1375 571 1426 classes
590 1375 663 1426 tituli
683 1375 861 1443 dispertiendi
879 1377 933 1428 sint
983 1415 988 1426 .
1042 1414 1048 1427 .
1102 1415 1108 1428 .
1164 1416 1170 1428 .
1238 1420 1251 1445 ,,
1295 1380 1314 1431 8

237 1468 251 1533 5
270 1471 295 1520 4.
332 1469 511 1530 Quaestiones
530 1471 725 1537 epigraphicae

329 1808 376 1858 DE
396 1808 478 1860 Ipsa
496 1807 718 1860 SACERDOTII
738 1809 1170 1863 Enrrronnvsnnlrlonn
1231 1853 1244 1879 ,,
1273 1815 1382 1870 14-39

235 1902 250 1967 δ
273 1905 292 1953 l.
330 1903 369 1954 De
389 1919 527 1955 sacrorum
546 1921 686 1955 munerum
704 1904 856 1956 intervallis

235 1996 292 2061 §2
329 1998 406 2059 Quod
426 1999 571 2051 discrimen
589 2000 743 2051 intercedat
767 2000 838 2051 inter
864 1999 1008 2069 πιπράσκειν
1033 2006 1061 2052 ct
1086 2003 1169 2053 ἐπιπι-

388 2093 505 2161 πρᾶσκειν
556 2132 1165 2148 ...........
1229 2138 1242 2163 „
1271 2099 1303 2150 l'l

234 2187 291 2253 §b
329 2189 369 2240 De
388 2188 602 2242 sacerdotiorum
621 2191 716 2257 pretiis
736 2190 893 2258 eponiioque
918 2229 1163 2243 .....
1226 2233 1240 2258 ,,
1264 2193 1301 2246 92

234 2283 291 2349 §t
328 2285 368 2336 De
388 2286 554 2353 emptoribus
616 2323 1163 2339 ..........
1225 2329 1238 2354 ,,
1264 2288 1300 2342 25

234 2379 290 2445 §b
329 2381 404 2442 Quae
440 2381 560 2432 rationes
598 2381 803 2433 intercesserint
844 2382 915 2432 inter
950 2382 1165 2447 Erythraeorum

387 2477 601 2528 sacerdotiorum
621 2481 756 2541 emptores
776 2481 803 2528 et
822 2477 937 2542 praedes
976 2515 1239 2544 .....
1264 2480 1299 2532 ‘27

233 2571 292 2637 §e
329 2572 368 2622 De
388 2572 559 2623 sacerdotum
579 2572 766 2623 emolumentis
785 2572 990 2639 privilegiisque
1037 2610 1043 2623 .
1098 2611 1104 2622 .
1157 2611 1163 2623 .
1225 2614 1239 2640 „
1263 2575 1300 2628 30

232 2667 290 2732 §l
327 2668 368 2718 De
387 2668 558 2720 sacerdotnm
577 2667 673 2719 officiis
1225 2709 1238 2734 ,,
1263 2670 1299 2725 32

232 2761 290 2827 §8-
327 2763 367 2814 De
385 2763 501 2830 publicis
520 2768 547 2815 et
566 2763 679 2829 privatio
698 2763 858 2814 sacerdotiis
915 2801 1162 2814 .....
1224 2804 1237 2829 ,,

231 2857 288 2922 §a
326 2858 385 2918 Qua
411 2864 502 2911 aetate
529 2859 676 2910 sacerdotii
704 2858 803 2924 emptio
833 2858 951 2909 venditio
981 2863 1054 2921 nata,
1082 2875 1162 2925 quam

385 2955 441 3005 late
460 2958 622 3021 propagata,
641 2953 816 3021 quomobrem
835 2953 958 3004 instituta
977 2954 1041 3004 sit.
1096 2991 1102 3004 .
1156 2993 1162 3004 .
1223 2994 1236 3019 ,‚

325 3127 550 3180 nepnnnlcns

257 3225 290 3275 A.
326 3225 367 3275 De
387 3224 499 3275 deorum
517 3224 545 3274 in
565 3224 717 3288 Erythraeo
738 3223 816 3274 titulo
836 3223 1039 3289 cognominibus
1094 3263 1100 3274 .
1154 3263 1160 3276 .
1222 3264 1235 3289 „
1260 3225 1298 3279 39

260 3321 290 3371 Β.
327 3320 410 3371 Tituli
434 3355 1159 3370 .............
1221 3358 1234 3383 „
1260 3321 1296 3374 44

259 3414 288 3465 (l.
325 3414 411 3465 Index
430 3414 549 3477 deorum,
568 3430 680 3479 quorum
698 3429 777 3464 sacra
797 3413 924 3464 venibant
971 3451 977 3464 .
1032 3452 1037 3463 .
1092 3451 1098 3462 .
1153 3452 1158 3463 .
1221 3453 1233 3477 ,,
1258 3415 1295 3469 53

256 3510 289 3560 D.
325 3508 411 3560 Index
429 3509 650 3575 Erythraeorum,
672 3525 785 3576 quorum
803 3510 830 3559 in
850 3508 928 3559 titulo
949 3507 987 3559 1v
1006 3509 1106 3559 mentio
1130 3509 1159 3560 fit
1221 3550 1232 3575 ‚‚
1259 3512 1295 3564 54
