2962 4800
672 306 746 389 [25]
1236 305 1276 367 25

141 502 206 575 fiat,
230 509 266 562 ut
289 499 374 581 apud
400 497 631 560 Chalcedonios
663 497 796 580 emptori
827 495 892 559 duo
925 495 1093 575 vectigalia
1124 495 1278 558 solvenda

140 603 282 668 fuerint¹.
329 602 451 674 Quibus
479 599 687 682 vectigalibus
715 598 948 682 comprehensis
971 596 1152 680 Aesculapii
1173 617 1277 660 sacer·
1317 657 1319 660 Α

143 706 221 769 dotii
245 706 382 789 pretium
407 704 545 787 quinque
576 703 696 764 milium
720 701 1036 784 duodequadraginta
1059 700 1278 764 drachmarum

142 817 176 874 et
200 814 352 892 quattuor
376 806 544 869 obolorum
568 805 667 869 fuisso
689 805 775 867 idem
798 805 906 867 titulus
930 803 1032 866 dccet.

247 909 314 973 Nec
337 911 440 972 minus
463 930 585 971 summa
620 909 673 970 illa
697 908 824 988 ’χρυσῶν
855 906 948 982 turcl,
976 912 1100 988 χαλκῶν
1131 902 1279 984 ἓξήκοντιί

143 1015 208 1093 (tit.
224 1013 258 1075 Π
282 1032 308 1072 v.
328 1016 363 1075 lb*
376 1011 447 1094 sq),
472 1031 565 1094 quam
579 1011 729 1074 Timaeus
747 1031 803 1093 pro
822 1010 999 1074 sacerdotio
1017 1009 1150 1072 deorum
1167 1008 1277 1071 Samo·

143 1116 288 1178 thracum
305 1114 456 1192 solvebat,
480 1115 547 1197 ipsa
563 1133 690 1195 quoque
707 1121 737 1175 et
756 1114 894 1196 pretium
912 1119 943 1174 et
960 1112 1109 1194 epouium
1123 1109 1278 1172 contineri

143 1219 284 1300 colligas.
321 1217 471 1300 Denique
483 1217 605 1279 Dianae
618 1216 783 1297 Pergaeae
799 1214 1012 1279 sacerdotium
1022 1215 1133 1300 quanti
1147 1212 1278 1286 steterit,

144 1343 161 1385 e
183 1321 275 1384 titulo
301 1319 352 1382 ΠΙ
375 1341 438 1382 non
462 1321 524 1382 iam
548 1320 615 1384 erui
638 1327 756 1403 potest.

676 1667 693 1746 q
716 1669 746 1728 4.

556 1856 605 1906 Da
624 1853 867 1906 EMPTORIBUS.

247 2011 314 2073 Iam
332 2032 406 2074 vero
424 2011 464 2074 de
481 2013 529 2092 iis,
546 2012 596 2095 qui
613 2010 792 2074 sacerdotia
809 2020 966 2092 eruerunt,
983 2012 1083 2074 fusius
1097 2010 1278 2092 disputabo.

144 2113 192 2176 Ac
222 2114 357 2197 primum
388 2114 516 2197 quidem
557 2113 773 2198 quaerendum
813 2122 869 2187 estqv
909 2136 985 2177 num
1024 2120 1183 2196 emptores
1220 2115 1279 2197 ipsi

145 2216 331 2280 sacerdotiis
376 2237 524 2300 praeesse
568 2217 743 2280 debuerint.
803 2215 1036 2279 Chalcedonius
1080 2216 1188 2279 titulus
1234 2216 1278 2279 Ib

145 2321 304 2401 expressis
329 2321 433 2383 verbis
465 2321 682 2383 condicionem
707 2320 837 2383 exhibet
868 2319 979 2383 hanc²:
1020 2316 1162 2381 ὠνείσθω
1192 2318 1223 2381 δὲ
1248 2318 1280 2394 ὅς

144 2448 180 2484 κα
202 2417 223 2507 ’ἦ
248 2420 407 2502 όλὸκλαρσς
429 2426 478 2486 καὶ
502 2418 525 2509 pl
552 2425 761 2504 δαμοσωργίας
780 2421 913 2502 μέτεστι·
937 2422 1046 2496 ἐξέστω
1067 2422 1101 2484 δὲ
1123 2424 1171 2483 καὶ
1195 2425 1278 2485 nardi

147 2524 306 2600 discretim,
330 2522 412 2611 ἄλλω
436 2527 467 2589 δὲ
489 2532 603 2608 μηθενὶ
629 2526 738 2600 ἐξέστω
755 2524 813 2588 τάν
828 2524 982 2605 ἱερωτωάν
1000 2522 1018 2605 ἢ
1033 2524 1142 2609 ἑαυτῷ.
1184 2523 1220 2586 V.
1241 2529 1275 2586 ll

144 2625 409 2707 Dittenbergcrus
439 2637 526 2690 recte
555 2628 681 2711 quidem
704 2629 789 2690 nardi
818 2628 990 2710 supplevit,
1022 2628 1076 2690 sed
1111 2627 1172 2688 hcc
1195 2628 1282 2688 nardi

146 2727 287 2790 dativum
305 2751 376 2791 esse
393 2731 562 2810 commodi,
580 2732 632 2813 qui
645 2736 786 2808 vocatur,
804 2752 866 2792 non
879 2731 919 2792 ab
933 2727 1044 2803 ἐξέστω
1057 2730 1196 2814 pendere
1209 2749 1279 2812 per·

146 2850 252 2912 peram
271 2829 449 2894 adnotavit:
473 2834 555 2915 patri
573 2835 666 2896 licere
680 2832 891 2895 sacerdotium
905 2833 969 2895 filio
984 2854 1097 2907 emere,
1110 2841 1278 2915 practerea

146 2952 221 2994 vero
238 2933 352 2995 nenrini
370 2935 517 3016 permitti,
535 2945 570 2998 ut
587 2936 677 2998 alteri
694 2943 777 2998 emat
792 2935 1004 3000 sacerdotium
1023 2957 1116 3018 quam
1134 2936 1191 2997 sibi
1208 2937 1277 3018 ipsi.

144 3034 246 3097 lmmc
270 3035 446 3099 secundum
473 3040 707 3101 sententiarum
739 3039 1000 3121 compositionem
1024 3039 1107 3101 nardi
1133 3048 1164 3101 et
1195 3036 1277 3125 ἄλλω

145 3138 178 3199 dl
215 3139 333 3219 pptlcrd
363 3140 421 3203 sihi
454 3142 670 3223 respondent,
717 3164 850 3225 quorum
884 3152 1054 3225 utrumque
1094 3144 1134 3205 ab
1169 3141 1279 3216 ἐξέστω

144 3241 285 3324 pendere
309 3263 438 3306 necesse
469 3251 534 3317 est,
566 3244 714 3327 quoniam
746 3245 776 3307 in
807 3244 910 3308 verbis
940 3243 1050 3318 ἐξέστω
1079 3245 1113 3305 dt
1143 3248 1192 3306 καὶ
1215 3251 1276 3307 κτλ.

144 3344 342 3426 exceptionis
365 3347 430 3407 vim
459 3346 561 3408 inesse
590 3349 700 3429 negari
732 3348 849 3431 nequit.
895 3348 1002 3430 Atque
1032 3349 1095 3410 veri
1127 3347 1279 3410 dissimile

144 3453 192 3507 est
215 3446 312 3510 verba
337 3447 389 3511 illa
423 3449 492 3511 voci
514 3449 608 3528 accpi
630 3451 774 3533 opposita
798 3471 884 3530 esse,
917 3471 997 3534 quac
1029 3452 1060 3512 in
1086 3451 1176 3513 titulo
1206 3451 1276 3534 ipso

145 3548 243 3613 deest.
288 3550 402 3632 Itaque
434 3559 525 3633 patre
566 3562 692 3615 mortuo
732 3554 795 3615 filio
820 3554 961 3615 nondum
1001 3554 1048 3617 sui
1089 3554 1164 3616 iuris
1192 3554 1276 3617 lactc

145 3652 189 3712 ita
213 3673 318 3715 emere
342 3653 425 3727 licet,
448 3660 482 3715 ut
505 3655 610 3737 ipsum
638 3656 851 3719 sacerdotium
874 3656 963 3719 alteri
994 3655 1278 3721 administrandum

143 3753 207 3817 det.
246 3753 329 3815 Nam
352 3755 552 3818 sacerdotem
576 3760 624 3819 sui
647 3760 723 3821 iuris
748 3780 816 3821 csso
840 3757 956 3821 debere
982 3779 1050 3820 cum
1067 3779 1107 3821 ex
1130 3760 1276 3823 universo

145 3856 328 3938 Aesculapii
351 3858 440 3920 cultu
468 3864 534 3921 turn
568 3881 609 3922 ex
644 3861 719 3943 ipsis
762 3883 843 3944 quae
875 3862 907 3923 in
939 3861 1032 3925 titulo
1069 3861 1114 3924 lh
1149 3870 1277 3926 exstant

143 3960 321 4042 praeceptis
346 3960 491 4025 efficitur.

232 4179 256 4249 '¹
275 4217 309 4266 cf.
329 4218 436 4267 Anthea
455 4235 480 4282 p.
499 4218 532 4269 rc
552 4237 592 4285 sq.

247 4302 312 4353 2σῖ.
333 4304 373 4353 tit.
392 4304 432 4356 Ib
452 4321 476 4356 v.
495 4304 512 4356 c
531 4322 589 4374 sqq.
