2962 4800
651 291 720 377 [aa]
1216 295 1252 360 11

121 510 191 552 oum
215 488 243 550 vi
268 486 429 571 praeteriti
453 486 590 568 positum
615 505 684 549 esse
704 485 874 549 verisimile
892 491 940 550 est
956 493 1141 571 comparato
1158 507 1257 552 enun-

121 591 215 655 tiato:
237 591 399 671 licitumst,
421 591 449 652 si
470 590 569 670 celles,
593 590 682 652 cuius
697 590 728 651 in
752 589 874 672 protasi
888 592 957 656 sino
979 589 1077 655 dubio
1097 591 1257 675 praeteriti

119 694 307 779 significatio
333 694 422 757 inest.

225 796 377 884 Ceterum
400 796 425 860 si
451 795 491 858 ab
515 796 563 859 his
586 794 626 860 de
650 796 765 880 quibus
787 795 882 860 modo
900 795 1038 861 diximus
1060 796 1137 860 locis
1154 817 1256 861 reces-

120 902 209 982 seris,
243 899 350 963 deoies
383 898 466 982 apud
501 898 649 962 Plautum
681 899 713 961 in
745 898 897 963 eiusmodi
930 900 1101 979 enuntiatis
1125 905 1256 964 exstare

121 1004 356 1069 coniunctivum
389 1001 478 1085 impf.
510 1023 580 1065 cum
615 1002 847 1086 significatione
878 1004 1042 1086 praeteriti
1076 1003 1255 1082 statuimus,

120 1109 301 1193 quindecies
326 1106 381 1184 (cf.
399 1106 607 1170 Rothhcimer
630 1127 661 1189 p.
679 1104 735 1189 41)
758 1106 804 1170 sio
825 1106 974 1191 leguntur
996 1106 1196 1184 coniunctivi,
1218 1112 1256 1169 ut

120 1218 176 1274 aut
199 1210 239 1274 ad
262 1231 415 1294 praesens
443 1217 568 1292 tempus
600 1209 755 1274 accedant
783 1216 847 1286 aut,
878 1216 982 1273 utrum
1013 1210 1075 1274 hoc
1108 1229 1147 1273 an
1178 1207 1255 1271 illud

120 1320 274 1398 spectent,
302 1312 467 1376 diiudicari
489 1333 553 1375 non
578 1312 689 1396 possit.

224 1415 530 1499 plusquamperfeoti
546 1416 681 1500 denique
697 1415 913 1480 coniunctivus
929 1436 1000 1479 oum
1019 1414 1158 1480 eiusdem
1175 1421 1254 1480 tem·

120 1519 206 1603 poris
230 1520 429 1583 coniunctivo
460 1519 658 1582 consociatus
681 1540 752 1582 oum
776 1518 844 1582 fere
872 1519 972 1582 octies
994 1518 1079 1602 apud
1102 1519 1254 1582 Plautum

120 1630 276 1699 occurrat,
299 1623 503 1707 septuaginta
525 1629 676 1707 quattuor
700 1622 827 1685 omnino
856 1623 1060 1686 inveniuntur
1091 1622 1255 1686 enuntiata

121 1725 350 1789 condicionalis
388 1726 455 1789 eius
489 1727 632 1808 generis,
673 1725 760 1810 quod
799 1725 1036 1788 coniunctivum
1074 1724 1161 1808 impf.
1201 1731 1257 1788 aut

120 1829 223 1913 plusq.
245 1829 276 1890 in
299 1835 435 1914 utraque
458 1837 550 1912 parte
577 1829 715 1912 positum
744 1828 854 1892 habet.
900 1827 1017 1913 Itaque
1048 1849 1120 1892 oum
1151 1828 1192 1891 de
1216 1830 1255 1891 74

120 1932 292 1996 enuntiatis
321 1932 353 1996 in
385 1935 425 1997 25
456 1933 561 1997 inesse
590 1931 811 2015 imperfectum
840 1931 1072 2014 significatione
1105 1931 1255 2017 temporis

121 2036 283 2120 praeteriti
307 2035 486 2119 praeditum
517 2037 734 2118 statuerimus,
766 2036 918 2120 sequitur,
948 2035 978 2098 in
1012 2043 1138 2099 centum
1172 2035 1256 2099 eius·

121 2138 207 2202 modi
232 2140 398 2224 exemplis,
420 2138 558 2203 simodo
574 2138 860 2223 legerenturapud
878 2139 1041 2220 Plautum,
1065 2138 1132 2202 iere
1150 2137 1254 2201 tricies

122 2243 220 2306 semel
250 2263 308 2306 nos
339 2243 476 2307 lecturos
509 2264 579 2307 esse
603 2242 838 2307 coniunctivum
869 2241 954 2325 impl.
978 2240 1018 2304 ad
1047 2239 1254 2325 praeteritum
1308 2264 1311 2286 ι

120 2354 247 2430 tempus
269 2352 479 2430 spectantem.

651 2501 723 2583 §4

223 2654 293 2719 Iam
311 2676 388 2719 vero
406 2662 576 2740 antequam
591 2656 630 2720 ad
647 2657 828 2720 Plautinum
845 2656 1057 2721 elocutionem
1077 2678 1150 2722 cum
1167 2656 1254 2722 Oios·

121 2759 253 2821 roniana
276 2758 522 2842 comparandam
540 2780 718 2842 pergamus,
741 2759 909 2823 videndum
933 2767 991 2841 ost,
1014 2761 1117 2845 qualis
1140 2761 1181 2823 sit
1199 2759 1253 2824 illa

121 2863 209 2926 notio
234 2863 396 2946 praeteriti
413 2863 611 2927 coniunctivo
627 2862 802 2948 imperfecti
818 2863 986 2927 inhaerens
1003 2871 1035 2926 ct
1052 2885 1114 2949 qua
1132 2864 1255 2927 ratione

120 2971 176 3029 aut
198 2965 325 3029 differat
347 2985 366 3027 a
389 2965 516 3048 reliquis
534 2965 620 3030 verbi
638 2966 755 3038 formis,
780 2987 861 3050 quae
876 2965 1032 3029 actionem
1049 2968 1255 3050 praeteritam

120 3068 308 3153 significant,
324 3078 381 3133 aut
397 3071 573 3153 comparari
591 3071 692 3153 possit
708 3091 778 3134 oum
795 3070 865 3133 illis.
903 3072 950 3134 Ao
965 3070 1111 3153 Draeger
1127 3069 1255 3155 quidem

121 3171 336 3254 (Historisehe
360 3172 483 3258 Syntax
507 3173 541 3236 II
564 3197 594 3258 p.
619 3173 696 3254 693)
720 3175 911 3237 coniunctivi
933 3174 1017 3238 illius
1039 3174 1178 3239 indolem
1210 3175 1255 3239 sic

121 3282 283 3340 assecutus
315 3297 384 3340 esse
421 3276 481 3339 sibi
511 3276 597 3340 visus
627 3283 691 3359 est,
723 3285 773 3356 ut,
804 3277 1056 3360 quotiescunque
1093 3277 1256 3361 legeretur

121 3377 276 3443 eiusmodi
300 3379 536 3460 coniunctivus,
567 3380 894 3463 repraesentationem
927 3400 1009 3463 quae
1043 3378 1155 3443 dicitur
1187 3380 1255 3443 fieri

120 3487 273 3546 statueret
288 3482 441 3567 temporis
459 3483 628 3566 praeteriti.
665 3483 709 3548 At
726 3483 879 3568 deceptus
895 3490 944 3547 est
959 3483 1005 3546 vir
1024 3481 1137 3546 doctus
1152 3482 1205 3545 ille
1223 3489 1255 3547 et

119 3585 177 3648 sibi
200 3585 268 3669 ipse
300 3587 491 3666 contrarius,
522 3587 638 3671 quippe
669 3587 723 3670 qui
753 3592 785 3650 et
816 3607 846 3670 p.
871 3589 932 3650 695
958 3584 1023 3650 Cic.
1052 3585 1145 3649 Verr.
1169 3584 1204 3648 ΙΙ
1238 3589 1251 3647 l

121 3686 199 3770 §31
232 3691 262 3752 si
297 3691 460 3754 voluissem
466 3739 476 3770 ,
509 3711 631 3754 uererer
662 3689 709 3753 his
740 3689 843 3753 verbis
867 3691 1095 3773 interpretatus
1118 3690 1176 3753 sit:
1206 3688 1255 3751 iclr

119 3799 234 3856 museto
257 3792 410 3874 fiirclrteu-
440 3798 471 3855 et
499 3793 538 3855 ad
564 3793 632 3859 Liv.
656 3795 707 3875 33,
732 3796 761 3867 5,
785 3795 804 3855 2
832 3799 867 3856 ut
896 3792 1022 3873 subiret,
1053 3793 1089 3855 ai
1111 3799 1171 3855 etc.
1200 3789 1254 3854 ad·

119 3897 292 3977 notaverit,
322 3896 381 3959 nisi
414 3896 614 3959 enuntiatum
644 3897 828 3981 primarium
858 3902 892 3959 ut
923 3894 1179 3960 coniunctionem
1208 3914 1256 3957 se·

120 4006 278 4082 queretur,
308 4000 430 4062 auctori
452 3999 657 4063 scribendum
680 3998 777 4062 luisse
799 3997 933 4080 subdat,
964 4000 998 4062 ni
1021 4019 1077 4083 pro
1104 4020 1140 4063 eo
1170 3998 1252 4081 quod

120 4108 167 4165 est
201 4101 334 4184 scilicet,
366 4105 409 4166 ni.
461 4101 574 4187 Neque
604 4102 670 4164 ullo
701 4101 797 4166 modo
829 4103 961 4186 cogitari
992 4106 1099 4186 potest
1130 4109 1255 4185 tempus

119 4224 268 4287 praesens
293 4207 325 4269 in
347 4206 384 4270 iis
408 4205 591 4287 enuntiatis,
613 4204 645 4269 in
671 4205 784 4289 quibus
808 4206 874 4269 sive
890 4206 1043 4270 adverbio
1058 4204 1165 4290 aliquo
1189 4204 1255 4270 sive

118 4306 279 4371 locutione
294 4309 400 4392 aliqua
415 4307 456 4372 ad
472 4307 678 4394 praeteritum
690 4309 880 4395 respiciente
896 4307 978 4375 actio
990 4306 1030 4371 ad
1047 4309 1254 4396 praeteritum
