2962 4800
737 258 805 345 [3⁶]

734 557 809 638 §a

228 752 302 815 Qun
324 749 466 802 AETATE
485 748 707 800 ssuuuuorn
727 747 864 799 uurrlo
885 745 1064 798 VENDITIO
1088 748 1218 814 NATA,
1242 752 1357 813 QUAM

325 845 420 896 LATF}
442 844 671 904 PROPAGATA,
691 842 924 902 Qusuossuuu
944 840 1151 895 INSTITUTA
1176 846 1253 897 SIT.

310 1018 341 1097 1)
367 1014 553 1079 Sacerdotis
576 1013 734 1076 vendendi
757 1013 1017 1077 consuetudinem
1042 1035 1118 1077 cum
1139 1036 1186 1079 ex
1213 1023 1378 1085 omnibus

205 1128 347 1185 veterum
370 1118 576 1201 scriptoribus
607 1117 712 1194 unus¹‚
743 1117 796 1200 qui
829 1115 975 1199 Augusto
1007 1116 1139 1180 demum
1177 1122 1376 1207 imperante

205 1225 321 1293 floruit,
340 1220 511 1284 memoriae
528 1219 700 1304 prodiderit
723 1229 754 1282 et
778 1222 808 1281 in
833 1219 1078 1303 interpretandis
1098 1225 1268 1289 omnibus
1286 1250 1376 1312 quae

206 1328 268 1390 huc
291 1328 449 1409 pertinent
478 1323 733 1408 inscriptionibus
760 1330 833 1407 post
858 1322 1034 1386 Alexandri
1060 1324 1178 1408 Magni
1215 1338 1375 1416 tempora

204 1430 327 1510 scriptis
352 1437 417 1492 tum
441 1428 567 1491 demum
591 1426 715 1489 venelia
738 1427 914 1491 sacerdotia
936 1427 1020 1491 facta
1047 1449 1120 1491 esse
1150 1430 1375 1498 demonstra·

206 1533 368 1610 verimusQ,
393 1554 453 1595 non
471 1540 546 1594 ante
562 1529 782 1593 Alexandrum
806 1531 1070 1593 consuetudinem
1093 1532 1188 1597 iliam
1216 1540 1374 1602 valuisse

206 1635 372 1699 contendo.
412 1634 485 1698 Hoc
509 1642 631 1696 tanturn
655 1655 715 1697 non
740 1635 876 1696 clamant
892 1634 1069 1718 Erythraea
1089 1658 1201 1717 sacra,
1221 1662 1371 1724 quorum

205 1740 341 1823 piurima
365 1746 439 1801 tunc
461 1739 575 1822 ipsum,
600 1759 669 1799 eum
691 1736 783 1800 indici
802 1737 1003 1816 adderentur,
1028 1738 1157 1800 venalia
1178 1739 1277 1806 faeta
1296 1766 1373 1808 esse

205 1844 315 1924 negari
338 1843 455 1924 nequit.
499 1840 611 1924 Neque
635 1840 690 1902 ulli
713 1841 765 1903 aiii
788 1861 903 1904 causae
927 1840 1020 1903 tribui
1045 1847 1165 1922 potest,
1195 1845 1293 1926 quod
1321 1854 1372 1909 tot

206 1944 385 2008 sacerdotia
410 1955 475 2006 tam
501 1945 591 2006 brevi
614 1946 761 2028 temporis
784 1945 887 2026 spatio
914 1944 1089 2007 venierunt.
1137 1943 1232 2016 Quin
1262 1952 1369 2012 etiarn

208 2048 349 2130 exceptis
386 2046 577 2122 Ἀπόλλωνος
612 2046 817 2122 rtemann-'affl
851 2053 913 2108 κτλ.
946 2054 976 2109 et
1007 2045 1198 2128 Ἀφροδίτης
1237 2057 1298 2131 τῆς
1334 2050 1370 2114 ἐν

207 2149 370 2236 'Epepdrpt
399 2148 582 2212 sacerdotiis
614 2152 644 2212 in
677 2150 769 2211 titulo
799 2149 845 2212 lv
872 2152 973 2213 inesse
997 2157 1073 2233 puto
1098 2148 1245 2232 nullum,
1272 2154 1366 2237 quod

206 2275 269 2316 non
295 2255 428 2337 primum
452 2254 592 2316 venierit.
640 2253 742 2325 Quam
765 2253 797 2315 in
829 2255 1017 2316 sententiam
1047 2251 1096 2313 vei
1130 2257 1285 2319 maxime
1324 2280 1366 2321 eo

206 2358 400 2429 adducimur,
433 2356 517 2439 quod
547 2358 577 2418 in
608 2365 744 2439 utroque
773 2356 857 2439 quod
882 2355 977 2419 modo
1004 2354 1140 2417 indicavi
1164 2361 1366 2424 sacerdotio

207 2462 274 2522 eius
298 2461 415 2522 mentio
439 2460 492 2537 fit,
526 2459 579 2541 qui
609 2467 703 2521 antea
727 2457 938 2521 sacerdotium
964 2456 1107 2521 emerat5,
1156 2456 1245 2522 Cum
1271 2466 1365 2526 eninr

205 2566 236 2626 in
260 2564 372 2626 ceteris
397 2562 564 2646 Erythraei
589 2562 671 2624 tituli
695 2562 879 2625 sacerdotiis
909 2563 1191 2645 praedecessorum
1221 2568 1365 2630 nomina

206 2665 322 2726 omissa
350 2667 420 2743 sint,
455 2667 532 2727 baec
560 2666 666 2727 ornniu
698 2666 833 2747 primunr
864 2665 1000 2728 veniisse
1032 2685 1164 2727 necesse
1198 2665 1275 2731 fere
1312 2678 1365 2733 est

207 2767 427 2832 concedamus.

310 2890 345 2966 2)
369 2887 555 2951 Sacerdotis
579 2888 738 2951 vendendi
762 2888 1025 2951 consuetudinem
1047 2906 1111 2948 non
1132 2887 1231 2951 unius
1260 2891 1361 2956 Hali·

206 2993 435 3053 carnassiorum
461 2992 651 3074 reipublicae
674 2992 835 3075 propriam
858 2992 955 3054 fuisse
979 3012 1037 3054 nec
1061 2998 1184 3054 tantum
1209 2991 1245 3054 in
1275 2995 1361 3059 civi·

206 3092 324 3154 tatibus
348 3094 472 3154 Asianis
497 3094 656 3176 Asiaeque
679 3095 828 3172 finitimis,
852 3093 908 3156 sed
925 3095 1019 3156 etiarn
1035 3094 1065 3155 in
1081 3093 1192 3154 insulis
1214 3097 1359 3178 quibus-

205 3196 275 3258 dam
311 3217 409 3280 prope
433 3195 573 3258 Attioam
604 3196 671 3259 sitis
696 3197 844 3258 usitatam
874 3196 973 3259 fuisse
1003 3195 1083 3258 tituli
1114 3192 1360 3266 demonstrant.

207 3300 296 3372 Quae
319 3298 486 3361 sacerdotii
519 3300 637 3381 emptio
664 3298 815 3376 venditio,
846 3320 915 3361 eum
947 3301 977 3361 in
1009 3297 1138 3361 urbibus
1170 3307 1203 3361 et
1239 3300 1358 3368 Dor-iis

207 3410 238 3465 et
252 3401 348 3463 Ioniis
362 3401 460 3464 isdem
476 3402 542 3464 fere
555 3402 752 3484 temporibus
764 3403 906 3465 floruerit
923 3422 1025 3484 neque
1039 3400 1206 3463 Graeciam
1222 3402 1359 3486 ipsam⁶

207 3568 412 3575 ..m-„W

312 3681 320 3713 ¹
341 3678 375 3731 cf.
395 3696 420 3745 p.
439 3681 463 3730 4.

310 3783 320 3814 ²
341 3781 374 3831 ct.
394 3797 419 3846 p.
438 3780 462 3832 9.

310 3884 371 3935 ⁸ci.
391 3885 433 3935 tit.
454 3885 492 3936 IV
513 3902 537 3935 r.
559 3884 591 3936 19
609 3901 668 3952 sqq.

309 3986 372 4038 tci.
393 3988 408 4037 l.
429 4004 451 4037 e.
471 4002 497 4038 r,
515 3987 550 4038 tn
568 4005 607 4053 sq.

309 4090 319 4123 ⁵
338 4090 372 4141 ci.
394 4105 416 4139 r.
438 4088 468 4140 u
488 4106 529 4156 sq.
547 4092 578 4143 di
600 4107 640 4158 sq,

308 4192 518 4243 ‘Athenienses
547 4193 655 4260 quidem
683 4210 757 4243 more
786 4194 833 4244 ἰΙΙο
862 4194 970 4245 omnino
998 4192 1116 4244 caruisse
1145 4204 1269 4252 constat.
1311 4202 1356 4260 cf,

207 4278 314 4332 Mariba
334 4278 350 4328 Ι.
370 4293 392 4328 c.
413 4293 440 4342 p.
457 4276 499 4340 rc,
517 4277 542 4327 o.
