2956 4822
204 303 246 364 46
726 295 818 380 [284]

135 550 138 556 .
205 491 363 556 Pindarus
385 513 421 556 se
444 491 549 576 ipsum
571 488 733 572 admonet,
756 497 792 554 ut
813 491 908 575 longe
931 492 1090 556 iaculante
1108 491 1272 559 Musarum
1297 495 1339 560 ab

206 617 284 660 arcu
306 600 339 661 et
360 595 470 661 Iouem
493 595 590 659 rutila
611 594 828 679 fulgurantem
851 601 884 659 et
908 594 1122 661 venerandum
1143 597 1245 662 Elidis
1266 619 1339 665 ver-

204 701 298 765 ticem
321 703 449 764 τοιοῖσδε
468 696 608 781 βέλεσσιν
630 697 800 782 impertiat.
839 697 903 762 Sed
925 719 997 763 cum
1013 701 1114 765 victor
1129 701 1339 769 celebrandus

204 805 267 870 iam
290 809 386 869 antea
412 804 444 866 in
467 803 635 887 Delphicis
659 802 884 868 certaminibus
907 823 1057 869 coronam
1081 806 1218 890 adeptus
1241 816 1337 892 esset,

203 914 298 994 poeta
320 928 448 972 carmen
472 928 566 972 suum
588 907 621 970 in
642 905 725 970 hanc
748 926 877 991 quoque
893 907 1059 972 victoriam
1076 907 1211 994 dirigere
1228 911 1337 996 voluit,

203 1013 236 1078 id
259 1012 344 1098 quod
368 1013 400 1077 in
422 1035 454 1077 v.
480 1015 515 1075 ll
546 1012 592 1075 ita
614 1011 778 1096 exprimit:
810 1012 842 1075 iu
866 1010 980 1079 urbem
1002 1011 1178 1098 Pythonem
1210 1035 1339 1101 quoque

203 1114 367 1199 πτερόεντα
388 1113 498 1199 γλυκὺν
518 1113 621 1180 ὀϊστόν
635 1137 670 1181 se
686 1116 855 1181 missurum
870 1137 949 1182 esse.
984 1116 1107 1181 Verum
1124 1120 1220 1182 etiam
1235 1121 1339 1205 patria

203 1220 278 1286 urbs
300 1219 428 1284 victoris
450 1219 546 1285 laude
569 1226 637 1284 erat
669 1219 812 1285 ornanda
843 1241 978 1306 eamque
1009 1222 1049 1286 ob
1081 1242 1149 1286 rem
1178 1223 1210 1286 in
1243 1244 1272 1290 v.
1296 1227 1334 1290 21

206 1333 239 1391 at
260 1345 350 1410 seqq.
372 1323 427 1388 ille
449 1322 611 1409 praedicat
637 1323 705 1389 lore
729 1331 765 1388 ut
788 1345 896 1389 caram
917 1324 1030 1389 urbem
1050 1331 1197 1409 μαλεραῖς
1220 1324 1338 1407 ἀοιδαῖς

204 1427 365 1491 illustrans
405 1425 620 1501 uelocissimo¹
647 1428 804 1511 poematis
841 1428 953 1492 nuntio
996 1427 1063 1492 eius
1100 1430 1236 1513 gloriam
1273 1432 1337 1498 late

204 1536 343 1616 spargat.
388 1529 458 1595 Nec
486 1530 588 1594 minus
618 1530 765 1596 sollerter
787 1530 947 1596 Pindarus
977 1532 1009 1596 in
1039 1533 1176 1599 carmine
1199 1534 1335 1620 Pythice
1410 1597 1415 1607 .

204 1635 304 1700 altero
340 1634 529 1700 vocabulum
562 1631 654 1715 μέλος
687 1635 830 1700 variavit.
884 1633 966 1699 Nam
999 1642 1169 1722 postquam
1201 1638 1235 1702 in
1263 1644 1337 1706 md

204 1740 379 1826 Syracusis,
402 1738 553 1804 Hieronis
575 1740 660 1823 regis
685 1739 766 1821 urbi,
789 1760 824 1804 se
848 1736 918 1803 τόδε
939 1737 1032 1819 μέλος
1052 1740 1172 1805 Thebis
1196 1764 1237 1807 ex
1258 1745 1338 1810 urbe

204 1851 374 1930 apportare
397 1843 630 1927 pronuntiavit,
662 1843 694 1907 in
725 1863 755 1909 u.
783 1842 908 1907 13-14
936 1843 1007 1908 aliis
1036 1845 1163 1929 regibus
1195 1846 1237 1911 ab
1267 1848 1337 1913 aliis

203 1949 305 2036 poetis
328 1954 461 2033 propter
482 1948 617 2012 virtutes
641 1944 755 2031 εὐαχέα
787 1946 883 2028 ὕμνον
905 1948 1018 2013 confici
1047 1948 1099 2012 ait.
1143 1946 1212 2015 Nec
1234 1951 1337 2016 miuus

204 2053 236 2116 iu
259 2074 289 2116 v.
316 2056 354 2116 16
377 2055 479 2137 φᾶμαι
502 2052 661 2133 Κυπρίων,
692 2072 774 2136 quae
804 2050 844 2115 de
867 2049 984 2135 Cinyra
1009 2049 1146 2118 Veneris
1172 2054 1339 2120 sacerdote

205 2177 303 2242 saepe
324 2155 535 2236 resonabant,
568 2156 708 2220 carmina
733 2154 950 2239 intellegenda
971 2161 1061 2236 sunt,
1092 2156 1206 2241 quibus
1230 2157 1340 2244 Cyprii

205 2259 288 2324 illius
320 2259 403 2343 regis
434 2259 544 2325 laudes
580 2259 793 2324 celebrabant.
844 2258 970 2323 Deinde
1006 2278 1077 2323 cum
1110 2259 1142 2324 in
1173 2284 1202 2327 r.
1226 2265 1268 2327 68
1297 2264 1338 2328 ad

205 2363 456 2449 appellationem
471 2361 564 2444 μέλος
578 2362 718 2446 redierit,
733 2364 879 2448 proximo
896 2362 927 2426 in
944 2383 1039 2427 versu
1054 2371 1151 2448 poeta
1163 2364 1337 2433 Hieronem

204 2466 368 2548 admonet,
392 2475 427 2533 ut
450 2467 640 2549 Καστόρειον
662 2474 768 2534 mente
791 2476 913 2554 spectet
936 2468 1112 2552 benevola,
1136 2470 1190 2533 ubi
1214 2470 1338 2535 Καστό-

204 2596 284 2654 ρειον
306 2578 392 2636 certe
416 2592 540 2636 carmen
564 2577 626 2650 est,
658 2573 727 2636 sive
758 2572 820 2638 hoo
849 2573 970 2657 ipsum,
1002 2571 1033 2636 iu
1066 2593 1129 2658 quo
1161 2595 1338 2656 vereamur,

203 2675 269 2740 aive
302 2676 439 2741 alterum
475 2697 540 2741 una
576 2697 647 2740 cum
687 2676 748 2742 hoc
781 2675 914 2741 Hieroni
948 2677 1088 2741 missum.
1149 2663 1339 2760 Καστόρειος

205 2779 290 2843 enim
315 2778 488 2843 vocabatur
511 2785 616 2845 certus
638 2800 752 2843 nomus
776 2784 936 2864 equester,
959 2800 1054 2864 quem
1073 2800 1186 2844 nomen
1201 2783 1339 2847 traxisse
1382 2800 1386 2809 ·

205 2882 372 2948 sCastore
387 2883 591 2948 celeberrimo
607 2885 716 2968 equite
731 2883 798 2967 ipse
809 2882 967 2947 Pindarus
983 2889 1120 2948 testatur
1132 2883 1273 2948 Isthml
1289 2889 1338 2966 14,

204 2987 259 3052 ubi
286 2987 436 3053 victorem
467 2988 607 3052 curulem
633 2985 651 3069 ἢ
677 2987 856 3074 Καστορείῳ
886 2983 905 3069 ἢ
939 2984 1049 3051 Ἰολάοι’
1078 2986 1166 3076 ὕμνῳ
1197 2989 1338 3080 elaturus

205 3114 334 3159 causam
356 3091 453 3156 adicit
474 3091 571 3156 hano:
600 3096 687 3156 κεῖνοι
710 3089 768 3172 γαρ
790 3088 901 3173 ἡρώιον
923 3090 1106 3176 διφρηλάται
1130 3092 1339 3172 Λακεδαίμονι

205 3199 253 3261 καὶ
272 3192 389 3278 Θήβαις
411 3193 583 3260 ἐτέκνωθεν
603 3193 766 3275 κράτιστοι.
803 3195 917 3281 Itaque
939 3196 1033 3260 etiam
1057 3218 1103 3273 ea,
1128 3217 1222 3281 quam
1239 3195 1338 3264 Hiero

204 3302 236 3365 in
252 3301 395 3386 Pythicis
417 3299 642 3365 certaminibus
662 3320 757 3364 curru
773 3299 908 3385 adeptus
926 3308 1006 3383 erat,
1029 3300 1160 3364 victoria
1175 3300 1339 3385 aptissime

206 3407 390 3492 Καστορείῳ
413 3405 643 3469 celebrabatur.

307 3509 390 3573 Item
413 3508 571 3574 Nemeaei
594 3508 739 3573 carminis
763 3508 866 3595 quarti
886 3508 918 3572 in
934 3529 965 3572 u.
982 3510 1066 3573 2-3
1083 3508 1232 3587 carmina,
1256 3527 1339 3591 quae

205 3612 350 3677 homines
366 3613 475 3677 labore
490 3613 641 3697 fatigatos
657 3615 843 3679 suavissime
859 3613 1035 3695 deleniunt‚
1056 3611 1088 3676 αἱ
1103 3614 1196 3696 σοφαὶ
1212 3616 1340 3676 Μοισᾶν

205 3714 360 3799 θύγατρες
381 3715 484 3780 ἀοιδαί
504 3718 719 3784 nominantur.
764 3718 833 3782 Nec
856 3719 959 3783 minus
982 3719 1013 3781 iu
1038 3738 1067 3782 v.
1092 3720 1110 3780 6
1134 3716 1231 3799 ῥῆμα,
1255 3715 1340 3801 quod
1393 3726 1395 3728 ’

205 3820 386 3885 Gratiarum
410 3843 470 3906 ope
494 3822 712 3905 excogitatum
734 3822 826 3886 lactis
848 3822 888 3886 sit
919 3828 1096 3906 superstes,
1129 3827 1338 3903 ammoneat,

207 3946 270 4010 quo
292 3946 356 3989 uno
380 3946 431 3988 res
454 3925 583 4009 egregie
613 3935 724 4011 gestae
755 3927 795 3990 ad
823 3935 968 4010 posteros
997 3924 1340 4010 possunt-propagari.

207 4030 270 4094 Sed
295 4035 466 4116 postquam
490 4031 521 4093 in
544 4051 573 4093 u.
593 4034 626 4094 ll
655 4031 735 4095 haec
757 4030 796 4096 de
818 4032 991 4095 carminum
1008 4027 1214 4111 epiniciorum
1229 4029 1340 4091 iucun-

206 4131 307 4199 ditate
331 4139 362 4196 et
385 4135 581 4216 praestantia
605 4133 689 4197 dicta
712 4155 768 4219 pro
793 4134 924 4199 exordio
946 4131 1044 4211 ὕμνου
1060 4153 1079 4194 a
1094 4152 1128 4195 se
1145 4131 1253 4195 oblata
1269 4152 1340 4195 esse

208 4250 305 4320 poeta
327 4236 430 4301 lassus
455 4245 519 4321 est,
549 4238 580 4301 in
605 4258 632 4302 v.
661 4239 699 4301 15
722 4245 827 4323 optat,
858 4245 893 4301 ut
920 4237 1045 4301 victoris
1068 4245 1159 4321 pater
1182 4233 1288 4298 adhuc
1310 4237 1342 4299 in

207 4342 284 4410 uiuis
305 4343 345 4406 sit
368 4349 399 4405 et
421 4345 499 4431 τῷδε
514 4340 598 4423 μέλει
620 4346 736 4420 κλιθεὶς
758 4344 778 4407 i.
795 4365 822 4409 e.
840 4342 900 4408 hoc
915 4340 1045 4407 Pindari
1061 4361 1189 4407 carmen
1205 4347 1337 4406 cantans
