<?xml version="1.0" encoding="UTF-8"?>
<!DOCTYPE html PUBLIC "-//W3C//DTD XHTML 1.0 Transitional//EN"
    "http://www.w3.org/TR/xhtml1/DTD/xhtml1-transitional.dtd">
<html xmlns="http://www.w3.org/1999/xhtml" xml:lang="en" lang="en">
 <head>
  <title>
</title>
<meta http-equiv="Content-Type" content="text/html;charset=utf-8" />
  <meta name='ocr-system' content='tesseract 3.04.00' />
  <meta name='ocr-capabilities' content='ocr_page ocr_carea ocr_par ocr_line ocrx_word'/>
</head>
<body>
  <div class='ocr_page' id='page_1' title='image "./dissertationesp00stragoog/dissertationesp00stragoog_0801.png"; bbox 0 0 2962 4800; ppageno 0'>
   <div class='ocr_carea' id='block_1_1' title="bbox 241 267 842 350">
    <p class='ocr_par' dir='ltr' id='par_1_1' title="bbox 241 267 842 350">
     <span class='ocr_line' id='line_1_1' title="bbox 241 267 842 350; baseline -0.003 -16"><span class='ocrx_word' id='word_1_1' title='bbox 241 274 282 336; x_wconf 84' lang='lat'><strong>28</strong></span> <span class='ocrx_word' id='word_1_2' title='bbox 774 267 842 350; x_wconf 82' lang='lat'>[84]</span> 
     </span>
    </p>
   </div>
   <div class='ocr_carea' id='block_1_2' title="bbox 239 463 1397 4404">
    <p class='ocr_par' dir='ltr' id='par_1_2' title="bbox 239 463 1397 3358">
     <span class='ocr_line' id='line_1_2' title="bbox 242 463 1397 549; baseline 0.001 -21"><span class='ocrx_word' id='word_1_3' title='bbox 242 472 385 549; x_wconf 87' lang='lat' dir='ltr'><strong>ternpore</strong></span> <span class='ocrx_word' id='word_1_4' title='bbox 420 471 626 546; x_wconf 79' lang='lat' dir='ltr'>usurparetur</span> <span class='ocrx_word' id='word_1_5' title='bbox 661 471 693 525; x_wconf 90' lang='lat' dir='ltr'><strong>et</strong></span> <span class='ocrx_word' id='word_1_6' title='bbox 725 463 943 526; x_wconf 83' lang='lat' dir='ltr'><strong>coniunctivus</strong></span> <span class='ocrx_word' id='word_1_7' title='bbox 975 463 1295 547; x_wconf 83' lang='lat' dir='ltr'><strong>plusquamperfecti</strong></span> <span class='ocrx_word' id='word_1_8' title='bbox 1330 487 1397 529; x_wconf 90' lang='lat' dir='ltr'><strong>om·</strong></span> 
     </span>
     <span class='ocr_line' id='line_1_3' title="bbox 241 565 1392 652; baseline 0.003 -22"><span class='ocrx_word' id='word_1_9' title='bbox 241 569 315 631; x_wconf 91' lang='lat' dir='ltr'><strong>nino</strong></span> <span class='ocrx_word' id='word_1_10' title='bbox 348 565 535 651; x_wconf 86' lang='lat' dir='ltr'><strong>praeteritas</strong></span> <span class='ocrx_word' id='word_1_11' title='bbox 566 566 708 629; x_wconf 87' lang='lat' dir='ltr'><strong>actiones</strong></span> <span class='ocrx_word' id='word_1_12' title='bbox 740 566 917 649; x_wconf 74' lang='lat' dir='ltr'><strong>exprimere</strong></span> <span class='ocrx_word' id='word_1_13' title='bbox 951 574 1076 650; x_wconf 90' lang='lat' dir='ltr'><strong>posset,</strong></span> <span class='ocrx_word' id='word_1_14' title='bbox 1111 567 1185 631; x_wconf 88' lang='lat' dir='ltr'><strong>sive</strong></span> <span class='ocrx_word' id='word_1_15' title='bbox 1221 569 1392 652; x_wconf 81' lang='lat' dir='ltr'><strong>perfectas</strong></span> 
     </span>
     <span class='ocr_line' id='line_1_4' title="bbox 240 670 1392 755; baseline 0.003 -21"><span class='ocrx_word' id='word_1_16' title='bbox 240 672 307 735; x_wconf 88' lang='lat' dir='ltr'><strong>sive</strong></span> <span class='ocrx_word' id='word_1_17' title='bbox 323 693 386 735; x_wconf 90' lang='lat' dir='ltr'><strong>nen</strong></span> <span class='ocrx_word' id='word_1_18' title='bbox 410 671 576 755; x_wconf 85' lang='lat' dir='ltr'><strong>perfectas.</strong></span> <span class='ocrx_word' id='word_1_19' title='bbox 620 670 711 734; x_wconf 90' lang='lat' dir='ltr'><strong>Haec</strong></span> <span class='ocrx_word' id='word_1_20' title='bbox 733 680 839 734; x_wconf 88' lang='lat' dir='ltr'><strong>autem</strong></span> <span class='ocrx_word' id='word_1_21' title='bbox 863 670 1167 755; x_wconf 83' lang='lat' dir='ltr'><strong>plusquamperfecti</strong></span> <span class='ocrx_word' id='word_1_22' title='bbox 1194 694 1277 736; x_wconf 90' lang='lat' dir='ltr'><strong>usus</strong></span> <span class='ocrx_word' id='word_1_23' title='bbox 1304 696 1392 737; x_wconf 90' lang='lat' dir='ltr'><strong>corn·</strong></span> 
     </span>
     <span class='ocr_line' id='line_1_5' title="bbox 239 775 1386 859; baseline 0.002 -20"><span class='ocrx_word' id='word_1_24' title='bbox 239 776 371 839; x_wconf 91' lang='lat' dir='ltr'><strong>mutatio</strong></span> <span class='ocrx_word' id='word_1_25' title='bbox 396 775 519 839; x_wconf 93' lang='lat' dir='ltr'><strong>duabus</strong></span> <span class='ocrx_word' id='word_1_26' title='bbox 552 783 713 859; x_wconf 79' lang='lat' dir='ltr'>tamquam</span> <span class='ocrx_word' id='word_1_27' title='bbox 744 775 801 838; x_wconf 92' lang='lat' dir='ltr'><strong>viis</strong></span> <span class='ocrx_word' id='word_1_28' title='bbox 830 795 997 857; x_wconf 88' lang='lat' dir='ltr'><strong>progressa</strong></span> <span class='ocrx_word' id='word_1_29' title='bbox 1028 795 1099 838; x_wconf 87' lang='lat' dir='ltr'><strong>esse</strong></span> <span class='ocrx_word' id='word_1_30' title='bbox 1130 775 1211 839; x_wconf 88' lang='lat' dir='ltr'><strong>mibi</strong></span> <span class='ocrx_word' id='word_1_31' title='bbox 1244 777 1386 842; x_wconf 80' lang='lat' dir='ltr'><strong>videtur.</strong></span> 
     </span>
     <span class='ocr_line' id='line_1_6' title="bbox 241 879 1387 964; baseline 0.001 -21"><span class='ocrx_word' id='word_1_32' title='bbox 241 880 381 943; x_wconf 89' lang='lat' dir='ltr'><strong>Primum</strong></span> <span class='ocrx_word' id='word_1_33' title='bbox 419 880 503 943; x_wconf 88' lang='lat' dir='ltr'><strong>euim</strong></span> <span class='ocrx_word' id='word_1_34' title='bbox 539 879 703 943; x_wconf 88' lang='lat' dir='ltr'><strong>enuntiata</strong></span> <span class='ocrx_word' id='word_1_35' title='bbox 737 880 812 942; x_wconf 91' lang='lat' dir='ltr'><strong>talia</strong></span> <span class='ocrx_word' id='word_1_36' title='bbox 845 880 939 962; x_wconf 90' lang='lat' dir='ltr'><strong>quale</strong></span> <span class='ocrx_word' id='word_1_37' title='bbox 976 879 1052 942; x_wconf 91' lang='lat' dir='ltr'><strong>illud</strong></span> <span class='ocrx_word' id='word_1_38' title='bbox 1091 886 1153 944; x_wconf 91' lang='lat' dir='ltr'><strong>est:</strong></span> <span class='ocrx_word' id='word_1_39' title='bbox 1195 882 1225 944; x_wconf 83' lang='lat' dir='ltr'><strong>si</strong></span> <span class='ocrx_word' id='word_1_40' title='bbox 1254 882 1387 964; x_wconf 81' lang='lat' dir='ltr'><strong>fecerit,</strong></span> 
     </span>
     <span class='ocr_line' id='line_1_7' title="bbox 240 984 1386 1068; baseline 0.003 -21"><span class='ocrx_word' id='word_1_41' title='bbox 240 984 308 1047; x_wconf 82' lang='lat' dir='ltr'><strong>dem</strong></span> <span class='ocrx_word' id='word_1_42' title='bbox 337 984 430 1048; x_wconf 91' lang='lat' dir='ltr'><strong>modo</strong></span> <span class='ocrx_word' id='word_1_43' title='bbox 461 984 520 1046; x_wconf 91' lang='lat' dir='ltr'><strong>hoc</strong></span> <span class='ocrx_word' id='word_1_44' title='bbox 552 984 730 1066; x_wconf 84' lang='lat' dir='ltr'><strong>significare</strong></span> <span class='ocrx_word' id='word_1_45' title='bbox 768 991 933 1068; x_wconf 90' lang='lat' dir='ltr'><strong>poterant:</strong></span> <span class='ocrx_word' id='word_1_46' title='bbox 967 986 996 1055; x_wconf 80' lang='lat' dir='ltr'><strong>si</strong></span> <span class='ocrx_word' id='word_1_47' title='bbox 1027 985 1114 1063; x_wconf 81' lang='lat' dir='ltr'><strong>forte</strong></span> <span class='ocrx_word' id='word_1_48' title='bbox 1147 985 1194 1049; x_wconf 82' lang='lat' dir='ltr'><strong>itu</strong></span> <span class='ocrx_word' id='word_1_49' title='bbox 1230 1008 1287 1050; x_wconf 85' lang='lat' dir='ltr'><strong>res</strong></span> <span class='ocrx_word' id='word_1_50' title='bbox 1323 1008 1386 1051; x_wconf 85' lang='lat' dir='ltr'><strong>sese</strong></span> 
     </span>
     <span class='ocr_line' id='line_1_8' title="bbox 239 1088 1385 1173; baseline 0.002 -20"><span class='ocrx_word' id='word_1_51' title='bbox 239 1088 338 1169; x_wconf 74' lang='lat' dir='ltr'><strong>lubet,</strong></span> <span class='ocrx_word' id='word_1_52' title='bbox 370 1095 404 1152; x_wconf 85' lang='lat' dir='ltr'><strong>ut</strong></span> <span class='ocrx_word' id='word_1_53' title='bbox 422 1089 546 1171; x_wconf 79' lang='lat' dir='ltr'><strong>feccrit,</strong></span> <span class='ocrx_word' id='word_1_54' title='bbox 573 1096 638 1152; x_wconf 84' lang='lat' dir='ltr'><strong>tam</strong></span> <span class='ocrx_word' id='word_1_55' title='bbox 661 1109 716 1171; x_wconf 77' lang='lat' dir='ltr'><strong>epo</strong></span> <span class='ocrx_word' id='word_1_56' title='bbox 745 1089 795 1169; x_wconf 85' lang='lat' dir='ltr'><strong>do,</strong></span> <span class='ocrx_word' id='word_1_57' title='bbox 828 1091 877 1152; x_wconf 85' lang='lat' dir='ltr'><strong>vel</strong></span> <span class='ocrx_word' id='word_1_58' title='bbox 908 1091 937 1153; x_wconf 82' lang='lat' dir='ltr'><strong>si</strong></span> <span class='ocrx_word' id='word_1_59' title='bbox 958 1110 1008 1152; x_wconf 85' lang='lat' dir='ltr'><strong>res</strong></span> <span class='ocrx_word' id='word_1_60' title='bbox 1030 1091 1075 1153; x_wconf 89' lang='lat' dir='ltr'><strong>ita</strong></span> <span class='ocrx_word' id='word_1_61' title='bbox 1107 1110 1138 1153; x_wconf 88' lang='lat' dir='ltr'><strong>sc</strong></span> <span class='ocrx_word' id='word_1_62' title='bbox 1167 1090 1302 1155; x_wconf 72' lang='lat' dir='ltr'><strong>liaberet</strong></span> <span class='ocrx_word' id='word_1_63' title='bbox 1334 1094 1385 1173; x_wconf 76' lang='lat' dir='ltr'><strong>[re</strong></span> 
     </span>
     <span class='ocr_line' id='line_1_9' title="bbox 239 1191 1383 1276; baseline 0.002 -20"><span class='ocrx_word' id='word_1_64' title='bbox 239 1205 445 1258; x_wconf 84' lang='lat' dir='ltr'><strong>veraautem</strong></span> <span class='ocrx_word' id='word_1_65' title='bbox 470 1193 601 1257; x_wconf 90' lang='lat' dir='ltr'><strong>nonita</strong></span> <span class='ocrx_word' id='word_1_66' title='bbox 633 1214 666 1257; x_wconf 91' lang='lat' dir='ltr'><strong>se</strong></span> <span class='ocrx_word' id='word_1_67' title='bbox 698 1191 812 1275; x_wconf 87' lang='lat' dir='ltr'><strong>habet)</strong></span> <span class='ocrx_word' id='word_1_68' title='bbox 842 1200 876 1256; x_wconf 82' lang='lat' dir='ltr'><strong>ut</strong></span> <span class='ocrx_word' id='word_1_69' title='bbox 898 1192 1037 1276; x_wconf 78' lang='lat' dir='ltr'><strong>fecisset,</strong></span> <span class='ocrx_word' id='word_1_70' title='bbox 1069 1195 1116 1257; x_wconf 83' lang='lat' dir='ltr'><strong>cel</strong></span> <span class='ocrx_word' id='word_1_71' title='bbox 1136 1193 1284 1276; x_wconf 79' lang='lat' dir='ltr'><strong>feceret,</strong></span> <span class='ocrx_word' id='word_1_72' title='bbox 1317 1204 1383 1260; x_wconf 78' lang='lat' dir='ltr'><strong>trem</strong></span> 
     </span>
     <span class='ocr_line' id='line_1_10' title="bbox 240 1296 1382 1382; baseline 0.002 -21"><span class='ocrx_word' id='word_1_73' title='bbox 240 1318 295 1382; x_wconf 77' lang='lat' dir='ltr'><strong>epo</strong></span> <span class='ocrx_word' id='word_1_74' title='bbox 318 1298 444 1374; x_wconf 80' lang='lat' dir='ltr'><strong>darem3</strong></span> <span class='ocrx_word' id='word_1_75' title='bbox 468 1296 563 1360; x_wconf 91' lang='lat' dir='ltr'><strong>modo</strong></span> <span class='ocrx_word' id='word_1_76' title='bbox 586 1297 685 1361; x_wconf 89' lang='lat' dir='ltr'><strong>futuri</strong></span> <span class='ocrx_word' id='word_1_77' title='bbox 708 1318 836 1382; x_wconf 91' lang='lat' dir='ltr'><strong>quoque</strong></span> <span class='ocrx_word' id='word_1_78' title='bbox 862 1297 949 1361; x_wconf 93' lang='lat' dir='ltr'><strong>notio</strong></span> <span class='ocrx_word' id='word_1_79' title='bbox 979 1297 1147 1361; x_wconf 83' lang='lat' dir='ltr'><strong>immisceri</strong></span> <span class='ocrx_word' id='word_1_80' title='bbox 1179 1307 1307 1382; x_wconf 87' lang='lat' dir='ltr'><strong>potest,</strong></span> <span class='ocrx_word' id='word_1_81' title='bbox 1336 1301 1382 1362; x_wconf 88' lang='lat' dir='ltr'><strong>ita</strong></span> 
     </span>
     <span class='ocr_line' id='line_1_11' title="bbox 241 1400 1381 1486; baseline 0.002 -23"><span class='ocrx_word' id='word_1_82' title='bbox 241 1409 277 1465; x_wconf 94' lang='lat' dir='ltr'><strong>ut</strong></span> <span class='ocrx_word' id='word_1_83' title='bbox 300 1401 399 1465; x_wconf 88' lang='lat' dir='ltr'><strong>verba</strong></span> <span class='ocrx_word' id='word_1_84' title='bbox 422 1403 450 1466; x_wconf 86' lang='lat' dir='ltr'><strong>si</strong></span> <span class='ocrx_word' id='word_1_85' title='bbox 468 1400 592 1484; x_wconf 85' lang='lat' dir='ltr'><strong>fecerit,</strong></span> <span class='ocrx_word' id='word_1_86' title='bbox 616 1400 683 1464; x_wconf 85' lang='lat' dir='ltr'><strong>dem</strong></span> <span class='ocrx_word' id='word_1_87' title='bbox 707 1401 901 1486; x_wconf 85' lang='lat' dir='ltr'><strong>significent:</strong></span> <span class='ocrx_word' id='word_1_88' title='bbox 932 1403 961 1465; x_wconf 85' lang='lat' dir='ltr'><strong>si</strong></span> <span class='ocrx_word' id='word_1_89' title='bbox 978 1401 1051 1483; x_wconf 86' lang='lat' dir='ltr'><strong>fors</strong></span> <span class='ocrx_word' id='word_1_90' title='bbox 1065 1401 1164 1485; x_wconf 86' lang='lat' dir='ltr'><strong>feret,</strong></span> <span class='ocrx_word' id='word_1_91' title='bbox 1196 1409 1231 1466; x_wconf 81' lang='lat' dir='ltr'><strong>et</strong></span> <span class='ocrx_word' id='word_1_92' title='bbox 1253 1405 1381 1485; x_wconf 80' lang='lat' dir='ltr'><strong>fecerit,</strong></span> 
     </span>
     <span class='ocr_line' id='line_1_12' title="bbox 240 1502 1381 1591; baseline 0.001 -22"><span class='ocrx_word' id='word_1_93' title='bbox 240 1514 306 1569; x_wconf 80' lang='lat' dir='ltr'><strong>true</strong></span> <span class='ocrx_word' id='word_1_94' title='bbox 328 1527 383 1591; x_wconf 76' lang='lat' dir='ltr'><strong>epo</strong></span> <span class='ocrx_word' id='word_1_95' title='bbox 405 1505 494 1569; x_wconf 84' lang='lat' dir='ltr'><strong>dabo.</strong></span> <span class='ocrx_word' id='word_1_96' title='bbox 540 1502 609 1567; x_wconf 89' lang='lat' dir='ltr'><strong>Iam</strong></span> <span class='ocrx_word' id='word_1_97' title='bbox 633 1525 706 1568; x_wconf 84' lang='lat' dir='ltr'><strong>vere</strong></span> <span class='ocrx_word' id='word_1_98' title='bbox 731 1505 762 1568; x_wconf 90' lang='lat' dir='ltr'><strong>in</strong></span> <span class='ocrx_word' id='word_1_99' title='bbox 794 1505 939 1588; x_wconf 85' lang='lat' dir='ltr'><strong>longiore</strong></span> <span class='ocrx_word' id='word_1_100' title='bbox 969 1506 1120 1570; x_wconf 87' lang='lat' dir='ltr'><strong>orationis</strong></span> <span class='ocrx_word' id='word_1_101' title='bbox 1151 1507 1281 1571; x_wconf 89' lang='lat' dir='ltr'><strong>ambitu</strong></span> <span class='ocrx_word' id='word_1_102' title='bbox 1311 1529 1381 1572; x_wconf 87' lang='lat' dir='ltr'><strong>sae·</strong></span> 
     </span>
     <span class='ocr_line' id='line_1_13' title="bbox 240 1607 1380 1694; baseline 0.004 -22"><span class='ocrx_word' id='word_1_103' title='bbox 240 1610 367 1694; x_wconf 81' lang='lat' dir='ltr'><strong>pissime</strong></span> <span class='ocrx_word' id='word_1_104' title='bbox 390 1617 421 1673; x_wconf 90' lang='lat' dir='ltr'><strong>et</strong></span> <span class='ocrx_word' id='word_1_105' title='bbox 445 1608 583 1673; x_wconf 86' lang='lat' dir='ltr'><strong>debebat</strong></span> <span class='ocrx_word' id='word_1_106' title='bbox 606 1607 737 1672; x_wconf 89' lang='lat' dir='ltr'><strong>dubium</strong></span> <span class='ocrx_word' id='word_1_107' title='bbox 761 1631 829 1673; x_wconf 88' lang='lat' dir='ltr'><strong>essa</strong></span> <span class='ocrx_word' id='word_1_108' title='bbox 863 1616 894 1673; x_wconf 90' lang='lat' dir='ltr'><strong>et</strong></span> <span class='ocrx_word' id='word_1_109' title='bbox 923 1608 1054 1673; x_wconf 91' lang='lat' dir='ltr'><strong>dubium</strong></span> <span class='ocrx_word' id='word_1_110' title='bbox 1089 1616 1173 1688; x_wconf 85' lang='lat' dir='ltr'><strong>erat,</strong></span> <span class='ocrx_word' id='word_1_111' title='bbox 1206 1616 1281 1673; x_wconf 84' lang='lat' dir='ltr'><strong>utra</strong></span> <span class='ocrx_word' id='word_1_112' title='bbox 1311 1613 1380 1675; x_wconf 90' lang='lat' dir='ltr'><strong>illa·</strong></span> 
     </span>
     <span class='ocr_line' id='line_1_14' title="bbox 240 1713 1380 1800; baseline 0.001 -23"><span class='ocrx_word' id='word_1_113' title='bbox 240 1736 309 1777; x_wconf 90' lang='lat' dir='ltr'><strong>rum</strong></span> <span class='ocrx_word' id='word_1_114' title='bbox 353 1715 617 1797; x_wconf 85' lang='lat' dir='ltr'><strong>significationum</strong></span> <span class='ocrx_word' id='word_1_115' title='bbox 653 1715 692 1778; x_wconf 90' lang='lat' dir='ltr'><strong>ab</strong></span> <span class='ocrx_word' id='word_1_116' title='bbox 732 1735 770 1778; x_wconf 88' lang='lat' dir='ltr'><strong>ao</strong></span> <span class='ocrx_word' id='word_1_117' title='bbox 808 1715 860 1797; x_wconf 91' lang='lat' dir='ltr'><strong>qui</strong></span> <span class='ocrx_word' id='word_1_118' title='bbox 907 1713 1003 1778; x_wconf 84' lang='lat' dir='ltr'><strong>rerba</strong></span> <span class='ocrx_word' id='word_1_119' title='bbox 1039 1713 1177 1778; x_wconf 87' lang='lat' dir='ltr'><strong>faciebat</strong></span> <span class='ocrx_word' id='word_1_120' title='bbox 1222 1736 1380 1800; x_wconf 86' lang='lat' dir='ltr'><strong>expressa</strong></span> 
     </span>
     <span class='ocr_line' id='line_1_15' title="bbox 240 1816 1380 1902; baseline 0.002 -20"><span class='ocrx_word' id='word_1_121' title='bbox 240 1824 334 1882; x_wconf 87' lang='lat' dir='ltr'><strong>esset.</strong></span> <span class='ocrx_word' id='word_1_122' title='bbox 388 1817 494 1881; x_wconf 85' lang='lat' dir='ltr'><strong>Sicubi</strong></span> <span class='ocrx_word' id='word_1_123' title='bbox 524 1818 617 1902; x_wconf 90' lang='lat' dir='ltr'><strong>igitur</strong></span> <span class='ocrx_word' id='word_1_124' title='bbox 646 1839 749 1902; x_wconf 88' lang='lat' dir='ltr'><strong>neque</strong></span> <span class='ocrx_word' id='word_1_125' title='bbox 780 1838 820 1880; x_wconf 84' lang='lat' dir='ltr'><strong>ex</strong></span> <span class='ocrx_word' id='word_1_126' title='bbox 850 1818 895 1882; x_wconf 89' lang='lat' dir='ltr'><strong>eis</strong></span> <span class='ocrx_word' id='word_1_127' title='bbox 926 1838 1009 1902; x_wconf 86' lang='lat' dir='ltr'><strong>quae</strong></span> <span class='ocrx_word' id='word_1_128' title='bbox 1040 1816 1282 1902; x_wconf 81' lang='lat' dir='ltr'><strong>praecedebant</strong></span> <span class='ocrx_word' id='word_1_129' title='bbox 1310 1842 1380 1883; x_wconf 86' lang='lat' dir='ltr'><strong>ver-</strong></span> 
     </span>
     <span class='ocr_line' id='line_1_16' title="bbox 240 1921 1381 2007; baseline 0.004 -23"><span class='ocrx_word' id='word_1_130' title='bbox 240 1921 288 1984; x_wconf 87' lang='lat' dir='ltr'><strong>bis</strong></span> <span class='ocrx_word' id='word_1_131' title='bbox 322 1942 426 2006; x_wconf 89' lang='lat' dir='ltr'><strong>neque</strong></span> <span class='ocrx_word' id='word_1_132' title='bbox 459 1943 500 1985; x_wconf 86' lang='lat' dir='ltr'><strong>ex</strong></span> <span class='ocrx_word' id='word_1_133' title='bbox 535 1924 578 1986; x_wconf 90' lang='lat' dir='ltr'><strong>eis</strong></span> <span class='ocrx_word' id='word_1_134' title='bbox 617 1943 698 2007; x_wconf 89' lang='lat' dir='ltr'><strong>quae</strong></span> <span class='ocrx_word' id='word_1_135' title='bbox 737 1923 964 2006; x_wconf 87' lang='lat' dir='ltr'><strong>sequebantur,</strong></span> <span class='ocrx_word' id='word_1_136' title='bbox 1002 1921 1041 1985; x_wconf 91' lang='lat' dir='ltr'><strong>de</strong></span> <span class='ocrx_word' id='word_1_137' title='bbox 1078 1928 1150 1985; x_wconf 88' lang='lat' dir='ltr'><strong>utra</strong></span> <span class='ocrx_word' id='word_1_138' title='bbox 1182 1924 1381 1988; x_wconf 83' lang='lat' dir='ltr'><strong>coniunctivi</strong></span> 
     </span>
     <span class='ocr_line' id='line_1_17' title="bbox 239 2024 1380 2111; baseline 0 -21"><span class='ocrx_word' id='word_1_139' title='bbox 239 2024 371 2109; x_wconf 87' lang='lat' dir='ltr'><strong>perfecti</strong></span> <span class='ocrx_word' id='word_1_140' title='bbox 404 2027 555 2109; x_wconf 90' lang='lat' dir='ltr'><strong>temporis</strong></span> <span class='ocrx_word' id='word_1_141' title='bbox 585 2026 770 2090; x_wconf 87' lang='lat' dir='ltr'><strong>condicione</strong></span> <span class='ocrx_word' id='word_1_142' title='bbox 799 2035 966 2109; x_wconf 83' lang='lat' dir='ltr'><strong>ageretur,</strong></span> <span class='ocrx_word' id='word_1_143' title='bbox 995 2027 1142 2109; x_wconf 85' lang='lat' dir='ltr'><strong>cognosci</strong></span> <span class='ocrx_word' id='word_1_144' title='bbox 1173 2033 1318 2111; x_wconf 92' lang='lat' dir='ltr'><strong>poterat,</strong></span> <span class='ocrx_word' id='word_1_145' title='bbox 1347 2035 1380 2093; x_wconf 92' lang='lat' dir='ltr'><strong>et</strong></span> 
     </span>
     <span class='ocr_line' id='line_1_18' title="bbox 240 2129 1379 2215; baseline 0.004 -24"><span class='ocrx_word' id='word_1_146' title='bbox 240 2137 347 2192; x_wconf 89' lang='lat' dir='ltr'><strong>tamen</strong></span> <span class='ocrx_word' id='word_1_147' title='bbox 362 2129 389 2193; x_wconf 92' lang='lat' dir='ltr'><strong>ei</strong></span> <span class='ocrx_word' id='word_1_148' title='bbox 406 2130 460 2213; x_wconf 92' lang='lat' dir='ltr'><strong>qui</strong></span> <span class='ocrx_word' id='word_1_149' title='bbox 488 2129 677 2215; x_wconf 86' lang='lat' dir='ltr'><strong>loquebatur</strong></span> <span class='ocrx_word' id='word_1_150' title='bbox 697 2129 728 2194; x_wconf 90' lang='lat' dir='ltr'><strong>id</strong></span> <span class='ocrx_word' id='word_1_151' title='bbox 746 2129 987 2214; x_wconf 80' lang='lat' dir='ltr'><strong>exprimendum</strong></span> <span class='ocrx_word' id='word_1_152' title='bbox 1004 2129 1184 2210; x_wconf 85' lang='lat' dir='ltr'><strong>videbatur,</strong></span> <span class='ocrx_word' id='word_1_153' title='bbox 1209 2131 1379 2196; x_wconf 83' lang='lat' dir='ltr'><strong>defuturo</strong></span> 
     </span>
     <span class='ocr_line' id='line_1_19' title="bbox 239 2232 1380 2316; baseline 0.006 -23"><span class='ocrx_word' id='word_1_154' title='bbox 239 2237 382 2316; x_wconf 85' lang='lat' dir='ltr'><strong>tempore</strong></span> <span class='ocrx_word' id='word_1_155' title='bbox 411 2233 499 2296; x_wconf 93' lang='lat' dir='ltr'><strong>nullo</strong></span> <span class='ocrx_word' id='word_1_156' title='bbox 531 2232 627 2298; x_wconf 91' lang='lat' dir='ltr'><strong>modo</strong></span> <span class='ocrx_word' id='word_1_157' title='bbox 659 2233 864 2316; x_wconf 88' lang='lat' dir='ltr'><strong>cogitandum</strong></span> <span class='ocrx_word' id='word_1_158' title='bbox 897 2255 981 2314; x_wconf 88' lang='lat' dir='ltr'><strong>esse,</strong></span> <span class='ocrx_word' id='word_1_159' title='bbox 1013 2241 1068 2297; x_wconf 85' lang='lat' dir='ltr'><strong>aut</strong></span> <span class='ocrx_word' id='word_1_160' title='bbox 1099 2234 1164 2298; x_wconf 89' lang='lat' dir='ltr'><strong>tale</strong></span> <span class='ocrx_word' id='word_1_161' title='bbox 1195 2237 1380 2300; x_wconf 88' lang='lat' dir='ltr'><strong>necessario</strong></span> 
     </span>
     <span class='ocr_line' id='line_1_20' title="bbox 240 2333 1380 2422; baseline 0.004 -23"><span class='ocrx_word' id='word_1_162' title='bbox 240 2336 426 2399; x_wconf 87' lang='lat' dir='ltr'><strong>adverbium</strong></span> <span class='ocrx_word' id='word_1_163' title='bbox 457 2335 574 2401; x_wconf 82' lang='lat' dir='ltr'><strong>addere</strong></span> <span class='ocrx_word' id='word_1_164' title='bbox 607 2337 745 2400; x_wconf 88' lang='lat' dir='ltr'><strong>debebat</strong></span> <span class='ocrx_word' id='word_1_165' title='bbox 769 2337 861 2421; x_wconf 90' lang='lat' dir='ltr'><strong>quale</strong></span> <span class='ocrx_word' id='word_1_166' title='bbox 895 2346 944 2401; x_wconf 90' lang='lat' dir='ltr'><strong>est</strong></span> <span class='ocrx_word' id='word_1_167' title='bbox 975 2358 1059 2401; x_wconf 76' lang='lat' dir='ltr'><strong>ceraue</strong></span> <span class='ocrx_word' id='word_1_168' title='bbox 1089 2333 1145 2419; x_wconf 86' lang='lat' dir='ltr'><strong>(ef.</strong></span> <span class='ocrx_word' id='word_1_169' title='bbox 1170 2337 1293 2422; x_wconf 82' lang='lat' dir='ltr'><strong>Amph.</strong></span> <span class='ocrx_word' id='word_1_170' title='bbox 1321 2343 1380 2404; x_wconf 81' lang='lat'><strong>155</strong></span> 
     </span>
     <span class='ocr_line' id='line_1_21' title="bbox 240 2443 1379 2526; baseline 0.002 -21"><span class='ocrx_word' id='word_1_171' title='bbox 240 2443 315 2524; x_wconf 71' lang='lat' dir='ltr'><strong>occid</strong></span> <span class='ocrx_word' id='word_1_172' title='bbox 336 2443 473 2525; x_wconf 80' lang='lat' dir='ltr'><strong>faciam,</strong></span> <span class='ocrx_word' id='word_1_173' title='bbox 503 2464 586 2505; x_wconf 80' lang='lat' dir='ltr'><strong>reccuc</strong></span> <span class='ocrx_word' id='word_1_174' title='bbox 608 2445 636 2506; x_wconf 83' lang='lat' dir='ltr'><strong>si</strong></span> <span class='ocrx_word' id='word_1_175' title='bbox 658 2450 721 2506; x_wconf 86' lang='lat' dir='ltr'><strong>tres</strong></span> <span class='ocrx_word' id='word_1_176' title='bbox 744 2445 806 2506; x_wconf 81' lang='lat' dir='ltr'><strong>eici</strong></span> <span class='ocrx_word' id='word_1_177' title='bbox 827 2462 872 2504; x_wconf 86' lang='lat' dir='ltr'><strong>mc</strong></span> <span class='ocrx_word' id='word_1_178' title='bbox 898 2444 933 2506; x_wconf 80' lang='lat' dir='ltr'><strong>irc</strong></span> <span class='ocrx_word' id='word_1_179' title='bbox 965 2463 1120 2507; x_wconf 81' lang='lat' dir='ltr'><strong>carcerem</strong></span> <span class='ocrx_word' id='word_1_180' title='bbox 1150 2446 1379 2526; x_wconf 72' lang='lat' dir='ltr'><strong>coctpeycriut),</strong></span> 
     </span>
     <span class='ocr_line' id='line_1_22' title="bbox 240 2545 1379 2632; baseline 0.001 -23"><span class='ocrx_word' id='word_1_181' title='bbox 240 2553 296 2610; x_wconf 90' lang='lat' dir='ltr'><strong>aut</strong></span> <span class='ocrx_word' id='word_1_182' title='bbox 319 2547 619 2631; x_wconf 82' lang='lat' dir='ltr'><strong>plusquamperfeeti</strong></span> <span class='ocrx_word' id='word_1_183' title='bbox 640 2547 843 2611; x_wconf 88' lang='lat' dir='ltr'><strong>coniunctive</strong></span> <span class='ocrx_word' id='word_1_184' title='bbox 860 2549 916 2627; x_wconf 89' lang='lat' dir='ltr'><strong>uti,</strong></span> <span class='ocrx_word' id='word_1_185' title='bbox 941 2549 1057 2632; x_wconf 89' lang='lat' dir='ltr'><strong>quippe</strong></span> <span class='ocrx_word' id='word_1_186' title='bbox 1074 2567 1137 2631; x_wconf 95' lang='lat' dir='ltr'><strong>qua</strong></span> <span class='ocrx_word' id='word_1_187' title='bbox 1154 2545 1261 2609; x_wconf 77' lang='lat' dir='ltr'><strong>forma</strong></span> <span class='ocrx_word' id='word_1_188' title='bbox 1278 2549 1379 2610; x_wconf 87' lang='lat' dir='ltr'><strong>ournis</strong></span> 
     </span>
     <span class='ocr_line' id='line_1_23' title="bbox 241 2649 1380 2735; baseline 0.002 -23"><span class='ocrx_word' id='word_1_189' title='bbox 241 2650 279 2712; x_wconf 88' lang='lat' dir='ltr'><strong>ad</strong></span> <span class='ocrx_word' id='word_1_190' title='bbox 314 2650 455 2712; x_wconf 77' lang='lat' dir='ltr'><strong>futurum</strong></span> <span class='ocrx_word' id='word_1_191' title='bbox 486 2659 611 2734; x_wconf 89' lang='lat' dir='ltr'><strong>tempus</strong></span> <span class='ocrx_word' id='word_1_192' title='bbox 641 2652 751 2714; x_wconf 90' lang='lat' dir='ltr'><strong>relatio</strong></span> <span class='ocrx_word' id='word_1_193' title='bbox 784 2649 1016 2715; x_wconf 83' lang='lat' dir='ltr'><strong>excluderetur.</strong></span> <span class='ocrx_word' id='word_1_194' title='bbox 1064 2649 1380 2735; x_wconf 80' lang='lat' dir='ltr'><strong>Plusquamperleeti</strong></span> 
     </span>
     <span class='ocr_line' id='line_1_24' title="bbox 241 2753 1382 2838; baseline 0.003 -23"><span class='ocrx_word' id='word_1_195' title='bbox 241 2759 347 2816; x_wconf 88' lang='lat' dir='ltr'><strong>autern</strong></span> <span class='ocrx_word' id='word_1_196' title='bbox 373 2756 573 2819; x_wconf 87' lang='lat' dir='ltr'><strong>coniunctivo</strong></span> <span class='ocrx_word' id='word_1_197' title='bbox 596 2756 627 2818; x_wconf 92' lang='lat' dir='ltr'><strong>in</strong></span> <span class='ocrx_word' id='word_1_198' title='bbox 646 2755 800 2819; x_wconf 91' lang='lat' dir='ltr'><strong>eiusmodi</strong></span> <span class='ocrx_word' id='word_1_199' title='bbox 816 2755 986 2819; x_wconf 87' lang='lat' dir='ltr'><strong>enuntiatis</strong></span> <span class='ocrx_word' id='word_1_200' title='bbox 1002 2753 1184 2838; x_wconf 89' lang='lat' dir='ltr'><strong>saepissime</strong></span> <span class='ocrx_word' id='word_1_201' title='bbox 1200 2754 1295 2819; x_wconf 89' lang='lat' dir='ltr'><strong>loeus</strong></span> <span class='ocrx_word' id='word_1_202' title='bbox 1312 2776 1382 2821; x_wconf 89' lang='lat' dir='ltr'><strong>esse</strong></span> 
     </span>
     <span class='ocr_line' id='line_1_25' title="bbox 241 2857 1380 2942; baseline 0.004 -23"><span class='ocrx_word' id='word_1_203' title='bbox 241 2864 376 2940; x_wconf 84' lang='lat' dir='ltr'><strong>poterat,</strong></span> <span class='ocrx_word' id='word_1_204' title='bbox 399 2859 548 2942; x_wconf 90' lang='lat' dir='ltr'><strong>quoniam</strong></span> <span class='ocrx_word' id='word_1_205' title='bbox 565 2859 719 2942; x_wconf 88' lang='lat' dir='ltr'><strong>plurimae</strong></span> <span class='ocrx_word' id='word_1_206' title='bbox 737 2880 776 2922; x_wconf 85' lang='lat' dir='ltr'><strong>ex</strong></span> <span class='ocrx_word' id='word_1_207' title='bbox 793 2859 837 2922; x_wconf 90' lang='lat' dir='ltr'><strong>eis</strong></span> <span class='ocrx_word' id='word_1_208' title='bbox 853 2857 1029 2922; x_wconf 82' lang='lat' dir='ltr'><strong>actionibus</strong></span> <span class='ocrx_word' id='word_1_209' title='bbox 1045 2878 1126 2942; x_wconf 89' lang='lat' dir='ltr'><strong>quae</strong></span> <span class='ocrx_word' id='word_1_210' title='bbox 1144 2859 1175 2922; x_wconf 92' lang='lat' dir='ltr'><strong>in</strong></span> <span class='ocrx_word' id='word_1_211' title='bbox 1196 2859 1380 2942; x_wconf 88' lang='lat' dir='ltr'><strong>praesentia</strong></span> 
     </span>
     <span class='ocr_line' id='line_1_26' title="bbox 240 2960 1380 3046; baseline 0 -22"><span class='ocrx_word' id='word_1_212' title='bbox 240 2960 401 3044; x_wconf 85' lang='lat' dir='ltr'><strong>perfectae</strong></span> <span class='ocrx_word' id='word_1_213' title='bbox 425 2968 498 3027; x_wconf 91' lang='lat' dir='ltr'><strong>sunt</strong></span> <span class='ocrx_word' id='word_1_214' title='bbox 520 2962 615 3025; x_wconf 91' lang='lat' dir='ltr'><strong>etiam</strong></span> <span class='ocrx_word' id='word_1_215' title='bbox 639 2984 677 3025; x_wconf 91' lang='lat' dir='ltr'><strong>eo</strong></span> <span class='ocrx_word' id='word_1_216' title='bbox 702 2961 796 3025; x_wconf 88' lang='lat' dir='ltr'><strong>modo</strong></span> <span class='ocrx_word' id='word_1_217' title='bbox 821 2962 990 3046; x_wconf 88' lang='lat' dir='ltr'><strong>significari</strong></span> <span class='ocrx_word' id='word_1_218' title='bbox 1014 2966 1155 3045; x_wconf 84' lang='lat' dir='ltr'><strong>possunt,</strong></span> <span class='ocrx_word' id='word_1_219' title='bbox 1179 2969 1216 3024; x_wconf 93' lang='lat' dir='ltr'><strong>ut</strong></span> <span class='ocrx_word' id='word_1_220' title='bbox 1232 2962 1380 3026; x_wconf 89' lang='lat' dir='ltr'><strong>dicautur</strong></span> 
     </span>
     <span class='ocr_line' id='line_1_27' title="bbox 240 3064 1379 3149; baseline 0.005 -23"><span class='ocrx_word' id='word_1_221' title='bbox 240 3065 271 3126; x_wconf 96' lang='lat' dir='ltr'><strong>in</strong></span> <span class='ocrx_word' id='word_1_222' title='bbox 295 3067 466 3149; x_wconf 89' lang='lat' dir='ltr'><strong>praeterito</strong></span> <span class='ocrx_word' id='word_1_223' title='bbox 491 3072 631 3149; x_wconf 87' lang='lat' dir='ltr'><strong>tempore</strong></span> <span class='ocrx_word' id='word_1_224' title='bbox 656 3067 733 3129; x_wconf 89' lang='lat' dir='ltr'><strong>fieri.</strong></span> <span class='ocrx_word' id='word_1_225' title='bbox 780 3064 949 3140; x_wconf 81' lang='lat' dir='ltr'><strong>Quomodo</strong></span> <span class='ocrx_word' id='word_1_226' title='bbox 976 3066 1038 3128; x_wconf 89' lang='lat' dir='ltr'><strong>hae</strong></span> <span class='ocrx_word' id='word_1_227' title='bbox 1069 3064 1194 3129; x_wconf 87' lang='lat' dir='ltr'><strong>formae</strong></span> <span class='ocrx_word' id='word_1_228' title='bbox 1225 3067 1312 3130; x_wconf 88' lang='lat' dir='ltr'><strong>inter</strong></span> <span class='ocrx_word' id='word_1_229' title='bbox 1345 3091 1379 3132; x_wconf 90' lang='lat' dir='ltr'><strong>se</strong></span> 
     </span>
     <span class='ocr_line' id='line_1_28' title="bbox 241 3168 1379 3253; baseline 0.004 -23"><span class='ocrx_word' id='word_1_230' title='bbox 241 3168 360 3232; x_wconf 82' lang='lat' dir='ltr'><strong>mixtae</strong></span> <span class='ocrx_word' id='word_1_231' title='bbox 383 3170 455 3250; x_wconf 88' lang='lat' dir='ltr'><strong>sint,</strong></span> <span class='ocrx_word' id='word_1_232' title='bbox 487 3190 557 3232; x_wconf 92' lang='lat' dir='ltr'><strong>eum</strong></span> <span class='ocrx_word' id='word_1_233' title='bbox 586 3190 626 3232; x_wconf 85' lang='lat' dir='ltr'><strong>ex</strong></span> <span class='ocrx_word' id='word_1_234' title='bbox 649 3170 717 3232; x_wconf 89' lang='lat' dir='ltr'><strong>aliis</strong></span> <span class='ocrx_word' id='word_1_235' title='bbox 742 3169 884 3233; x_wconf 87' lang='lat' dir='ltr'><strong>versibus</strong></span> <span class='ocrx_word' id='word_1_236' title='bbox 908 3169 1056 3253; x_wconf 84' lang='lat' dir='ltr'><strong>cognosci</strong></span> <span class='ocrx_word' id='word_1_237' title='bbox 1086 3174 1205 3250; x_wconf 86' lang='lat' dir='ltr'><strong>potest,</strong></span> <span class='ocrx_word' id='word_1_238' title='bbox 1236 3178 1307 3233; x_wconf 88' lang='lat' dir='ltr'><strong>tum</strong></span> <span class='ocrx_word' id='word_1_239' title='bbox 1337 3191 1379 3234; x_wconf 79' lang='lat' dir='ltr'><strong>ex</strong></span> 
     </span>
     <span class='ocr_line' id='line_1_29' title="bbox 241 3271 754 3358; baseline -0.002 -23"><span class='ocrx_word' id='word_1_240' title='bbox 241 3271 340 3336; x_wconf 82' lang='lat' dir='ltr'><strong>Stichi</strong></span> <span class='ocrx_word' id='word_1_241' title='bbox 363 3273 530 3336; x_wconf 85' lang='lat' dir='ltr'><strong>Plautinae</strong></span> <span class='ocrx_word' id='word_1_242' title='bbox 554 3296 584 3335; x_wconf 88' lang='lat' dir='ltr'><strong>v.</strong></span> <span class='ocrx_word' id='word_1_243' title='bbox 607 3276 669 3337; x_wconf 88' lang='lat'><strong>510</strong></span> <span class='ocrx_word' id='word_1_244' title='bbox 693 3294 754 3358; x_wconf 91' lang='lat' dir='ltr'><strong>sq.:</strong></span> 
     </span>
    </p>

    <p class='ocr_par' dir='ltr' id='par_1_3' title="bbox 504 3374 1382 3460">
     <span class='ocr_line' id='line_1_30' title="bbox 504 3374 1382 3460; baseline 0.001 -22"><span class='ocrx_word' id='word_1_245' title='bbox 504 3374 613 3439; x_wconf 83' lang='lat' dir='ltr'><strong>Vocem</strong></span> <span class='ocrx_word' id='word_1_246' title='bbox 637 3397 692 3460; x_wconf 84' lang='lat' dir='ltr'><strong>epo</strong></span> <span class='ocrx_word' id='word_1_247' title='bbox 716 3384 744 3440; x_wconf 88' lang='lat' dir='ltr'><strong>tc</strong></span> <span class='ocrx_word' id='word_1_248' title='bbox 766 3377 877 3440; x_wconf 77' lang='lat' dir='ltr'><strong>edane</strong></span> <span class='ocrx_word' id='word_1_249' title='bbox 899 3376 942 3440; x_wconf 80' lang='lat' dir='ltr'><strong>acl</strong></span> <span class='ocrx_word' id='word_1_250' title='bbox 965 3397 1081 3456; x_wconf 71' lang='lat' dir='ltr'><strong>ceneta,</strong></span> <span class='ocrx_word' id='word_1_251' title='bbox 1107 3375 1219 3459; x_wconf 78' lang='lat' dir='ltr'><strong>frater</strong></span> <span class='ocrx_word' id='word_1_252' title='bbox 1246 3383 1319 3441; x_wconf 84' lang='lat' dir='ltr'><strong>tuos</strong></span> <span class='ocrx_word' id='word_1_253' title='bbox 1347 3380 1382 3440; x_wconf 79' lang='lat' dir='ltr'><strong>ni</strong></span> 
     </span>
    </p>

    <p class='ocr_par' dir='ltr' id='par_1_4' title="bbox 497 3479 1381 3754">
     <span class='ocr_line' id='line_1_31' title="bbox 1030 3479 1274 3560; baseline -0.004 -16"><span class='ocrx_word' id='word_1_254' title='bbox 1030 3481 1161 3544; x_wconf 74' lang='lat' dir='ltr'><strong>dixisset</strong></span> <span class='ocrx_word' id='word_1_255' title='bbox 1184 3479 1274 3560; x_wconf 71' lang='lat' dir='ltr'><strong>anibi,</strong></span> 
     </span>
     <span class='ocr_line' id='line_1_32' title="bbox 497 3583 1381 3668; baseline 0.001 -20"><span class='ocrx_word' id='word_1_256' title='bbox 497 3583 540 3649; x_wconf 86' lang='lat' dir='ltr'><strong>Te</strong></span> <span class='ocrx_word' id='word_1_257' title='bbox 561 3585 650 3668; x_wconf 80' lang='lat' dir='ltr'><strong>apud</strong></span> <span class='ocrx_word' id='word_1_258' title='bbox 672 3607 703 3649; x_wconf 89' lang='lat' dir='ltr'><strong>se</strong></span> <span class='ocrx_word' id='word_1_259' title='bbox 727 3592 910 3649; x_wconf 81' lang='lat' dir='ltr'><strong>cenaturum</strong></span> <span class='ocrx_word' id='word_1_260' title='bbox 933 3607 996 3649; x_wconf 88' lang='lat' dir='ltr'><strong>esse</strong></span> <span class='ocrx_word' id='word_1_261' title='bbox 1020 3584 1118 3665; x_wconf 78' lang='lat' dir='ltr'><strong>leodic,</strong></span> <span class='ocrx_word' id='word_1_262' title='bbox 1148 3602 1239 3664; x_wconf 73' lang='lat' dir='ltr'><strong>utrem</strong></span> <span class='ocrx_word' id='word_1_263' title='bbox 1265 3606 1313 3649; x_wconf 85' lang='lat' dir='ltr'><strong>me</strong></span> <span class='ocrx_word' id='word_1_264' title='bbox 1336 3584 1381 3648; x_wconf 80' lang='lat' dir='ltr'><strong>nd</strong></span> 
     </span>
     <span class='ocr_line' id='line_1_33' title="bbox 921 3690 1272 3754; baseline 0 -2"><span class='ocrx_word' id='word_1_265' title='bbox 921 3711 951 3752; x_wconf 89' lang='lat' dir='ltr'><strong>se</strong></span> <span class='ocrx_word' id='word_1_266' title='bbox 976 3690 1019 3754; x_wconf 82' lang='lat' dir='ltr'><strong>cd</strong></span> <span class='ocrx_word' id='word_1_267' title='bbox 1042 3708 1149 3753; x_wconf 83' lang='lat' dir='ltr'><strong>cenum</strong></span> <span class='ocrx_word' id='word_1_268' title='bbox 1172 3694 1272 3752; x_wconf 83' lang='lat' dir='ltr'><strong>cocat.</strong></span> 
     </span>
    </p>

    <p class='ocr_par' dir='ltr' id='par_1_5' title="bbox 241 3791 1383 4404">
     <span class='ocr_line' id='line_1_34' title="bbox 344 3791 1378 3872; baseline 0.001 -17"><span class='ocrx_word' id='word_1_269' title='bbox 344 3793 407 3856; x_wconf 92' lang='lat' dir='ltr'><strong>Ubi</strong></span> <span class='ocrx_word' id='word_1_270' title='bbox 429 3793 544 3857; x_wconf 89' lang='lat' dir='ltr'><strong>Plauto</strong></span> <span class='ocrx_word' id='word_1_271' title='bbox 574 3794 710 3858; x_wconf 86' lang='lat' dir='ltr'><strong>seribere</strong></span> <span class='ocrx_word' id='word_1_272' title='bbox 738 3794 826 3857; x_wconf 86' lang='lat' dir='ltr'><strong>licuit</strong></span> <span class='ocrx_word' id='word_1_273' title='bbox 856 3815 957 3858; x_wconf 85' lang='lat' dir='ltr'><strong>ccccm</strong></span> <span class='ocrx_word' id='word_1_274' title='bbox 980 3841 986 3854; x_wconf 93' lang='lat'>.</span> <span class='ocrx_word' id='word_1_275' title='bbox 1011 3841 1018 3854; x_wconf 92' lang='lat'><strong>.</strong></span> <span class='ocrx_word' id='word_1_276' title='bbox 1042 3840 1049 3857; x_wconf 89' lang='lat'>.</span> <span class='ocrx_word' id='word_1_277' title='bbox 1072 3793 1107 3855; x_wconf 81' lang='lat' dir='ltr'><strong>ui</strong></span> <span class='ocrx_word' id='word_1_278' title='bbox 1129 3791 1258 3872; x_wconf 73' lang='lat' dir='ltr'><strong>eliserit,</strong></span> <span class='ocrx_word' id='word_1_279' title='bbox 1290 3793 1317 3856; x_wconf 88' lang='lat' dir='ltr'><strong>si</strong></span> <span class='ocrx_word' id='word_1_280' title='bbox 1346 3794 1378 3856; x_wconf 92' lang='lat' dir='ltr'><strong>in</strong></span> 
     </span>
     <span class='ocr_line' id='line_1_35' title="bbox 242 3896 1380 3981; baseline -0.001 -20"><span class='ocrx_word' id='word_1_281' title='bbox 242 3898 286 3962; x_wconf 90' lang='lat' dir='ltr'><strong>eis</strong></span> <span class='ocrx_word' id='word_1_282' title='bbox 311 3919 393 3981; x_wconf 85' lang='lat' dir='ltr'><strong>quae</strong></span> <span class='ocrx_word' id='word_1_283' title='bbox 415 3905 657 3980; x_wconf 88' lang='lat' dir='ltr'><strong>praecesserunt</strong></span> <span class='ocrx_word' id='word_1_284' title='bbox 674 3899 722 3960; x_wconf 91' lang='lat' dir='ltr'><strong>vel</strong></span> <span class='ocrx_word' id='word_1_285' title='bbox 742 3900 852 3981; x_wconf 73' lang='lat' dir='ltr'><strong>freter</strong></span> <span class='ocrx_word' id='word_1_286' title='bbox 875 3899 955 3961; x_wconf 72' lang='lat' dir='ltr'><strong>dixit</strong></span> <span class='ocrx_word' id='word_1_287' title='bbox 978 3897 1028 3961; x_wconf 88' lang='lat' dir='ltr'><strong>vel</strong></span> <span class='ocrx_word' id='word_1_288' title='bbox 1049 3897 1158 3976; x_wconf 80' lang='lat' dir='ltr'><strong>freter</strong></span> <span class='ocrx_word' id='word_1_289' title='bbox 1181 3896 1312 3960; x_wconf 73' lang='lat' dir='ltr'><strong>diecret</strong></span> <span class='ocrx_word' id='word_1_290' title='bbox 1329 3898 1380 3961; x_wconf 85' lang='lat' dir='ltr'><strong>val</strong></span> 
     </span>
     <span class='ocr_line' id='line_1_36' title="bbox 241 3999 1381 4087; baseline 0.001 -23"><span class='ocrx_word' id='word_1_291' title='bbox 241 4002 349 4064; x_wconf 87' lang='lat' dir='ltr'><strong>similis</strong></span> <span class='ocrx_word' id='word_1_292' title='bbox 373 4002 480 4087; x_wconf 89' lang='lat' dir='ltr'><strong>aliqua</strong></span> <span class='ocrx_word' id='word_1_293' title='bbox 503 4002 621 4065; x_wconf 92' lang='lat' dir='ltr'><strong>locutio</strong></span> <span class='ocrx_word' id='word_1_294' title='bbox 654 4003 810 4065; x_wconf 87' lang='lat' dir='ltr'><strong>exstabat.</strong></span> <span class='ocrx_word' id='word_1_295' title='bbox 856 4000 905 4064; x_wconf 88' lang='lat' dir='ltr'><strong>Re</strong></span> <span class='ocrx_word' id='word_1_296' title='bbox 933 4022 1009 4065; x_wconf 90' lang='lat' dir='ltr'><strong>vera</strong></span> <span class='ocrx_word' id='word_1_297' title='bbox 1042 3999 1117 4063; x_wconf 94' lang='lat' dir='ltr'><strong>nihil</strong></span> <span class='ocrx_word' id='word_1_298' title='bbox 1150 4000 1313 4065; x_wconf 86' lang='lat' dir='ltr'><strong>eiusmodi</strong></span> <span class='ocrx_word' id='word_1_299' title='bbox 1336 4003 1381 4067; x_wconf 88' lang='lat' dir='ltr'><strong>eis</strong></span> 
     </span>
     <span class='ocr_line' id='line_1_37' title="bbox 243 4103 1381 4190; baseline 0.004 -23"><span class='ocrx_word' id='word_1_300' title='bbox 243 4127 325 4189; x_wconf 90' lang='lat' dir='ltr'><strong>quae</strong></span> <span class='ocrx_word' id='word_1_301' title='bbox 348 4106 541 4190; x_wconf 89' lang='lat' dir='ltr'><strong>praecedunt</strong></span> <span class='ocrx_word' id='word_1_302' title='bbox 566 4128 753 4190; x_wconf 87' lang='lat' dir='ltr'><strong>expressum</strong></span> <span class='ocrx_word' id='word_1_303' title='bbox 777 4114 834 4170; x_wconf 87' lang='lat' dir='ltr'><strong>est.</strong></span> <span class='ocrx_word' id='word_1_304' title='bbox 879 4104 941 4168; x_wconf 82' lang='lat' dir='ltr'><strong>Sed</strong></span> <span class='ocrx_word' id='word_1_305' title='bbox 967 4105 1088 4169; x_wconf 89' lang='lat' dir='ltr'><strong>etiamsi</strong></span> <span class='ocrx_word' id='word_1_306' title='bbox 1112 4103 1191 4167; x_wconf 91' lang='lat' dir='ltr'><strong>nihil</strong></span> <span class='ocrx_word' id='word_1_307' title='bbox 1220 4105 1381 4172; x_wconf 88' lang='lat' dir='ltr'><strong>eiusmodi</strong></span> 
     </span>
     <span class='ocr_line' id='line_1_38' title="bbox 242 4207 1383 4293; baseline 0.003 -21"><span class='ocrx_word' id='word_1_308' title='bbox 242 4207 458 4293; x_wconf 85' lang='lat' dir='ltr'><strong>praecederet,</strong></span> <span class='ocrx_word' id='word_1_309' title='bbox 482 4217 587 4273; x_wconf 89' lang='lat' dir='ltr'><strong>tamen</strong></span> <span class='ocrx_word' id='word_1_310' title='bbox 610 4210 727 4272; x_wconf 88' lang='lat' dir='ltr'><strong>Plauto</strong></span> <span class='ocrx_word' id='word_1_311' title='bbox 752 4210 838 4272; x_wconf 86' lang='lat' dir='ltr'><strong>licuit</strong></span> <span class='ocrx_word' id='word_1_312' title='bbox 860 4208 1016 4273; x_wconf 90' lang='lat' dir='ltr'><strong>seribere:</strong></span> <span class='ocrx_word' id='word_1_313' title='bbox 1048 4227 1150 4271; x_wconf 81' lang='lat' dir='ltr'><strong>uocem</strong></span> <span class='ocrx_word' id='word_1_314' title='bbox 1176 4257 1182 4270; x_wconf 93' lang='lat'>.</span> <span class='ocrx_word' id='word_1_315' title='bbox 1210 4259 1217 4272; x_wconf 92' lang='lat'><strong>.</strong></span> <span class='ocrx_word' id='word_1_316' title='bbox 1244 4260 1250 4274; x_wconf 92' lang='lat'>.</span> <span class='ocrx_word' id='word_1_317' title='bbox 1276 4213 1312 4273; x_wconf 81' lang='lat' dir='ltr'><strong>ni</strong></span> <span class='ocrx_word' id='word_1_318' title='bbox 1335 4211 1383 4276; x_wconf 78' lang='lat' dir='ltr'><strong>di-</strong></span> 
     </span>
     <span class='ocr_line' id='line_1_39' title="bbox 241 4310 1383 4404; baseline -0.002 -25"><span class='ocrx_word' id='word_1_319' title='bbox 241 4315 333 4391; x_wconf 70' lang='lat' dir='ltr'><strong>cerit,</strong></span> <span class='ocrx_word' id='word_1_320' title='bbox 356 4312 529 4379; x_wconf 90' lang='lat' dir='ltr'><strong>dummodo</strong></span> <span class='ocrx_word' id='word_1_321' title='bbox 561 4313 601 4378; x_wconf 91' lang='lat' dir='ltr'><strong>ad</strong></span> <span class='ocrx_word' id='word_1_322' title='bbox 631 4314 747 4376; x_wconf 74' lang='lat' dir='ltr'><strong>eliserit</strong></span> <span class='ocrx_word' id='word_1_323' title='bbox 778 4321 833 4376; x_wconf 90' lang='lat' dir='ltr'><strong>aut</strong></span> <span class='ocrx_word' id='word_1_324' title='bbox 864 4321 956 4377; x_wconf 83' lang='lat' dir='ltr'><strong>antee</strong></span> <span class='ocrx_word' id='word_1_325' title='bbox 987 4320 1043 4376; x_wconf 91' lang='lat' dir='ltr'><strong>aut</strong></span> <span class='ocrx_word' id='word_1_326' title='bbox 1072 4310 1207 4376; x_wconf 91' lang='lat' dir='ltr'><strong>similem</strong></span> <span class='ocrx_word' id='word_1_327' title='bbox 1239 4313 1383 4404; x_wconf 85' lang='lat' dir='ltr'><strong>aliquam</strong></span> 
     </span>
    </p>
   </div>
   <div class='ocr_carea' id='block_1_3' title="bbox 0 0 1486 4800">
    <p class='ocr_par' dir='ltr' id='par_1_6' title="bbox 0 0 1486 4800">
     <span class='ocr_line' id='line_1_40' title="bbox 0 0 1486 4800; baseline 0 0"><span class='ocrx_word' id='word_1_328' title='bbox 0 0 1486 4800; x_wconf 95' lang='lat' dir='ltr'><strong> </strong></span> 
     </span>
    </p>
   </div>
  </div>
 </body>
</html>
