2956 4822
607 313 699 401 [rso]
1179 317 1221 380 ss

80 507 242 573 debitores
278 509 455 572 temerariis
492 508 767 592 negotiationibus
804 528 874 571 eam
907 506 1088 592 perderent.
1135 508 1221 582 Qua·

80 624 212 698 propter
234 635 251 674 e
275 619 359 676 terra
383 613 517 675 barbara
540 614 648 698 potius
666 613 773 697 procul
797 614 867 689 sita,
890 612 944 675 ubi
968 612 1045 675 satis
1068 610 1220 675 frumenti

79 731 246 795 exaretur,
281 736 538 801 unumquemque
577 726 730 800 quantum
754 737 834 801 opus
869 715 927 799 ipsi
962 717 1018 794 sit,
1057 735 1218 780 arcessere

79 820 177 885 iubet.
223 819 315 883 Haec
349 829 433 883 certe
466 819 506 883 de
530 819 643 884 Hermi
677 820 760 884 ualle
793 826 866 883 sunt
900 819 1132 902 intellegenda,
1166 818 1221 883 ubi

83 925 230 1008 planities
265 924 305 986 ad
339 923 498 987 frunrenta
532 923 694 1008 gignenda
727 932 820 1009 aptas
864 943 934 988 esse
968 932 1104 988 constat.
1152 922 1222 1004 ,Ex

81 1027 211 1092 decimis
241 1029 447 1112 agricolarum
482 1028 523 1091 ibi
555 1029 749 1092 frumentum
774 1029 910 1093 multum
940 1032 970 1094 in
996 1029 1111 1092 horrea
1135 1028 1223 1110 rcgia

82 1133 231 1197 collatum
248 1133 351 1215 esse“,
374 1144 483 1198 censet
500 1133 779 1217 Dittcnbergerus,
802 1157 885 1220 quae
909 1144 1016 1198 tamen
1040 1133 1223 1198 coniectura

81 1236 172 1300 factis
207 1237 333 1302 fulcitur
367 1237 470 1301 nullis.
534 1237 656 1302 Eodem
691 1258 730 1301 ea
764 1237 862 1303 refert
907 1258 990 1324 quae
1023 1246 1222 1322 sequuntur:

81 1339 316 1420 ἐσπουδάζομεν
338 1341 370 1405 δὲ
392 1340 467 1421 ὑπὲρ
492 1340 650 1405 τούτων
672 1347 754 1406 κτλ.;
778 1362 816 1405 eo
842 1341 1021 1406 consiliose
1039 1341 1223 1405 horreailla

82 1464 294 1529 comparasse,
318 1455 353 1508 ut
371 1445 513 1511 Graecos
536 1447 714 1527 adiuuaret,
740 1446 935 1529 Antigonum
958 1445 1035 1509 facit
1051 1445 1221 1511 dicentem.

80 1549 126 1613 At
148 1570 243 1634 possa
266 1550 345 1613 haec
367 1551 459 1613 aliter
481 1551 623 1634 intellegi
653 1551 760 1614 statim
784 1570 953 1635 exponam.
1000 1548 1096 1614 Certe
1125 1549 1157 1614 in
1181 1572 1220 1613 ea

81 1675 116 1717 re
139 1653 225 1717 haud
248 1653 359 1718 dubito
383 1655 570 1740 adstipulari
594 1655 661 1720 uiro
685 1655 879 1737 doctissimo,
908 1652 994 1740 quod
1017 1654 1135 1719 tributa
1157 1655 1221 1718 An·

83 1758 227 1843 ligonum
260 1758 461 1840 abarbaris,
492 1780 555 1824 non
585 1763 757 1825 atlraecis
788 1761 936 1844 exegisse
958 1759 1080 1823 statuit.
1126 1757 1221 1832 Quod

82 1863 165 1926 enim
190 1862 450 1946 Waddingtonus
473 1866 504 1928 in
529 1885 557 1930 v.
582 1867 622 1928 83
647 1852 871 1949 suppleuerat:
902 1864 1030 1948 πλησίον
1052 1861 1145 1947 οὔσης
1167 1869 1224 1947 τῆς

83 1965 345 2052 φορολογουμένης
375 1966 465 2050 νηός,
495 1968 525 2031 id
551 1968 818 2052 Dittcnbcrgerus
842 1990 880 2035 eo
904 1969 1038 2050 refellit,
1068 1967 1222 2032 tributum

83 2072 234 2155 colligere
270 2094 340 2136 esse
371 2079 561 2156 φορολογεῖν,
584 2079 821 2158 φορολογοῖοθοι
850 2073 911 2138 dici
934 2072 974 2137 de
999 2073 1044 2138 eis
1066 2092 1086 2136 a
1108 2071 1223 2157 quibus

84 2177 204 2239 tributa
227 2177 408 2259 exigantur.
453 2176 594 2243 Medium
622 2192 730 2243 autem
760 2199 862 2262 genus
886 2177 925 2242 de
949 2198 1032 2241 naue
1056 2177 1224 2241 tributaria

85 2281 229 2364 usurpari
247 2281 300 2343 uix
319 2289 433 2365 potest.
469 2282 616 2347 Ceterum
635 2289 742 2346 exstat
758 2282 869 2347 titulus
886 2281 1084 2368 Erythraeus
1100 2283 1222 2348 litteras

85 2385 237 2449 Antiochi
261 2384 294 2449 ΙΙ
317 2385 357 2448 ad
382 2386 546 2450 ciuitatem
571 2385 822 2471 Erythraeorum
846 2384 936 2450 datas
970 2388 1152 2469 continens,
1182 2408 1222 2450 ex

84 2508 147 2572 quo
180 2488 291 2552 eadem
338 2489 538 2553 immunitate
580 2511 676 2575 quam
707 2489 893 2554 Alexander
930 2491 977 2554 eis
1013 2497 1224 2568 concesserat,

84 2592 180 2656 etiam
193 2592 354 2677 Antigono
369 2600 524 2679 regnante
536 2592 657 2657 fructas
675 2614 746 2658 esse
758 2594 898 2660 Graecas
912 2595 1058 2660 ciuitates
1070 2614 1225 2680 apparere

85 2695 213 2761 uidetur
223 2698 244 2763 ¹.
1093 2764 1095 2767 ,

188 2799 238 2863 Ex
263 2808 349 2865 terra
372 2801 538 2865 tributaria
554 2801 696 2865 Graecos
719 2802 878 2865 frumenta
893 2803 1067 2886 importare
1089 2802 1224 2868 fortasse

84 2902 157 2968 ideo
181 2925 310 2990 qnoque
334 2926 391 2969 rex
409 2905 569 2991 cupiebat,
593 2914 628 2969 ut
653 2907 716 2968 uim
735 2905 853 2971 tributa
875 2905 999 2971 ferendi
1020 2907 1105 2971 illius
1122 2914 1225 2971 terrae

84 3015 227 3090 augeret.
263 3007 338 3081 Qua
367 3031 438 3073 oum
463 3031 499 3076 re
529 3009 608 3074 illud
640 3012 752 3094 opinor
779 3010 861 3074 bene
886 3011 1054 3092 conuenit,
1085 3010 1171 3096 quod
1193 3011 1225 3075 in

83 3112 231 3195 proxima
267 3114 470 3199 paragrapho
509 3116 765 3200 exportationem
802 3113 1036 3179 frumentorum
1071 3114 1223 3180 adiuuare

84 3217 202 3283 studet.
255 3218 400 3284 Exactus
433 3221 515 3283 enim
554 3220 782 3284 frumentorum
820 3220 965 3285 barbaris
998 3221 1082 3285 illius
1120 3227 1225 3284 terrae

85 3345 256 3409 procurare
279 3325 420 3391 uolebat.
467 3325 570 3399 Quam
595 3347 660 3390 rem
685 3327 716 3388 in
741 3325 854 3390 litteris
884 3325 925 3389 ad
947 3324 1045 3390 Teios
1065 3324 1147 3388 datis
1170 3347 1226 3389 ex·

84 3430 223 3512 positam
245 3451 309 3494 non
334 3452 413 3507 esse,
436 3451 499 3494 non
524 3430 629 3509 miror,
654 3451 760 3516 neque
779 3429 1018 3514 Dittcnbcrgeri
1042 3429 1226 3495 coniectura

86 3555 181 3619 quern
204 3554 301 3619 supra
323 3533 509 3616 significem,
541 3534 579 3596 ad
606 3522 796 3619 explicanda
815 3535 900 3617 regis
929 3533 1026 3597 uerba
1051 3555 1132 3617 opus
1155 3553 1226 3599 esse

84 3638 201 3704 iudico.
237 3638 340 3703 Immo
354 3639 536 3723 Antigonus
553 3638 700 3702 nimirum
716 3638 864 3720 affirmat,
878 3659 917 3703 eo
933 3645 1057 3702 tantum
1081 3639 1226 3720 consilio,

87 3752 120 3806 ut
154 3742 339 3807 ciuitatibus
370 3743 576 3827 prouiderat,
608 3743 747 3828 negotiis
770 3744 956 3807 nummariis
984 3764 1040 3808 eas
1072 3743 1227 3826 implicari

85 3869 120 3912 se
153 3854 281 3911 uetasse
309 3845 352 3928 (v.
376 3848 533 3926 tta-88).
580 3847 779 3931 Quamquam
813 3848 895 3913 enirn
925 3849 955 3911 in
993 3847 1107 3912 ceteris
1129 3847 1227 3913 rebus

85 3973 181 4037 quarn
194 3953 366 4015 maximam
379 3951 561 4016 libertatem
572 3952 703 4016 Graecis
714 3951 791 4017 dare
801 3952 859 4016 sibi
871 3954 1081 4037 proposuerit,
1095 3953 1155 4016 hoc
1168 3953 1226 4017 sibi

85 4056 260 4121 curandum
285 4079 364 4137 esse,
388 4066 423 4121 ut
446 4079 521 4122 aere
545 4057 659 4133 alieno,
683 4057 765 4142 quod
789 4057 1017 4138 contraxerint,
1041 4057 1226 4124 liberentur.

86 4161 167 4243 (Hic
189 4183 261 4227 cum
276 4163 504 4227 sententiarum
522 4183 624 4226 nexus
644 4163 696 4241 sit,
721 4162 779 4244 γάρ
794 4182 852 4246 pro
869 4154 924 4225 οὖν
947 4182 976 4227 v.
1001 4164 1042 4226 88
1059 4163 1228 4229 restituen-

87 4267 164 4331 dum
200 4287 270 4331 esse
308 4268 441 4351 censui).
495 4267 616 4332 Tamen
651 4267 705 4332 illo
742 4272 886 4353 tempore
925 4287 996 4331 cum
1030 4266 1230 4334 necessitatis

91 4376 344 4465 fiscanna.
363 4407 429 4476 syn.
450 4407 508 4462 ree.
547 4406 584 4459 u.
604 4407 714 4459 arrian.
738 4405 827 4458 snas.
847 4405 860 4459 1
880 4404 965 4473 nnc.
1003 4403 1061 4470 raa
1085 4421 1145 4459 sum
1166 4403 1235 4473 rm.
