2948 4808
688 246 901 307 ..2⁴2-

224 430 399 519 ἱεροθοτᾶν
434 433 489 501 καὶ
521 432 697 520 ἱεροποιῶν
728 431 786 498 καὶ
816 435 882 499 τῶν
908 427 1014 500 ἄλλων
1048 431 1133 521 [εἸπὶ
1163 428 1206 499 τὰ
1238 428 1357 522 [κ]οινὰ

223 537 432 623 τασσομένων
457 536 518 627 [εἷς
539 531 778 625 εὐαρ]έσ[τησιν
800 530 907 603 αὐτῶν
928 534 1077 604 Λινδίων
1099 562 1128 603 κ.
1150 562 1179 603 τ.
1201 538 1230 603 λ.

311 644 471 708 Nimirum
495 644 706 728 magistratus
730 641 921 707 Lindiorum
949 664 1079 721 omnes,
1104 648 1138 707 et
1160 643 1215 728 qui
1238 642 1280 706 ad
1303 642 1359 707 de-

223 769 314 813 orum
346 749 469 812 cultum
500 748 666 833 pertinent
694 752 726 811 et
756 746 811 831 qni
832 767 969 811 munera
997 746 1106 810 civilia
1133 752 1267 831 gerunt,
1291 747 1359 811 sul·

222 851 332 936 fragiis
348 852 452 916 lectos
469 872 543 916 esse
560 873 603 916 cx
620 850 682 915 boc
696 850 792 914 titulo
810 851 1026 935 cognoscitur,
1044 851 1084 915 cl.
1101 850 1201 915 rerba
1216 845 1355 916 ἐπιστά-

221 980 276 1021 ται
294 953 489 1040 αἱρεθέντες,
506 952 694 1043 αἱρεθέντες
715 948 828 1042 ἅνδρες
842 951 1133 1042 συναγωνίσασθαι
1149 958 1224 1034 ταῖς
1239 951 1358 1036 δίκαις,

221 1059 341 1126 deinde
355 1082 403 1127 vs.
418 1066 458 1124 40
480 1058 537 1125 καὶ
561 1061 625 1126 τῶν
648 1053 754 1125 litha
770 1057 856 1145 [ilai
872 1054 913 1124 τὰ
929 1055 1050 1147 [κ]οινὰ
1069 1056 1280 1143 τασσομένων
1302 1058 1359 1145 (cl.

220 1164 374 1255 Foucarti
397 1165 438 1230 ad
460 1166 546 1230 hunc
568 1166 618 1229 tit.
642 1165 742 1251 adm).

311 1269 351 1334 In
382 1270 455 1335 aliis
486 1270 673 1335 civitatibus
703 1270 809 1355 qualis
837 1269 1092 1334 sacrificulorum
1116 1269 1216 1335 luerit
1237 1271 1358 1336 creatio

222 1398 264 1439 ex
288 1374 393 1439 titulis
416 1396 481 1440 non
505 1375 659 1440 cernitur.

307 1477 350 1562 B)
374 1477 551 1562 Postquam
565 1499 638 1562 quo
647 1499 676 1541 m
685 1476 754 1541 odo
766 1476 938 1540 sacrificuli
952 1476 1057 1542 creari
1070 1477 1197 1541 soleant
1209 1476 1359 1559 vidimus,

139 1584 140 1587 ’
219 1602 304 1646 nune
328 1588 378 1647 est
401 1582 641 1668 quaerendum,
665 1581 885 1667 exquibus
915 1581 1012 1646 electi
1044 1581 1117 1646 sint.
1163 1581 1236 1655 Qua
1259 1580 1300 1647 de
1323 1605 1358 1647 re

220 1686 304 1773 quod
328 1686 459 1773 quidem
482 1687 523 1752 ad
545 1687 677 1752 decom
695 1685 876 1773 publicos
893 1684 1201 1750 Atheniensium
1218 1685 1357 1752 attineat

219 1790 301 1854 nihil
324 1791 429 1856 titulis
457 1790 650 1856 continetur.
691 1789 749 1854 Ex
773 1790 929 1854 civibus
952 1811 1010 1855 cos
1034 1795 1161 1855 creatos
1183 1812 1258 1855 esse
1281 1812 1358 1855 cou-

221 1902 412 1960 sentaneum
437 1900 502 1960 est:
533 1900 621 1959 certe
645 1893 731 1980 quod
754 1916 797 1959 ex
819 1894 913 1959 titulo
929 1893 1092 1959 Rossiano
1108 1893 1149 1960 dc
1165 1894 1269 1959 demis
1289 1894 1359 1962 Att.

219 2021 250 2064 n.
266 2003 314 2079 12,
338 1999 394 2064 ubi
418 2005 569 2086 quattuor
591 1999 707 2063 ultima
729 1998 862 2063 nomina
884 1998 1133 2084 peregrinorum
1157 1998 1238 2078 sint,
1261 2020 1357 2084 pere-

220 2104 321 2188 grinis
352 2124 480 2190 quoque
512 2103 553 2167 ad
582 2103 668 2167 hunc
699 2103 924 2188 magistratum
948 2101 1072 2167 aditum
1095 2102 1197 2168 fuisse
1220 2101 1358 2168 Rossius

222 2215 256 2271 et
278 2207 467 2272 Boeckhius
491 2229 561 2273 occ.
585 2207 673 2293 publ.
690 2206 811 2272 Athen.
837 2207 851 2270 Ι
875 2229 905 2294 p.
925 2209 987 2271 302
1011 2206 1259 2287 contenderunt,
1283 2227 1358 2272 eum

223 2311 352 2376 titulum
381 2311 444 2376 huc
474 2311 605 2375 omniuo
638 2332 702 2375 uon
735 2311 899 2396 pertinere
933 2332 1032 2397 supra
1069 2332 1100 2396 p.
1128 2316 1165 2374 10
1202 2332 1272 2397 sqq.
1301 2309 1357 2375 de·

221 2416 482 2481 monstravimus.
526 2414 637 2499 Atque
659 2420 748 2480 recte
764 2414 809 2482 H.
826 2414 987 2501 Sauppius
1002 2414 1026 2498 ¹)
1043 2415 1077 2479 in
1092 2435 1227 2479 numero
1245 2436 1357 2480 eorum

223 2520 472 2604 magistratuum
505 2519 714 2585 denariorum
753 2540 890 2604 quorum
927 2520 1075 2605 singuli
1109 2541 1156 2586 ex
1188 2521 1358 2606 singulis

222 2623 404 2688 tribubus
439 2624 567 2689 creati
611 2623 676 2686 sint
713 2628 884 2688 enumerat
920 2644 992 2687 cum
1025 2623 1144 2688 multos
1175 2623 1259 2690 alios
1290 2629 1358 2688 tum

222 2727 431 2793 sacrificulos.

309 2830 440 2896 Pariter
463 2831 582 2916 singuli
606 2853 649 2896 ex
672 2831 809 2916 singulis
829 2829 978 2895 tribubus
995 2829 1149 2896 destinati
1166 2838 1241 2896 sunt
1258 2833 1357 2897 secri-

222 2936 308 3000 ficuli
323 2935 638 3000 extraordinarii
652 2927 767 3024 Ἀθήν.
783 2935 833 2998 VI
847 2938 919 3016 482,
936 2935 1023 3022 quod
1036 2935 1197 3001 demetiae
1208 2936 1359 3022 probant.

309 3039 431 3104 Contra
467 3038 610 3104 tribuum
647 3038 761 3104 ordine
794 3060 859 3103 non
889 3038 1064 3104 observato
1097 3061 1145 3104 ex
1174 3040 1359 3104 omnibus

224 3143 532 3209 Atheniensibus
560 3148 595 3206 ut
625 3143 708 3206 solet
731 3142 801 3207 fieri
824 3142 858 3205 in
880 3143 1072 3227 magistratu
1096 3144 1260 3229 suffragiis
1287 3167 1357 3210 cre-

223 3249 309 3313 ando
326 3248 491 3333 eliguntur
506 3245 769 3312 Eumenidum
787 3242 966 3330 ἱεροποιοίε
990 3245 1086 3311 Dcm.
1103 3268 1131 3312 c.
1147 3247 1226 3312 Mid.
1243 3249 1262 3326 ξ
1282 3253 1357 3312 115:

223 3352 368 3440 περιεῖδε
383 3350 419 3417 δέ
433 3355 507 3430 ταῖς
530 3353 669 3435 Σεμναῖς
688 3352 788 3427 Θεοῖς
811 3344 979 3435 ἱεροποιὸν
998 3345 1172 3437 αἱρεθέντα
1187 3350 1229 3433 ἐξ
1240 3345 1358 3441 Ἀθη-

223 3453 341 3522 ναίων
364 3448 554 3520 ἁπάντων
576 3478 605 3519 νὴ
628 3478 656 3520 τ.
680 3453 708 3519 λ.

308 3560 379 3625 Iam
410 3559 568 3645 singulari
598 3557 694 3623 modo
730 3559 895 3644 eliguntur
919 3560 1092 3624 sacrificuli
1121 3561 1144 3624 ii
1171 3563 1226 3647 qui
1255 3563 1359 3627 sacris

224 3663 442 3728 Eleusiniis
484 3683 615 3748 operam
661 3662 750 3728 dent.
816 3660 880 3735 Qui
924 3685 997 3728 cum
1036 3665 1069 3728 in
1107 3665 1241 3751 antiquo
1264 3666 1359 3731 titulo

225 3767 262 3835 O.
290 3768 317 3831 l.
344 3769 384 3834 A.
417 3768 474 3831 15
523 3763 725 3853 ἱεροποιοὶ
757 3759 1008 3834 Ἐλευσινίων
1045 3767 1208 3855 iidemque
1239 3769 1273 3833 in
1308 3771 1359 3834 in·

226 3871 402 3957 scriptione
432 3870 628 3956 gravissima
649 3870 821 3935 Eleusinia
847 3873 965 3937 aetatis
988 3871 1157 3937 Pericleae
1180 3894 1284 3958 nuper
1308 3895 1359 3938 re-

225 3983 319 4063 porta
347 3974 448 4060 (Bull.
477 3975 517 4042 de
547 3996 631 4042 corr.
662 3976 738 4042 hell.
770 3977 818 4040 IV
841 3999 873 4063 p.
891 3979 953 4042 226
977 3978 1076 4064 sqq),
1107 3998 1172 4063 qua
1194 3976 1235 4041 de
1259 3977 1358 4043 rebus

296 4202 316 4265 ¹)
335 4199 540 4254 commentatio
558 4199 593 4254 de
605 4200 747 4255 creatione
758 4201 923 4256 archontum
936 4202 995 4256 Att.
1025 4200 1152 4271 Gotting.
1181 4202 1248 4256 1854
1276 4220 1303 4272 p.
1316 4203 1360 4255 22.
