2954 4816
667 233 876 295 -ro-
986 218 990 220 ’

206 429 299 488 erant
322 422 447 487 omissis
463 422 517 503 (cs.
531 422 739 487 Schmidtium
755 444 785 508 p.
801 424 896 505 1-2)
913 425 1022 491 ordiar
1033 434 1195 513 tamquam
1208 451 1227 493 a
1239 430 1344 515 capite

204 528 301 592 totius
325 527 547 612 disputationis
570 548 589 590 a
613 527 787 592 Schmidtio
815 529 980 596 institutae
1026 553 1128 616 paene
1151 554 1208 618 per
1238 541 1342 620 totum

204 630 301 696 Nonii
321 631 438 696 librum
462 639 565 696 certos
582 639 614 697 et
634 632 795 717 longiores
814 633 1070 700 testimoniorum
1093 659 1134 701 en
1150 638 1340 724 quibusdam

205 736 412 821 scriptoribus
430 736 691 821 depromptarum
709 735 835 801 ordines
851 738 989 804 inueniri
1005 738 1199 806 Schmidtius
1215 741 1346 807 demon·

204 841 326 905 strauit.
381 839 572 905 Ilfliciuntur
600 848 709 905 autem
742 841 884 927 exceptis
915 842 1076 906 nonnullis
1110 844 1281 910 uerborum
1312 853 1345 912 et

203 943 429 1010 aduerbiorum
469 944 649 1026 ordinibus,
684 965 765 1030 quos
798 943 923 1009 Nonius
964 968 1004 1009 ex
1042 946 1148 1033 aliquo
1188 950 1344 1033 glossario

204 1048 333 1114 uidetur
355 1048 608 1134 transscripsisse
632 1047 685 1128 (cs.
709 1047 865 1113 Schmidt.
888 1069 918 1134 p.
948 1051 1032 1131 114),
1055 1050 1101 1113 illi
1125 1051 1253 1117 ordines
1284 1053 1344 1138 Ipsi

204 1153 359 1237 exemplis
375 1152 541 1239 primariis,
558 1171 642 1238 quas
657 1155 759 1235 primo
773 1153 843 1216 loco
861 1153 1019 1218 collocata
1032 1174 1103 1218 esac
1120 1155 1223 1219 solent
1239 1178 1343 1242 eaque

66 1311 69 1317 .
204 1255 399 1320 secernenda
429 1277 500 1321 esse
531 1254 572 1320 ab
605 1256 761 1341 exemplis
789 1256 966 1322 subseciuis
1001 1264 1087 1320 recte
1122 1259 1184 1322 iam
1218 1259 1344 1325 Schott·

204 1360 395 1425 mucllerus¹
420 1360 583 1425 docuerat.
608 1360 675 1424 Illis
697 1360 793 1446 igitur
810 1361 966 1446 exemplis
984 1362 1142 1445 primariis
1167 1384 1249 1448 quae
1276 1364 1343 1428 effi·

202 1465 327 1529 ciuntur
349 1465 457 1544 series,
481 1485 539 1529 eac
562 1464 667 1529 solent
683 1463 821 1530 eundern
838 1465 982 1530 ordinem
998 1465 1136 1549 efficere,
1156 1487 1220 1550 quo
1244 1465 1340 1531 hodie

203 1589 330 1654 quoque
354 1567 442 1654 apud
467 1588 523 1632 eos
547 1568 718 1652 scriptores
741 1568 901 1652 leguntur.
988 1628 990 1634 Α

305 1672 419 1760 Neque
442 1673 545 1736 minus
569 1682 663 1736 acute
681 1671 981 1751 Schcttmuellerus,
998 1694 1070 1736 omn
1093 1673 1230 1758 primurn
1246 1672 1342 1737 Nonii

203 1783 299 1863 caput
321 1777 500 1841 accuratius
529 1760 764 1861 perlustrasset,
804 1777 939 1842 coniecit
968 1778 1000 1840 in
1024 1777 1156 1862 singulis
1181 1778 1339 1862 capitibus

202 1882 372 1965 scriptores
386 1903 405 1945 a
421 1879 526 1945 Nonio
540 1889 627 1945 certo
644 1881 784 1966 quodam
801 1880 911 1945 ordine
928 1882 1016 1944 citari
1033 1891 1131 1965 atque
1146 1880 1340 1946 Terentiana

202 1984 329 2070 quidem
352 1984 435 2049 inter
450 1984 637 2069 Vergiliana
661 1991 693 2049 ct
709 1984 920 2050 Ciceroniana
944 1992 1055 2049 tenere
1072 1985 1187 2049 locum.
1222 1984 1342 2059 Quaru-

202 2110 296 2174 quam
309 2110 371 2154 non
386 2089 500 2170 omnia,
518 2110 600 2174 quae
613 2088 900 2154 Sohottmnellerus
917 2090 1104 2165 coniecerat,
1121 2094 1207 2153 recte
1218 2095 1339 2153 statuta

201 2200 275 2259 sunt
300 2232 340 2242 —
365 2213 437 2256 nam
455 2191 663 2275 Ciceroniana
683 2212 813 2275 perraro
837 2199 912 2277 post
926 2191 1120 2256 Terentiana
1143 2191 1336 2256 exhibentur

201 2319 260 2362 nec
275 2297 433 2372 Plautina,
449 2295 624 2377 Luciliano,
639 2295 816 2360 Afraniana
831 2303 892 2360 clo.
912 2317 983 2360 cum
999 2294 1151 2359 Terentio
1169 2295 1339 2360 coniuncta

201 2401 317 2466 desunt
332 2437 385 2483 -,
401 2407 486 2464 csrte
504 2398 639 2483 Vergilii
655 2400 836 2463 testimonia
852 2421 922 2463 curn
940 2398 1141 2464 Terentianis
1152 2400 1341 2483 saepissime

202 2506 381 2570 consociata
404 2524 473 2568 esse
496 2503 764 2568 Schottmuellero
789 2501 1027 2567 concedendum
1053 2512 1117 2567 est:
1146 2503 1341 2587 quinetiam

201 2608 285 2671 haud
310 2608 418 2693 paucis
442 2609 520 2672 locis
552 2607 779 2671 Terentianum
813 2606 939 2671 duobus
962 2606 1153 2691 Vergilianis
1185 2607 1244 2670 sub
1276 2626 1339 2671 uno

200 2711 348 2777 lemmate
372 2713 612 2776 circumclusum
636 2712 764 2796 legitur.
795 2709 907 2775 Confi:
931 2713 1049 2790 235,3r
1070 2711 1223 2797 aequalia]
1240 2710 1339 2795 Verg.

199 2816 252 2880 lib.
276 2816 316 2892 V,
339 2816 409 2882 Ter.
439 2816 471 2881 in
494 2816 651 2881 Eunucho
668 2819 680 2896 Η
697 2819 813 2897 236,ΙΙ
850 2814 1007 2900 apertum]
1037 2816 1138 2900 Verg.
1162 2816 1216 2879 lib.
1240 2813 1339 2895 VIII,

200 2918 272 2983 Ter.
297 2918 452 3006 Adelphis
468 2920 480 3002 ΗΗ
497 2921 620 3001 242,10
644 2918 774 3002 ambite]
809 2917 906 3003 Verg.
931 2920 984 2983 lib.
1008 2918 1086 2998 VII,
1120 2915 1193 2984 Ter.
1218 2919 1247 2980 in
1274 2920 1338 2983 An·

199 3022 431 3105 driall249,ll
460 3020 656 3104 comminare]
689 3022 786 3107 Verg.
817 3022 869 3085 lib.
894 3021 951 3095 IX,
983 3022 1057 3087 Ter.
1081 3023 1112 3085 in
1136 3021 1293 3085 Eunucho
1311 3021 1323 3103 ΗΗ

198 3129 314 3208 250,Ιὸ
337 3126 445 3209 colere]
462 3127 560 3212 Verg.
576 3127 630 3193 lib.
647 3124 707 3206 IV,
723 3125 797 3191 Ter.
811 3127 842 3190 in
859 3125 978 3191 Heaut.
996 3124 1008 3208 ll
1025 3128 1141 3207 251‚19
1165 3121 1336 3209 castiqure]

198 3228 298 3314 Verg.
323 3230 376 3295 lib.
398 3229 439 3311 V,
469 3230 543 3295 Ter.
574 3230 693 3295 Heaut.
711 3230 723 3310 ΗΗ
740 3232 862 3310 253,17
888 3229 1012 3314 cupere]
1041 3228 1140 3314 Verg.
1165 3230 1218 3294 lib.
1242 3224 1338 3306 VIll,

198 3333 270 3399 Ter.
293 3335 325 3398 in
339 3333 456 3399 Heaut.
474 3333 486 3417 ΗΗ
503 3337 619 3413 253,33
644 3333 767 3418 capere]
790 3334 890 3419 Verg.
913 3335 968 3401 lib.
985 3333 1019 3397 ΙΙ
1043 3341 1075 3396 et
1097 3333 1151 3397 lib.
1176 3330 1237 3409 ΙΙΙ,
1267 3330 1338 3394 Ter.

196 3439 229 3503 in
251 3436 442 3503 Phormione
459 3438 582 3522 Η255,9
610 3438 752 3522 crepare]
787 3438 886 3523 Verg.
921 3437 1038 3522 Georg.
1071 3436 1124 3499 lib.
1149 3434 1174 3513 Ι,
1206 3434 1280 3501 Ter.
1303 3434 1334 3497 in

197 3542 390 3608 Phormione
405 3545 419 3624 Η
435 3544 550 3618 ἳ78,29
575 3541 630 3625 da]
654 3541 751 3627 Verg.
774 3543 808 3606 in
830 3542 953 3626 Bucol,
977 3541 1075 3625 Verg.
1099 3540 1153 3606 lib.
1176 3538 1236 3622 VI,
1261 3538 1334 3603 Ter.

195 3645 227 3708 in
238 3644 358 3711 Heaut.
374 3649 387 3729 Η
403 3654 464 3711 etc.

300 3752 420 3831 237,25
452 3750 572 3834 aditus]
603 3750 675 3814 Ter.
705 3751 736 3813 in
760 3748 898 3823 Andria,
927 3747 1026 3833 Verg.
1057 3746 1110 3810 lib.
1140 3743 1335 3829 xllalcee

197 3853 357 3938 asperum]
380 3853 454 3919 Ter.
478 3853 608 3929 Heaut.,
630 3851 727 3938 Verg.
750 3852 868 3937 Georg.
892 3853 944 3916 lib.
969 3849 1019 3915 IV
1034 3849 1046 3932 ΗΗ
1063 3850 1186 3924 275,24
1203 3869 1335 3932 capnos·

198 3955 278 4040 cere]
302 3957 375 4023 Ter.
398 3959 431 4021 in
455 3958 588 4031 Andria,
617 3956 715 4042 Verg.
740 3956 860 4042 Georg.
892 3956 946 4021 lib.
971 3955 1015 4037 ΙΗ
1031 3956 1125 4032 2883
1155 3950 1329 4033 detrahere]

197 4058 268 4124 Ter.
291 4041 422 4144 Heaut.,
445 4060 544 4146 Verg.
569 4062 689 4147 Georg.
713 4061 767 4125 lib.
790 4061 839 4125 IV
856 4059 868 4144 ΗΗ
885 4068 945 4125 etc.

300 4168 373 4245 284,
385 4169 423 4231 19
446 4165 589 4251 differre]
616 4165 714 4251 Verg.
731 4164 849 4248 Georg.
865 4164 919 4229 lib.
937 4162 999 4244 III,
1014 4162 1087 4227 Ter.
1110 4162 1141 4224 in
1160 4157 1325 4242 Adelphis,

301 4374 448 4442 asprnbol.
468 4373 562 4440 philol.
583 4375 671 4425 Boon.
688 4371 750 4423 1867
772 4389 798 4438 p.
816 4369 867 4422 809
886 4385 944 4440 squ·
