3030 4816
674 303 764 388 [361]
1245 306 1283 368 15

253 495 418 577 ariptoirrvsg
441 496 539 581 Soph.
564 497 602 561 O.
618 497 656 561 R.
675 499 767 562 1052.
787 535 826 544 -
842 494 987 574 κάκεῖνος,
1003 494 1176 573 κάνταῦθα,
1199 493 1283 578 κᾶγοί
1333 482 1338 487 ⁵

152 603 349 687 saepissime.
376 638 413 648 —
437 600 491 676 κοῖς
514 602 677 685 Aristoph.
700 600 764 664 Au.
781 604 843 664 949
867 601 907 666 al.
931 621 988 683 pro
1004 602 1053 663 καὶ
1069 603 1108 677 ἐς.
1134 640 1173 650 -
1197 598 1283 664 κάπι-

147 707 268 790 χωρίοις
289 706 402 772 Aesch.
417 705 528 790 Suppl.
545 707 619 769 800.
646 741 680 749 --
706 704 761 768 miv
784 704 858 769 ibid.
882 709 954 770 834.
978 741 1019 753 -
1039 703 1159 793 χάτέρῳ
1184 705 1282 790 Soph.

151 811 226 876 Ant.
251 813 321 875 687.
345 812 418 875 569.
438 845 473 852 -
491 807 677 893 κάπίληπτος
699 808 774 874 ibid.
798 810 871 872 406.
890 843 924 852 -
944 806 1092 892 κάξέλεγχ’
1118 808 1192 873 ibid.
1210 812 1282 876 399.

154 953 191 965 -·
208 909 274 979 adu
290 915 366 979 ibid.
379 917 420 977 64
437 934 493 998 pro
509 915 559 976 aui
575 911 627 978 ἔτι.
645 946 680 956 -·
696 911 790 992 κάμοί
804 920 836 976 et
851 914 920 977 sim.
933 913 1031 998 Soph.
1045 914 1122 979 Ant.
1135 916 1186 978 32.
1199 917 1227 978 6.
1241 950 1282 960 -

150 1018 240 1083 κάπεί
249 1017 323 1084 ibid.
341 1021 410 1082 168.
435 1015 560 1097 alianto
572 1017 629 1080 Ar.
642 1016 727 1081 Eccl.
742 1019 834 1080 1100.
849 1053 889 1062 -
902 1014 1047 1081 aniasitirv
1062 1015 1239 1083 θ1κο1κεῖ0.
1254 1016 1280 1083 1.

150 1123 190 1187 A.
203 1123 322 1204 11411,
337 1124 386 1187 12.
399 1123 451 1185 20.
465 1155 504 1165 -
516 1117 599 1201 κάγώ
612 1120 637 1184 Ι.
650 1120 688 1183 G.
702 1120 742 1182 A.
758 1123 821 1183 492
835 1120 854 1183 b
869 1124 906 1201 33
921 1119 1102 1183 κοίπίστατον
1112 1120 1188 1186 ibid.
1202 1143 1247 1185 us.
1262 1123 1280 1182 4

149 1228 179 1291 in
196 1227 304 1290 Attica
326 1225 533 1308 inscriptione
552 1224 746 1288 monumenti
767 1223 933 1307 Sigeensis.
950 1259 990 1268 —-
1002 1223 1161 1306 κάποίησεν
1173 1222 1280 1307 'Eppia

151 1329 319 1413 (2923883
334 1351 366 1414 p.
384 1328 424 1391 38
442 1331 520 1409 11.8;
544 1324 678 1408 solarique
703 1327 738 1392 0.
762 1328 788 1392 Ι.
812 1327 850 1393 G.
875 1329 958 1391 8157
983 1325 1179 1410 ο1κο1ποίησε
1204 1327 1279 1393 (1.1.

152 1436 189 1500 G.
208 1437 292 1499 8154
310 1434 340 1496 in
359 1432 615 1518 inscriptionibus
630 1430 765 1496 duorum
781 1453 933 1497 uasorum
954 1433 1185 1517 uetustissimis,
1202 1454 1279 1518 quas

152 1539 278 1604 Atticae
302 1537 439 1602 dialecto
463 1536 625 1601 tribuerim
650 1544 782 1622 propter
804 1537 936 1600 formam
960 1534 1050 1601 ποὲω.

252 1639 284 1711 5.
318 1663 348 1715 u,
371 1663 401 1703 ou
425 1648 462 1714 -t
487 1663 511 1702 ει
534 1639 732 1705 contrahitur

228 1824 235 1839 .
316 1764 348 1812 a.
383 1746 421 1809 in
444 1767 474 1827 cp.
520 1740 595 1832 κᾷτα
619 1743 1280 1829 801111.Αἱ.1152111Χο11.Ησ]1.1’113,

391 1851 430 1912 10
453 1856 485 1914 st
507 1848 582 1913 olibi
604 1848 786 1913 sescenties.

315 1952 350 2020 b.
388 1954 425 2015 in
449 1975 481 2014 ει.
526 1954 580 2029 κεί,
604 1953 663 2028 κείς
687 1950 772 2037 opud
796 1953 942 2035 tragicos.
989 1951 1087 2036 Soph.
1110 1951 1279 2018 11111234.

389 2060 461 2121 461.
506 2053 700 2138 κείσήκουσας
722 2055 797 2120 ibid.
822 2059 850 2119 9.
889 2093 929 2101 -
966 2055 1107 2138 111[ἴ]κοο1
1131 2056 1166 2122 C.
1187 2058 1213 2122 I.
1238 2059 1278 2123 A.

391 2165 419 2243 9,
439 2165 458 2225 8
477 2160 675 2244 (exemplum
695 2159 789 2223 ualde
807 2159 978 2242 incertum3
1000 2163 1206 2224 ΚΕΝΚΟΕΙ
1220 2169 1281 2225 tra·

387 2263 472 2327 ditur
493 2264 524 2327 in
547 2263 682 2328 lectione
705 2263 853 2327 Fauuolii
876 2264 1135 2349 corruptissima).

253 2369 332 2433 Mira
356 2391 432 2432 saue
459 2368 671 2452 discrepantia
701 2367 936 2444 contractionis,
965 2367 1049 2432 undo
1073 2367 1276 2434 Thierschius

147 2475 216 2556 (Gr.
240 2474 257 2554 ἓ
283 2476 332 2553 38,
356 2477 375 2537 4
399 2472 471 2535 adn.
495 2469 530 2554 2)
560 2471 677 2556 aliique
705 2471 843 2535 scribere
866 2472 1047 2535 maluerunt
1078 2469 1101 2534 κ’
1125 2474 1163 2548 sl,
1187 2472 1212 2534 κ’
1236 2475 1278 2550 εἰς

147 2578 324 2662 eodemque
348 2575 441 2641 modo
465 2576 490 2636 κ’
511 2571 603 2650 αὐτός
618 2575 697 2655 sim,
720 2576 846 2640 omnino
865 2574 1027 2639 elisionem
1044 2584 1073 2638 ai
1088 2576 1277 2660 diphthongi

147 2681 282 2766 copulae
305 2677 507 2744 statuendam
531 2679 602 2742 reti.
649 2677 768 2741 Verum
792 2678 915 2742 elisioni
942 2705 970 2741 αι
1001 2679 1190 2764 diphthongi
1221 2683 1276 2746 ob·

148 2789 233 2849 stant
256 2785 376 2868 reliquo
400 2782 555 2867 exempla,
580 2790 614 2845 ut
637 2780 803 2860 aril'ripszoa
826 2782 925 2867 Soph.
945 2783 995 2848 Ai.
1013 2786 1085 2865 327,
1108 2769 1176 2850 acin
1200 2787 1276 2852 Ant.

148 2892 199 2969 64,
223 2889 336 2974 quihus
360 2890 390 2951 iu
415 2888 570 2973 exemplis
593 2911 651 2974 per
682 2887 817 2952 duarum
847 2890 1006 2953 uocalium
1037 2893 1276 2955 commissuram

147 2995 243 3077 longa
265 2993 366 3056 oritur
388 2993 517 3055 uocalis.
563 2991 635 3057 Uno
658 2993 729 3055 loco
754 2993 802 3053 καὶ
828 3002 894 3063 ta
917 2992 983 3056 fieri
1008 2992 1135 3058 uidetur
1157 2985 1211 3060 κᾶι
1244 2997 1275 3058 iu

147 3096 243 3160 scolio
267 3096 352 3180 apud
377 3095 494 3160 Athen.
518 3095 579 3159 XV
604 3098 695 3159 oasa
718 3094 743 3157 κ’
771 3079 1006 3176 Ἀριστογείτων.
1049 3097 1156 3183 Atque
1179 3101 1275 3163 orasis

147 3201 273 3285 quidem
303 3200 399 3263 statui
425 3199 550 3284 nequit,
583 3201 656 3283 quis
688 3201 785 3283 longa
816 3199 939 3285 syllaba
973 3209 1074 3264 metro
1107 3204 1275 3287 respuitur.

146 3304 305 3388 Bergkius
328 3310 433 3367 autem
458 3304 511 3386 (P.
524 3304 561 3369 L.
577 3304 613 3367 G.
624 3304 709 3369 Scol.
724 3303 769 3387 9),
787 3325 856 3368 cum
874 3305 973 3384 elisio,
990 3327 1083 3390 quam
1096 3307 1276 3371 Brunclrius

146 3408 277 3493 recepit,
302 3406 386 3471 haud
407 3407 500 3470 solita
520 3408 570 3489 sit,
595 3407 801 3492 probabiliter·
824 3407 926 3471 forma
950 3410 1016 3490 καί,
1032 3431 1126 3494 quam
1150 3410 1274 3474 codices

147 3512 287 3591 tradunt,
310 3511 434 3594 integra
456 3520 585 3575 seruata
608 3513 772 3576 metricam
791 3513 937 3594 agnoscit
952 3514 1112 3577 licentiam
1126 3515 1157 3577 in
1173 3535 1275 3599 popu·

144 3616 264 3679 laribus
296 3615 459 3679 cantilenis
488 3615 616 3680 minime
649 3616 840 3681 inauditam:
871 3614 1028 3697 Ἁρμόδιος
1058 3621 1105 3680 καὶ
1138 3616 1276 3700 Ἀριστο-

143 3721 250 3801 γείτων
273 3734 386 3796 -111,
410 3733 522 3795 -lta,
544 3734 631 3796 -Ll,
654 3755 756 3785 --.

247 3822 439 3899 (instructio,
471 3845 534 3908 qua
558 3824 652 3888 modo
676 3851 695 3912 ᾳ
717 3824 851 3890 efficitur
880 3824 975 3889 modo
999 3851 1034 3907 ει,
1070 3828 1115 3890 ita.
1149 3832 1274 3890 tanturn

145 3928 295 4013 explicari
320 3935 437 4013 potest,
462 3934 496 3990 ut
520 3934 664 3991 naturam
687 3953 712 3992 ει
735 3928 923 4014 diphthongi
947 3929 976 3992 in
1007 3926 1072 3992 sita
1104 3936 1135 3993 et
1166 3931 1203 4007 sl,
1233 3932 1275 4006 εἰς

144 4031 302 4097 diuersam
330 4032 545 4115 respiciamus.
590 4029 656 4095 εἶτα
685 4033 858 4118 respondet
889 4055 946 4108 sor.
972 4033 1040 4097 dtas
1070 4031 1126 4115 (cf.
1150 4033 1275 4120 Benley

144 4135 399 4199 Wurzellexioon
424 4136 440 4197 I
464 4134 514 4218 9),
544 4157 607 4220 quo
639 4137 792 4221 probatur
820 4138 860 4202 ab
893 4139 1014 4220 origine
1043 4138 1274 4222 diphthongum

142 4239 173 4302 in
197 4239 312 4303 uocula
335 4238 483 4320 infuisse3
513 4241 556 4315 sig
579 4260 653 4304 vern
678 4262 717 4305 ex
741 4240 808 4317 *ἕνς
839 4247 944 4305 ortum
976 4250 1025 4306 est
1057 4262 1114 4326 per
1137 4242 1272 4328 produc·

143 4342 261 4407 tionem
284 4342 511 4426 suppletorium
535 4364 630 4427 quam
654 4354 781 4425 uocant,
805 4346 830 4407 si
854 4368 894 4411 ex
918 4343 1005 4429 iffi,
1030 4346 1083 4411 lat.
1108 4359 1145 4412 si.
1174 4384 1209 4393 -
