2970 4814
231 291 272 352 σε
671 329 710 338 -
758 287 844 376 [ιιι]
894 327 931 336 -

316 459 388 528 214
410 459 564 539 σκέλος;
598 460 725 548 λέγεται
752 457 790 528 τό
820 456 895 527 ὅλον
922 458 1019 546 μέρος
1046 453 1117 528 ἀπὸ
1144 462 1204 527 τού
1232 456 1369 546 γόνατος

231 561 291 642 ἕως
305 565 364 630 τοῦ
379 556 584 651 ἀστραγάλου
598 559 745 654 κνήμη,
769 559 862 650 παρὰ
877 560 915 631 τό
939 565 1017 630 κινιῦ
1036 559 1153 652 κινήμη
1175 561 1231 629 καὶ
1254 560 1367 651 κνήμη,

211 663 323 753 παρὰ
353 662 391 734 τὸ
423 662 475 734 ἀεὶ
506 667 540 734 ἐν
569 664 692 758 κινήσει
715 662 874 755 ὑπάρχειν
897 661 1083 751 ὀνομασθέν
1098 671 1131 746 ¹).
1179 668 1196 733 ὁ
1226 666 1262 733 δὲ
1284 662 1369 753 πρὸς

230 766 308 851 τούς
329 767 508 851 δακτύλους
529 767 635 851 τόπος
656 767 802 858 ταρσός
823 770 959 858 λέγεται,
982 769 1066 849 τινὲς
1088 769 1125 837 δὲ
1141 769 1256 837 κτένα
1270 772 1368 836 τοῦτο

230 875 384 941 καλοῦσιν
416 870 440 964 ἢ
472 872 623 943 πεδίον.
668 871 707 942 τὸ
744 874 781 941 δὲ·
811 869 969 942 ὑποκάτω
1002 875 1062 941 τοῦ
1096 871 1202 953 ποδὸς
1235 872 1368 958 πίλμα

231 975 520 1065 προσαγορεύουσι.
574 982 621 1067 τηῖ
652 979 689 1047 δὲ
716 982 776 1046 τοῦ
804 981 909 1066 μηροῦ
938 971 1025 1067 όστηῖ
1054 975 1110 1044 καὶ
1140 981 1200 1067 τῆς
1230 974 1369 1064 περόνης

230 1080 396 1150 ἐπίκειται
419 1086 438 1171 η
460 1082 675 1170 όπιγονατί
680 1110 705 1165 ς,
727 1084 844 1166 χαῦνον
859 1072 942 1150 ούσα
958 1075 1075 1149 ὀστοῦν
1090 1079 1147 1152 καί
1165 1077 1367 1168 στρογγύλον,

231 1181 278 1253 δι’
305 1178 428 1266 ότινες
449 1183 571 1275 μύλην
594 1181 695 1278 αύτὴν
717 1188 881 1268 καλοῦσιν,
915 1180 985 1253 ἀπό
1016 1187 1075 1273 τῆς
1104 1181 1167 1266 ἔξω
1196 1181 1282 1272 πρός
1309 1181 1369 1275 τὴν

230 1285 375 1380 μηχανὴν
399 1288 582 1379 ε’μφερείας,
611 1287 729 1359 διὰτὸ
756 1284 839 1358 εἶναι
864 1283 930 1357 ἀνω
953 1290 1012 1356 τού
1037 1283 1164 1376 ἀρθρου
1191 1286 1368 1370 τὸκοῖλον,

232 1389 276 1475 ὡς
305 1394 363 1460 καὶ
385 1396 445 1484 τῆς
465 1391 569 1482 μύλης
590 1392 629 1463 τὸ
650 1391 804 1481 ύπερθεν,
836 1393 869 1461 ἐν
891 1383 918 1482 ᾦ
940 1389 1026 1480 πρὸς
1046 1389 1085 1461 τὸ
1110 1388 1303 1483 άλήθεσθαι
1326 1389 1368 1459 τὰ

232 1497 407 1584 σπέρματα
434 1493 636 1585 βάλλεταιλ).
680 1497 806 1585 λέγεται
829 1497 866 1565 δὲ
888 1493 1135 1584 ε’πιγονατίς,
1167 1492 1284 1565 διὰτὸ
1307 1496 1367 1563 ἐπὶ

231 1604 290 1669 τοῦ
312 1596 448 1689 γόνατος
469 1606 620 1669 κεῖσθαι·
650 1598 672 1692 ἢ
694 1593 764 1669 οἷον
786 1598 974 1689 ἐπιγουνί
981 1628 1011 1682 ς,
1041 1592 1166 1687 όπρός
1187 1601 1235 1688 τηῖ
1257 1595 1369 1687 γόνατι

230 1707 309 1789 μύς·
333 1699 377 1785 ὡς
392 1704 429 1772 δὲ
444 1699 546 1788 ἀλλοι,
563 1709 582 1794 ἦ
598 1700 645 1773 δι’
668 1700 795 1788 εύεξίαν
810 1705 1032 1794 ἐπιτραφεῖσα
1051 1700 1135 1790 σὰρξ
1148 1706 1195 1792 τηῖ
1210 1699 1323 1792 γόνατι
1332 1705 1369 1792 ³),

233 1803 278 1888 ὡς
300 1806 357 1875 καὶ
373 1804 518 1896 Ὅμηρος

273 1947 366 2033 ,οἵην
388 1943 424 2011 ἐκ
446 1943 569 2032 ῥακέων
592 1946 609 2011 ὁ
631 1943 730 2032 γέρων
751 1942 944 2032 ἐπιγουνίδα
967 1942 1099 2033 φαίνειίί
1123 1945 1197 2031 (Od.
1221 1967 1242 2010 σ
1266 1946 1332 2030 74).

231 2078 269 2150 τό
293 2082 329 2150 δὲ
351 2079 443 2171 γόνυ
465 2081 501 2150 ἐκ
522 2085 582 2149 τοῦ
597 2088 702 2150 κυνεῖν
716 2082 773 2149 καὶ
789 2082 923 2170 ἐνεργεῖν
938 2077 1176 2172 ἐτυμολογήθη,
1199 2081 1235 2163 ἐξ
1250 2069 1289 2148 ού
1311 2081 1367 2147 καὶ

232 2181 354 2252 κόνατα
371 2181 393 2275 ἢ
404 2181 539 2272 γόνατα·
556 2181 576 2273 ἢ
588 2182 639 2253 ὅτι
654 2181 723 2252 κατ’
740 2179 820 2252 αὐτὸ
833 2181 871 2253 τὸ
884 2184 997 2265 σκέλος
1010 2181 1241 2270 καμπτόμενον
1254 2181 1368 2271 ὥσπερ

233 2288 352 2376 γωνίαν
373 2284 574 2374 άποτελεῖ4).
614 2286 721 2376 ἰγνύς
743 2289 780 2357 δὲ
801 2285 839 2358 τό
855 2285 1013 2357 ύποκάτω
1035 2292 1094 2357 τού
1109 2286 1245 2378 γόνατος
1258 2291 1369 2356 καλεῖ-

234 2419 300 2474 ται,
319 2389 405 2460 διότι
422 2388 529 2460 αἴτιόν
543 2391 632 2460 ἐστιν
647 2387 726 2482 ἡμῖν
739 2395 799 2460 τοῦ
811 2390 987 2474 ἱκνεῖσθαι,
1002 2387 1098 2481 ἤγουν
1112 2389 1333 2478 πορεύεσθαι·
1350 2389 1373 2483 ἢ

234 2492 327 2584 παρὰ
343 2491 382 2563 τό
399 2490 498 2563 εἴκειν
513 2495 546 2562 ἐν
560 2499 634 2575 ταῖς
648 2492 830 2583 κάμψεσιν·
846 2491 867 2584 ἢ
881 2492 974 2583 παρὰ
988 2492 1026 2565 τὸ
1042 2492 1080 2563 τό
1095 2492 1171 2582 γόνυ
1187 2495 1370 2584 συνέχεινὸ).

233 2597 275 2667 τά
298 2600 335 2668 δὲ
362 2598 479 2687 σκέλη
512 2596 606 2687 παρὰ
627 2597 687 2690 τὴν
709 2597 816 2683 σχίσιν
838 2596 978 2689 ἐκλήθη,
1010 2600 1191 2684 διέσχισται
1222 2596 1283 2688 γὰρ
1306 2594 1368 2666 ἀπ’

235 2698 397 2794 ἀλλήλων·
431 2697 452 2790 ἢ
474 2699 568 2790 παρὰ
589 2699 648 2793 τὴν
670 2703 834 2786 κέλευθον,
859 2698 981 2772 όίστιν
1003 2697 1088 2785 ὁδός,
1110 2697 1156 2769 δι’
1175 2691 1214 2793 ἧς
1235 2701 1372 2789 βαδίζο-

233 2833 301 2893 μεν,
319 2802 560 2887 πλεονάσαντος
574 2809 633 2874 τοῦ
645 2809 666 2874 ἵν
676 2806 861 2887 σκέλευθον,
875 2806 932 2873 καὶ
946 2809 1094 2895 συγκοπῇ
1106 2805 1228 2888 σκέλος·
1240 2803 1263 2897 ἢ
1277 2804 1370 2894 παρὰ

234 2908 272 2978 τὸ
295 2909 481 3000 ε’σκληκίναι
508 2909 565 2977 καὶ
588 2908 799 2999 σκληρότερον
821 2903 904 2978 εἶναι
932 2913 996 2977 τῶν
1026 2907 1171 2997 ύπερθεν
1196 2909 1321 2996 μορίων
1332 2912 1370 2999 ⁶).

234 3013 408 3094 τένοντες
440 3013 476 3080 δὲ
510 3008 725 3100 ὀνομάζονται
758 3011 852 3100 παρὰ
879 3010 917 3082 τό
948 3011 1063 3081 τείνειν
1088 3010 1130 3080 τὰ
1156 3010 1258 3100 μόρια
1287 3012 1372 3102 πρὸς

236 3117 439 3205 ἕνέργειανῖ).
469 3120 487 3185 ό
510 3119 546 3187 δὲ
567 3123 625 3187 τοῦ
649 3115 854 3207 ἀστραγάλου
876 3114 982 3199 τόπος
1003 3118 1060 3185 καὶ
1084 3115 1210 3207 σφυρὰ
1233 3117 1370 3207 λέγεται,

237 3217 329 3309 παρὰ
352 3218 391 3289 τό
414 3220 634 3312 συνεσφίχθαι
657 3219 698 3289 τὰ
722 3216 832 3309 άρθρα
854 3224 893 3310 τῇ
909 3220 1061 3289 συνθέσει
1081 3221 1138 3289 καὶ
1153 3227 1224 3303 τοῖς
1238 3220 1371 3310 νεύροις,

236 3324 293 3391 καὶ
326 3316 396 3392 οἷον
423 3331 550 3414 σφαῖρα
577 3331 648 3407 τοῖς
676 3318 787 3405 ἀστοῖς
816 3324 872 3392 καί
902 3329 974 3405 τοῖς
1000 3320 1124 3410 νεύροις
1146 3328 1325 3416 πεπῆχθαι
1335 3330 1371 3414 ⁸).

237 3417 484 3514 ἀστράγαλος
506 3428 542 3494 δὲ
564 3427 623 3495 ἐπὶ
649 3431 708 3496 τού
728 3423 843 3508 ποδός,
867 3424 959 3513 παρὰ
980 3424 1018 3495 τὸ
1035 3420 1182 3516 ἀστραβῆ
1196 3426 1253 3495 καὶ
1267 3423 1373 3520 ὀρθὴν

238 3526 416 3620 φυλάσσειν
443 3527 502 3620 τὴν
527 3528 639 3618 βάσιν·
675 3527 698 3621 ἢ
724 3532 742 3598 ό
768 3527 812 3620 μὴ
843 3527 928 3618 πρὸς
954 3526 992 3599 τό
1021 3530 1127 3616 μένειν
1152 3530 1210 3598 καί
1238 3529 1372 3600 ἑστάναι

238 3630 386 3722 γεγονιός,
422 3628 504 3701 άλλά
540 3632 626 3721 πρὸς
657 3631 694 3703 τό
724 3639 906 3717 κινεῖσθαι,
941 3628 1125 3721 ἀστάγαλός
1150 3661 1201 3715 τις
1226 3630 1279 3717 όίν,
1314 3635 1372 3702 καὶ

239 3740 437 3825 πλεονασμῷ
463 3740 522 3804 τοῦ
549 3746 568 3826 ρ
597 3731 807 3826 ἀστράγαλος.
860 3737 918 3805 ε’πῖ
947 3738 983 3805 δὲ
1010 3739 1074 3804 τῶν
1101 3731 1205 3806 ὀστῶν
1226 3742 1291 3805 τῶν
1312 3739 1372 3807 ἐπὶ

239 3845 286 3930 τῷ
316 3836 422 3929 νιύτηι,
451 3837 543 3928 παρά
569 3838 607 3910 τό
637 3837 857 3929 ίμπεπάρθαι
890 3840 947 3908 καὶ
980 3839 1024 3930 μη
1057 3840 1259 3929 στρέφεσθαι
1288 3843 1373 3931 μηδὲ

240 3948 420 4026 κινεῖσθαι,
452 3941 537 4011 κατὰ
567 3944 715 4033 στέρησιν
741 3949 800 4012 τού
830 3946 896 4031 5⁹).
947 3941 1097 4033 σημαίνει
1126 3944 1162 4012 δὲ
1187 3943 1278 4032 τρία·
1312 3945 1371 4013 ἐπί

239 4047 298 4131 μὲν
320 4050 379 4114 τοῦ
401 4045 513 4135 κυρίου
535 4048 592 4115 καὶ
616 4044 778 4137 συνήθους
799 4050 876 4136 ἡμῖν
897 4047 1072 4133 τιθεμένου

469 4182 617 4267 ,νείατον
639 4179 860 4272 ἀστράγαλον“
885 4186 937 4271 (Il.
960 4184 992 4254 Ξ
1011 4186 1097 4270 466),
