2954 4808
663 275 753 363 [ua]
1254 282 1272 347 r

139 490 243 555 noque
267 469 297 534 in
322 467 492 535 indicativo
515 470 691 555 praesentis
713 470 799 556 quod
824 469 939 535 dicitur
959 470 1108 536 historici.
1155 470 1274 536 Contra

139 574 179 637 ab
203 595 263 638 usu
285 594 402 639 aureae
425 574 590 639 latinitatis
614 575 803 639 Ammianus
825 575 857 638 in
880 575 1068 660 usurpandis
1096 575 1273 642 indicativis

138 677 316 765 imperfecti
339 685 372 743 et
394 677 696 764 plusquamperfecti
722 679 852 744 recedit.
899 678 1039 744 Maxime
1066 686 1173 744 autem
1194 678 1271 744 illud

139 791 188 847 est
211 781 362 847 memoria
383 783 528 867 dignum,
551 781 636 868 quod
658 782 742 847 haud
760 782 838 847 levis
854 782 938 866 apud
956 783 1158 847 Ammianum
1174 784 1272 848 inter·

138 885 221 951 cedit
245 884 424 951 differentia
446 887 528 952 iuter
550 893 702 972 quattuor
724 885 779 950 illa
803 895 948 971 tempora
967 885 1141 952 secundum
1158 888 1272 952 verbi

138 988 223 1075 quod
258 999 392 1055 vocatur
424 1013 567 1075 genus.
622 990 750 1055 Etenim
785 989 839 1054 ubi
874 990 1000 1076 passiva
1032 991 1138 1077 aliqua
1169 992 1273 1057 forma

137 1102 318 1180 usurpatur,
340 1094 466 1179 saepius
496 1100 664 1179 praesente
694 1093 746 1161 vel
777 1093 963 1180 imperfecto
994 1115 1069 1160 usus
1099 1105 1148 1160 est
1178 1115 1273 1180 quam

137 1197 288 1284 perfecto.

452 1382 480 1448 a)
510 1379 733 1434 Pnanucnun
765 1380 956 1436 AORISTON.

241 1512 423 1577 Perfectum
448 1534 468 1577 a
491 1532 595 1577 rernm
618 1510 823 1596 scriptoribus
844 1511 1014 1596 praecipue
1037 1512 1176 1596 ponitur,
1200 1533 1272 1577 curn

140 1638 191 1682 res
213 1622 320 1700 gestas
342 1623 488 1694 narrant3
519 1616 725 1702 quamobrem
756 1615 930 1701 perfectum
955 1608 1140 1680 historicum
1162 1617 1272 1700 appel·

137 1721 231 1786 latur.
276 1720 390 1785 Differt
411 1730 518 1785 autem
549 1720 592 1785 ab
622 1718 808 1805 imperfecto
840 1739 889 1799 eo,
921 1718 1007 1804 quod
1038 1719 1099 1785 hoc
1131 1721 1272 1785 actiones

138 1823 324 1910 praeteritas
347 1830 511 1910 tamquam
535 1824 624 1899 tales,
647 1843 730 1909 quae
746 1823 834 1906 fiant,
858 1822 983 1903 durent,
1006 1831 1206 1908 repetantur,
1230 1823 1271 1888 ad

140 1928 232 1993 aliam
257 1929 415 1994 actionem
446 1927 636 2011 referantur,
668 1926 844 2012 perfectum
877 1934 1035 2011 tamquam
1069 1927 1159 2008 tales,
1190 1949 1272 2014 quae

138 2033 338 2114 factasunt,
369 2033 474 2096 animo
496 2030 655 2116 proponit.
699 2031 883 2096 Perfectum
916 2031 1013 2115 igitur
1044 2032 1196 2116 imprimis
1226 2031 1272 2096 in·

140 2138 239 2201 servit
260 2135 300 2200 ad
325 2157 378 2201 eas
402 2159 452 2200 res
476 2135 694 2221 exponendas,
716 2156 798 2220 quae
820 2142 877 2200 aut
896 2136 960 2200 cito
975 2135 1136 2220 perfectae
1156 2143 1212 2201 aut
1227 2137 1273 2201 ita

139 2248 341 2326 comparatae
358 2248 441 2322 sunt,
457 2248 493 2304 ut
508 2239 694 2305 duraverint
706 2260 815 2319 necne,
833 2238 909 2302 nibil
922 2239 1055 2304 intorsit.
1078 2239 1271 2326 Saepissime

139 2350 245 2408 sutem
261 2344 432 2431 perfectum
448 2350 482 2410 et
493 2364 644 2429 praesens
659 2345 842 2410 historicum
854 2343 1035 2428 promiscue
1046 2342 1088 2407 ab
1100 2345 1271 2409 Ammiano

137 2448 213 2532 poni
236 2447 317 2526 iufra
340 2447 399 2513 sub
423 2448 458 2529 b)
482 2468 650 2533 exponam.
689 2447 783 2513 Nunc
799 2445 1093 2513 nonnullaalferam
1113 2449 1272 2533 exempla,

138 2551 193 2615 ubi
217 2552 388 2637 perfectum
412 2560 445 2617 et
468 2552 686 2636 imperfectum
708 2553 793 2617 inter
815 2574 850 2617 se
872 2552 916 2615 ita
939 2551 1107 2615 coniuncta
1128 2557 1212 2633 sunt,
1236 2558 1272 2616 nt

138 2652 262 2718 diversa
284 2654 398 2721 horum
423 2644 603 2741 temporum
625 2657 673 2719 vis
695 2656 772 2720 scite
796 2654 999 2753 observetur:

241 2761 291 2824 18.
315 2761 345 2841 2,
371 2762 385 2822 l
410 2759 607 2823 haerebat
629 2761 832 2841 auximana
860 2761 891 2822 ai
922 2809 929 2824 .
955 2808 962 2823 .
988 2808 995 2822 .
1028 2765 1133 2823 terras
1164 2777 1274 2823 eorum

136 2862 299 2928 invaderet
320 2863 511 2947 repentinus,
532 2863 705 2948 seditque
727 2861 853 2926 tandem
876 2912 934 2928 ...
961 2862 996 2926 id
1018 2868 1171 2945 temptare
1192 2862 1273 2947 quod

139 2967 215 3030 utide
238 2965 384 3050 probauit
414 2974 558 3048 narna-
609 2968 660 3031 20.
682 2968 755 3048 9,ss
788 2964 958 3030 Perculsus
989 2974 1093 3030 tamen
1125 2965 1274 3030 ardenter

139 3071 335 3134 cunctatione
355 3069 646 3154 strinpebatur
667 3068 818 3153 ambipua
834 3120 842 3134 .
860 3119 867 3134 .
885 3118 892 3133 .
908 3068 1126 3150 haesitansque
1140 3068 1197 3132 diu
1213 3119 1220 3134 .
1238 3119 1245 3133 .
1264 3119 1271 3134 .

128 3172 278 3257 steens
299 3180 358 3238 est
379 3174 578 3255 qumandaur
600 3174 754 3238 sententia
777 3222 836 3237 ...
859 3179 888 3236 et
909 3173 969 3235 iter
992 3172 1139 3236 orientem
1165 3191 1274 3238 rasus

137 3276 277 3342 ediscit.
331 3281 438 3359 31.1‚
465 3284 500 3361 13
539 3279 748 3360 31.10,12;
785 3278 837 3342 23.
868 3279 897 3355 5,
926 3277 946 3339 8
976 3291 1034 3357 quc
1064 3277 1163 3341 omine
1193 3272 1274 3341 e'elut

138 3381 267 3445 certiore
289 3383 353 3445 ianr
376 3403 429 3465 spe
451 3389 553 3447 status
574 3382 787 3467 prosperioris
813 3381 914 3445 elatus
942 3380 1135 3444 sambatius
1165 3382 1273 3445 iuce-

139 3482 274 3565 debat,
297 3485 350 3549 sed
366 3486 485 3550 fucato
503 3486 580 3566 fatu
592 3485 746 3568 fortunae
759 3485 915 3550 aliorsum
929 3486 1125 3568 prorupit
1139 3491 1271 3549 onem.

245 3586 314 3651 Iam
338 3587 378 3653 de
400 3590 551 3674 singulari
575 3588 713 3674 quodam
739 3588 830 3651 huius
854 3587 1007 3671 temporis
1033 3608 1091 3652 usu
1121 3588 1197 3652 mihi
1227 3586 1273 3653 di·

138 3690 273 3755 cendum
306 3698 364 3758 est.
409 3692 512 3777 Saepe
543 3694 627 3757 enim
660 3691 835 3777 perfectum
865 3690 1050 3755 historicum
1082 3690 1273 3756 collocatum

137 3794 281 3879 legimus,
298 3795 353 3860 ubi
369 3796 484 3861 rectius
500 3794 847 3881 plusquamperfectum
861 3793 1045 3880 ponendum
1062 3802 1140 3858 erat.
1180 3794 1272 3870 Quod

138 3899 324 3963 Ammianus
355 3899 395 3963 de
425 3898 582 3963 industria
613 3900 727 3964 fecisse
758 3897 893 3977 videtur,
926 3903 962 3960 ut
993 3919 1044 3963 res
1075 3899 1271 3983 praeteritas,

137 4022 219 4089 quae
241 4009 315 4066 ante
337 4004 415 4067 alias
445 4023 562 4089 easque
595 4001 754 4087 perfectas
785 4010 876 4067 actae
908 4004 994 4082 sunt,
1025 4005 1184 4092 tamquam
1216 4019 1274 4085 per

137 4107 461 4191 repraesentationem
485 4112 607 4172 mumto
630 4113 774 4192 tempore
802 4106 909 4170 animo
939 4111 1048 4169 nostro
1078 4111 1272 4188 proponeret

140 4210 255 4275 omissa
278 4219 365 4276 recta
380 4217 560 4295 temporum
576 4210 708 4276 rationo.
748 4198 952 4294 Quapropter
967 4207 1081 4272 eadem
1096 4206 1163 4271 fere
1177 4207 1273 4270 inter·

137 4312 222 4379 cadit
255 4313 433 4379 differentia
467 4314 550 4380 inter
586 4313 763 4399 perfectum
801 4312 984 4378 historicum
1023 4319 1056 4378 et
1092 4313 1273 4398 plusquam·
