3030 4816
676 293 771 379 [ser]
1252 296 1293 360 so

104 473 105 478 ἵ
157 494 227 553 rent
250 487 392 569 integras
407 485 548 551 Terentii
571 486 696 551 fabulas
718 486 954 571 aSoipionibus
974 508 1041 552 esse
1063 487 1182 552 factas:
1207 486 1293 550 velut

158 590 345 676 Vallegius¹
372 592 405 654 in
427 592 553 656 aetione
576 593 622 673 (in
647 593 803 676 epimetro
828 590 947 657 Donati
970 590 1009 656 ad
1033 590 1122 657 Suet.
1145 591 1199 656 vit.
1221 589 1292 656 Tar.

156 717 187 781 p.
210 698 262 780 35,
286 694 321 780 6)

286 825 373 891 Tuae
395 847 474 912 quae
496 832 653 892 uocantur
667 825 814 910 fabulae,
838 827 965 891 cnioene
987 831 1069 908 sunt,

286 929 436 995 Terenti?
457 952 520 996 non
542 931 610 1011 bas,
633 931 708 994 iuro
730 932 784 1016 qui
803 931 931 1014 populis
955 930 1060 1014 dabat,

286 1033 414 1100 Summo
435 1036 488 1100 illc
509 1035 624 1100 honore
647 1033 788 1119 affectus,
803 1033 887 1117 feeit
901 1033 1085 1118 fabulos?;

158 1165 208 1229 vel
231 1163 267 1229 (l.
291 1163 469 1244 Memmius,
492 1164 596 1228 minor
619 1184 696 1228 sane
718 1170 797 1228 natu
821 1162 927 1229 Sullae
951 1184 1058 1248 gener,
1083 1166 1138 1250 qui
1157 1166 1292 1229 multum

158 1288 230 1332 eum
245 1269 349 1353 poetis
366 1267 492 1332 Catullo
510 1266 628 1332 Helvio
646 1267 746 1332 Cinna
761 1267 913 1332 Lucretio
930 1276 1084 1350 versatus,
1100 1270 1132 1332 in
1149 1269 1291 1333 oratione

156 1394 214 1458 pro
238 1393 272 1437 se
295 1371 333 1437 P.
357 1372 539 1452 Africanus
568 1372 669 1456 inquit
700 1393 720 1434 a
750 1370 894 1436 Terentio
919 1392 1090 1455 personam
1120 1380 1292 1453 mutuatus,

156 1498 235 1562 quae
257 1478 342 1541 domi
362 1477 482 1541 luserat
504 1477 579 1559 ipse,
601 1477 724 1540 nonaine
745 1477 832 1540 illius
848 1477 882 1539 in
898 1496 1045 1540 scaenam
1062 1476 1171 1540 detulit
1188 1476 1291 1559 (Suet.

154 1581 211 1644 vit.
234 1581 306 1645 Ter.
329 1601 361 1664 p.
385 1582 436 1660 30,
462 1579 534 1662 14);
558 1580 609 1644 vel
635 1579 801 1644 Cornelius
829 1579 951 1665 Nepos,
973 1581 1027 1664 qui
1051 1586 1179 1644 auctore
1209 1587 1291 1646 certo

157 1686 340 1768 comperisse
362 1704 394 1748 se
417 1685 463 1747 ait
486 1682 519 1748 0.
542 1683 687 1748 Laelium
710 1684 867 1769 quondam
889 1687 924 1747 in
946 1683 1120 1748 Puteolano
1151 1684 1292 1748 kalendis

156 1789 283 1852 martiis
302 1788 346 1852 ad
359 1790 512 1852 monitum
527 1787 564 1850 ab
582 1808 691 1868 uxore,
714 1789 881 1872 temperius
896 1794 931 1852 ut
947 1788 1160 1868 discumberet,
1182 1790 1293 1872 petisse

157 1893 196 1957 ab
219 1914 256 1957 ea
278 1914 315 1957 ne
337 1912 369 1956 se
390 1893 614 1975 interpellaret,
637 1912 764 1978 seroque
783 1894 910 1957 tandem
924 1895 1103 1976 inpressum
1119 1894 1293 1956 triclinium

158 1997 274 2061 dixisse
295 2017 359 2061 non
380 2016 471 2079 saepe
493 1997 526 2059 in
550 1996 713 2060 scribendo
736 1999 840 2080 mapis
869 1996 929 2061 sibi
955 1998 1154 2061 successisse:
1183 1995 1294 2060 dando

159 2108 307 2185 ropatum
330 2107 365 2164 ut
394 2102 516 2185 scripta
547 2101 606 2164 illo
632 2101 813 2184 proferret,
842 2102 1067 2185 pronuntiasse
1097 2121 1209 2164 uersus
1240 2102 1294 2185 qui

159 2212 233 2269 sunt
254 2206 288 2268 in
312 2205 463 2269 Heauton
487 2206 709 2269 timorumeno:

258 2317 260 2319 ¹
286 2325 374 2391 Satis
394 2327 449 2409 pol
469 2332 616 2410 protorue
638 2347 685 2390 me
709 2326 787 2412 Syri
811 2328 973 2410 promissa
995 2325 1056 2391 buc
1075 2322 1291 2391 induxerunt.

159 2428 262 2511 (Suet.
287 2431 341 2494 vit.
365 2429 438 2494 Ter.
462 2452 493 2515 p.
518 2432 568 2510 31,
592 2429 639 2511 2).

261 2532 353 2608 Quae
374 2531 459 2597 fama
481 2554 544 2597 non
569 2534 691 2598 exalia
715 2534 807 2599 fonte
829 2534 945 2598 hausta
969 2542 1018 2600 est
1042 2554 1136 2618 quam
1159 2554 1200 2597 ex
1216 2533 1291 2618 ipsis

157 2635 299 2701 Terentii
320 2636 434 2701 verbis.
481 2635 602 2700 Contra
624 2658 663 2700 ex
688 2638 758 2722 ipsa
780 2636 864 2700 lame
879 2636 1125 2722 explicationem
1142 2656 1291 2702 versuum

157 2740 261 2805 hausit
275 2739 423 2805 Donatus
439 2741 521 2805 hano
538 2738 594 2824 (ad
611 2739 749 2826 Adelph.
768 2741 847 2825 prol.
861 2762 911 2806 vv.
929 2745 966 2806 15
981 2750 1012 2807 et
1025 2741 1097 2816 2bt:
1115 2741 1292 2824 Scipionem

156 2845 352 2928 Africanum
373 2847 534 2929 sipnificat
558 2845 614 2927 (so.
637 2843 820 2925 Terentius)
847 2853 875 2908 et
895 2845 1038 2910 Laelium
1062 2845 1242 2930 Sapientem
1265 2852 1292 2909 ct

156 2947 293 3013 Furium
308 2947 456 3014 Publium
480 2999 617 3015 .....
641 2949 681 3012 ‘in
700 2945 784 3013 bello'
800 2972 810 3011 :
825 2949 984 3033 Scipionis
988 2971 1000 3030 ;
1023 2948 1064 3014 ‘iu
1086 2949 1156 3014 otio'
1171 2971 1180 3012 :
1196 2948 1293 3014 Furii

157 3051 264 3117 Publii
270 3073 283 3134 ,·
303 3051 345 3118 ‘in
366 3050 496 3138 nepotio'
518 3077 528 3118 :
547 3055 664 3119 scilicet
685 3051 790 3118 Laelii
813 3053 984 3138 Sapientis.

260 3157 380 3222 Contra
403 3157 475 3222 huis
499 3159 656 3222 communi
679 3159 878 3242 antiquorum
896 3159 1037 3243 opinioni
1053 3159 1209 3223 diversam
1225 3177 1288 3221 non

157 3261 226 3326 sine
249 3262 355 3346 speeie
378 3261 506 3327 videtur
529 3262 716 3347 opposuisse
737 3260 851 3327 Santra
874 3265 929 3347 qui
953 3264 1127 3328 existimat:
1150 3259 1291 3327 simodo

155 3366 189 3427 in
212 3365 374 3431 scribendo
389 3367 589 3431 adiutoribus
606 3366 782 3451 indipuerit
799 3365 973 3450 Terentius,
988 3388 1051 3431 non
1066 3374 1131 3431 tom
1147 3365 1292 3450 Scipione

156 3474 185 3532 et
205 3467 314 3533 Laelio
337 3471 385 3533 nti
409 3472 559 3554 potuisse,
589 3472 645 3556 qui
674 3477 749 3535 tuno
779 3471 1005 3536 adulescentuli
1028 3471 1167 3554 fuerint,
1197 3491 1291 3556 quom

158 3570 191 3636 0.
214 3573 355 3656 Sulpicio
378 3574 482 3655 Gallo,
505 3574 627 3639 bomine
657 3575 757 3655 docto,
788 3596 847 3660 qno
879 3577 1001 3640 consule
1029 3572 1291 3660 <Mepalens>ibus

155 3676 241 3741 ludis
255 3679 380 3742 initium
391 3676 583 3760 fabularum
594 3679 776 3743 dandarum
784 3678 911 3761 fecerit,
928 3681 978 3744 uel
988 3681 1024 3759 Q.
1037 3678 1139 3743 Fabio
1151 3675 1292 3741 Labeone

156 3785 183 3843 et
205 3780 252 3844 M.
277 3780 429 3866 Popillio,
462 3783 624 3847 consulari
652 3788 783 3867 utroque
805 3803 843 3846 ao
863 3780 966 3866 poeto.
998 3782 1066 3846 ideo
1096 3783 1200 3866 ipsum
1229 3801 1292 3844 non

286 3996 359 4044 Dum
378 3993 415 4044 ad
434 3991 591 4065 Plrilnmxse
608 3995 728 4045 conitere
745 3999 770 4044 et
790 3992 916 4045 Laelium
931 3992 1059 4058 pulcrum
1074 3996 1164 4057 pietat,

288 4080 361 4132 Dum
380 4082 411 4131 in
429 4079 564 4133 Albanum
582 4080 674 4132 crebro
693 4082 804 4146 rapitur
822 4079 854 4132 ob
867 4080 967 4146 florem
985 4081 1084 4129 aetatis
1106 4091 1190 4128 suae:

290 4169 355 4220 Suis
368 4166 498 4233 postlotr's
515 4166 596 4219 rebus
614 4167 650 4217 ad
669 4181 802 4217 summam
821 4168 945 4232 inoptam
963 4165 1088 4215 redactus
1107 4168 1153 4214 cst.

261 4273 270 4306 ¹
289 4269 451 4324 donamina
470 4269 525 4323 rid.
547 4271 653 4324 Bitsclrl
672 4274 817 4323 nommant.
835 4270 864 4321 in
883 4269 933 4322 rit.
950 4269 1011 4321 Ter.
1034 4266 1230 4320 Suetouienam
1248 4262 1292 4319 ed.

161 4357 357 4425 Reifferscheid
376 4375 400 4426 p.
420 4357 471 4413 528
490 4374 531 4426 aq.
551 4365 577 4410 et
595 4357 686 4424 Bcrplc
705 4357 806 4410 Philol.
826 4355 893 4411 XVI
911 4373 936 4424 p.
955 4354 1006 4410 635
1024 4370 1064 4423 aq.
