2954 4808
212 277 231 338 a
731 264 822 349 [192]

210 486 315 550 neque
337 463 370 528 id
393 463 521 547 negavit
544 461 589 524 vir
612 460 825 540 doctissimus,
848 457 903 524 sed
927 459 1023 522 etiam
1046 457 1189 522 comiter
1219 461 1380 545 permisit

209 568 335 652 roganti
357 566 444 646 mihi,
468 572 503 629 ut
526 566 611 630 hunc
633 563 758 643 librum,
780 563 807 627 si
832 563 912 628 tanti
935 562 1108 644 videretur,
1135 563 1270 648 publici
1295 565 1377 630 iuris

209 673 358 752 facerem,
380 669 525 735 omnibus
541 669 587 735 eis
602 669 712 754 copiis,
735 689 816 753 quas
830 666 871 731 ad
887 667 972 731 hunc
987 667 1175 752 scriptorem
1193 668 1376 733 edendum

210 781 422 859 congesserat,
445 794 502 858 pro
524 773 626 838 lubitu
652 792 723 836 meo
747 792 833 836 usus.
878 774 987 853 Atque
1009 771 1099 835 initio
1125 771 1272 857 quidem
1297 775 1373 858 ipse

209 879 263 944 rix
276 879 380 941 minus
391 876 536 942 dubitavi
548 897 642 961 quam
656 873 867 955 Studemund,
884 896 959 939 num
974 872 1371 961 Pseudo-Hephaestion

207 980 322 1066 dignus
346 987 430 1045 esset
453 981 508 1066 qui
530 987 617 1044 totus
647 980 731 1065 typis
761 981 1003 1063 exprimeretur.
1048 978 1113 1043 Sed
1147 1000 1226 1043 cum
1262 982 1371 1066 scrip·

207 1091 311 1150 torum
335 1084 584 1168 Byzantinorum
608 1083 762 1169 opuscula
785 1084 919 1150 metrica
950 1085 1210 1168 perlustrassem,
1246 1105 1369 1169 quam·

206 1208 300 1274 quam
333 1188 433 1252 multa
466 1185 876 1273 Pseudo-Hephaestionis
906 1193 1078 1272 praecepta
1111 1207 1184 1251 cum
1223 1188 1367 1254 illorum

205 1291 335 1357 inficeta
351 1289 496 1355 doctrina
511 1290 667 1354 artissime
685 1289 857 1356 cohaerere
872 1290 1026 1372 intellexi,
1042 1309 1105 1353 non
1121 1309 1233 1374 pauca
1246 1298 1365 1356 tamen

205 1394 267 1460 hoc
288 1395 370 1459 libro
395 1395 551 1459 contineri
574 1393 649 1458 mihi
672 1394 740 1458 visa
762 1400 848 1477 sunt,
870 1415 952 1479 quae
974 1391 1061 1477 apud
1084 1393 1230 1479 reliquos
1258 1393 1300 1458 de
1326 1416 1364 1459 re

203 1500 335 1564 metrica
358 1500 528 1585 scriptores
552 1499 671 1563 frustra
694 1505 896 1582 quaerantur.
942 1497 1050 1573 Quare
1073 1504 1179 1562 totum
1201 1497 1364 1563 Pseudo·

203 1603 498 1687 Haephaestiouem
529 1607 687 1687 apparatu
716 1603 825 1666 critico
849 1600 1123 1668 Studemundiano
1153 1602 1361 1668 instructum

204 1705 298 1771 edere
323 1706 482 1772 constitui.
528 1706 658 1783 Omnes,
688 1704 728 1772 de
756 1706 871 1792 quibus
898 1706 980 1770 inira
1008 1726 1116 1789 agam,
1147 1705 1282 1772 codices
1313 1708 1359 1772 ab

203 1809 272 1895 ipso
298 1808 519 1877 Studemundo
547 1810 673 1876 excussi
700 1818 790 1891 sunt,
817 1809 876 1874 nisi
904 1809 958 1874 ubi
986 1808 1181 1874 contrarium
1210 1809 1358 1876 adnota-

204 1933 291 1980 vero.
690 2004 692 2007 Υ

307 2120 482 2191 Codices
496 2120 1041 2207 Pseudo-Hephaestionis,
1057 2140 1129 2184 cum
1146 2142 1211 2186 non
1230 2143 1352 2189 omnes

203 2225 383 2309 congeriem
417 2225 478 2290 sub
510 2225 763 2312 Hephaestionis
794 2226 921 2290 nomine
949 2223 1097 2290 traditam
1132 2231 1236 2289 totam
1269 2246 1353 2291 eou-

202 2327 336 2411 tiueaut,
358 2328 526 2394 discedunt
548 2330 581 2395 iu
604 2330 707 2396 varias
731 2332 862 2409 classes3
885 2335 958 2394 sunt
979 2333 1087 2393 autem
1111 2335 1184 2393 octo
1199 2328 1284 2394 hae:

304 2432 332 2499 Ι.
372 2431 526 2515 Codices,
561 2432 730 2518 inquibus
764 2441 881 2499 totus
911 2438 1017 2499 exstat
1048 2430 1351 2499 Pseudo-He·

201 2533 455 2620 phaestion:

306 2643 335 2706 1.
369 2641 402 2704 M
425 2669 467 2694 =
490 2642 765 2707 Monacensis
789 2644 861 2706 536
885 2642 953 2725 (63)
977 2640 1168 2707 chartaceus
1191 2640 1236 2705 8ο
1258 2663 1348 2708 saec

200 2742 392 2808 XV—XVI
415 2743 653 2827 miscellaneae,
685 2745 769 2810 conf.
793 2743 834 2810 de
857 2746 919 2810 hoc
943 2745 1053 2811 codice
1077 2743 1282 2810 Studemuud
1313 2747 1350 2811 in

199 2848 305 2912 annal.
318 2847 426 2933 philol.
442 2868 470 2913 a.
488 2849 568 2913 1867
585 2869 660 2933 pag.
674 2851 736 2913 613
752 2855 829 2914 nota
844 2851 873 2913 3.
909 2848 1058 2914 Continet
1072 2848 1125 2915 fol.
1140 2851 1345 2913 110¹-132'

97 3004 99 3009 .
199 2949 281 3015 med.
313 2952 350 3028 (i.
381 2973 407 3016 e.
442 2972 542 3036 usque
583 2951 623 3017 ad
660 2952 778 3018 codicis
812 2953 921 3036 finem)
957 2952 1236 3039 η’φαιστίονθς
1270 2957 1344 3037 περὶ

195 3050 320 3136 μέτρου,
345 3076 441 3140 quem
463 3056 592 3121 titulum
614 3058 759 3141 sequitur
785 3062 854 3124 tota
876 3079 923 3142 ea,
955 3079 1051 3144 quam
1076 3077 1160 3121 nunc
1192 3054 1343 3124 editurus

198 3177 280 3240 sum,
303 3158 478 3243 congeries.

301 3263 331 3326 2.
367 3262 700 3330 P=Parisiuus
723 3266 924 3332 2008saec.
946 3263 1148 3331 XV-XVI,
1184 3265 1342 3333 Continet

194 3362 250 3428 fol.
276 3366 483 3432 141¹-168‘2
509 3364 804 3453 ’ἡφαιστίωνος
826 3372 894 3452 περὶ
916 3366 1056 3455 μέτρων’,
1087 3377 1245 3456 sequente
1270 3378 1341 3438 tola

197 3485 236 3530 ea
258 3468 417 3552 congerie,
440 3491 537 3555 quam
560 3471 700 3537 continet
723 3470 826 3536 codex
849 3472 893 3537 Μ.
939 3471 1088 3539 Ceterum
1116 3472 1198 3536 coni.
1221 3473 1340 3541 Meloti

197 3567 388 3656 Catalogum
413 3572 557 3640 codicum
580 3559 653 3640 mss.
677 3575 889 3642 bibliothecae
905 3576 1029 3662 Regiae
1049 3582 1125 3642 tom.
1139 3576 1185 3659 ΙΙ,
1200 3577 1338 3648 Parisiis

197 3674 293 3755 1740,
321 3695 396 3760 pag.
424 3679 497 3744 431.
544 3677 695 3745 Codicem
726 3680 752 3743 P
783 3701 866 3746 anno
900 3684 984 3747 1880
1014 3682 1145 3747 contidit
1175 3682 1340 3752 aStude-

192 3773 311 3840 mundo
336 3785 467 3861 rogatus
491 3781 537 3846 vir
560 3802 631 3848 mea
652 3780 749 3847 laude
772 3785 916 3869 superior
940 3784 1117 3850 Guilelmus
1137 3786 1338 3858 Hoersohel·

193 3897 299 3944 mann.

294 3982 339 4049 Π.
379 3983 500 4064 Codex,
522 3989 555 4053 iu
585 4011 649 4076 quo
672 3991 915 4082 discerptus
939 4000 1068 4064 exstare
1091 3995 1220 4063 ridetur
1245 4005 1338 4070 totus

190 4080 701 4180 Pseudo-Hephaestion,
725 4105 775 4163 est

296 4189 324 4252 1.
364 4187 665 4263 Baroocianus
699 4203 743 4265 72
775 4223 858 4271 saec.
895 4203 961 4269 XV
988 4205 1152 4285 exeuntis,
1189 4207 1231 4276 de
1268 4233 1335 4298 quo

190 4288 274 4359 conl.
298 4290 500 4362 Studemund
522 4296 645 4370 Anecd.
670 4302 746 4371 Var.
770 4305 787 4371 I
809 4328 884 4397 pag.
912 4312 981 4378 104.
1027 4309 1179 4379 Continet
1202 4313 1335 4386 animis
