2954 4822
547 291 588 301 -
635 251 723 342 [ιω]
772 290 811 303 -

259 439 430 530 [συρίγγων
451 437 486 510 3'
513 437 581 511 ὑπὸ
604 443 834 528 καλαμοεσσᾶν
856 440 991 512 ἔστασεν
1014 441 1140 528 ίακχὰν,

259 541 303 614 ὅτ’
329 541 391 614 άνά
414 543 542 637 Πήλιον
564 544 600 615 ai
623 543 889 633 καλλιπλόκαμοι
1184 581 1246 622 roco

258 649 411 740 Πιερίδες
434 647 528 739 παρὰ
551 650 642 719 δαιτί
664 654 753 719 θεῶν

259 751 540 843 χρυσεοσάνδαλον
561 750 650 838 ίχνος

258 860 292 927 ἒν
313 864 356 950 γᾷ
377 856 555 948 κρούουσαι

260 965 396 1054 Πηλέως
417 963 451 1045 ίς
472 962 577 1052 γάμον
598 955 713 1056 ἦλθον,

257 1070 418 1158 μελῳδοῖς
442 1065 543 1138 Θέτιν
564 1063 713 1160 ἀχήμασι
734 1064 791 1137 τόν
812 1064 838 1136 τ’
854 1066 1025 1137 Αἰακίδαν
1182 1101 1243 1143 soar

259 1170 451 1262 Κενταύρων
473 1168 520 1240 ἄν’
547 1169 622 1263 ὅρος
642 1173 796 1242 κλέουσαι

261 1275 415 1369 Πηλιάδα
438 1273 515 1346 καθ’
541 1275 642 1367 ὕλαν]

113 1404 170 1469 ubi
193 1403 226 1468 in
249 1402 342 1467 initio
365 1401 520 1488 strophae
543 1399 754 1488 logaoedicac
776 1402 810 1466 hi
834 1421 949 1466 vorsus
972 1401 1127 1485 leguntur

202 1715 344 1791 Quartus
368 1718 457 1781 locus
481 1722 533 1781 cst
555 1714 655 1781 Herc.
678 1715 740 1782 fur.
763 1717 934 1779 637-649
949 1744 989 1767 =
1007 1716 1198 1778 655-666:

269 1828 290 1901 ά
313 1830 425 1916 νεότας
446 1861 505 1921 μοι
528 1832 642 1924 φίλον·
666 1828 773 1918 άχθος
795 1833 832 1901 δὲ
852 1833 891 1901 τδ
915 1834 1016 1921 γήρας
1039 1826 1090 1900 uisi

269 1934 445 2027 βαρύτερον
467 1936 598 2019 Αἴτνας
619 1934 794 2007 σκοπέλων

273 2041 344 2133 [ἐπὶ
366 2042 462 2130 κρατὶ
486 2047 603 2122 κεῖται,

272 2140 444 2233 βλεφάρων
466 2140 632 2211 σκοτεινὸν

269 2244 356 2335 φάος
376 2244 574 2336 ἕχκαλίψαν.
640 2282 642 2285 ·

268 2347 316 2441 μή
338 2376 397 2436 μοι
418 2344 493 2442 μήτ’
516 2346 706 2441 Ἀσιήτιδος

270 2453 459 2544 τυραννίδος
481 2450 578 2542 δλβος
600 2451 651 2543 ε’ίή

272 2557 318 2651 μὴ
341 2563 462 2647 χρυσοῦ
485 2557 623 2646 δώματα
647 2556 755 2650 πλήρηΙ

272 2667 332 2745 τᾶς
353 2661 438 2754 tuas
460 2658 654 2750 ἀντιλαβεῖν,

273 2759 296 2835 ά
317 2767 478 2836 καλλίστα
500 2769 560 2854 μὲν
582 2768 615 2835 ἐν
642 2763 738 2857 ittam,

278 2870 438 2939 καλλίστα
461 2867 494 2939 δ’
512 2872 546 2940 ἐν
567 2869 689 2961 πενία]

119 2996 228 3080 quiin
252 2995 343 3059 initio
367 2996 521 3081 strophae
545 2996 606 3061 hos
630 3016 745 3060 versus
769 2994 907 3080 praobct

207 3531 310 3596 Multo
322 3532 426 3596 maior
438 3537 489 3596 cst
501 3552 657 3595 numerus
669 3551 781 3594 eorum
795 3532 951 3610 locorum,
967 3531 1084 3616 quibus
1096 3529 1257 3594 choriam-

46 3654 49 3662 “
121 3637 182 3700 hus
205 3656 278 3700 cum
305 3677 413 3702 -.ο-
441 3643 497 3699 aut
518 3651 650 3704 ,am
672 3635 888 3700 consociatur.
934 3618 1016 3700 Cum
1044 3637 1077 3699 iu
1107 3633 1198 3698 initio
1228 3640 1260 3697 ot

121 3741 330 3827 stropharum
353 3745 387 3804 ct
409 3761 562 3805 versuum
587 3740 711 3805 maiore
735 3740 866 3805 licentia
897 3741 947 3805 usi
971 3743 1035 3807 siut
1063 3748 1196 3828 poetae,
1227 3743 1259 3805 in

121 3847 193 3932 ipso
218 3844 309 3908 initio
332 3866 487 3909 versuum
518 3851 551 3911 et
580 3845 788 3931 stropharum
821 3865 886 3909 non
917 3867 989 3911 raro
1020 3847 1174 3933 leguntur
1201 3868 1260 3933 pro

121 3977 329 3986 Μ...-

193 4054 213 4115 ¹)
233 4050 382 4120 Wcstphal
400 4051 448 4105 11¹
466 4070 493 4122 p.
511 4054 563 4106 842
581 4071 643 4107 cum
665 4053 874 4123 hypsrmetrum
894 4049 1111 4105 choriambicum
1130 4052 1181 4107 hos
1201 4070 1261 4106 ver·

121 4156 168 4192 sus
186 4137 314 4193 nominet
315 4163 488 4202 υυυυυυ
509 4156 559 4208 pro
577 4138 737 4194 choriambo
755 4138 848 4193 soluta
867 4137 958 4208 prima
976 4136 1048 4191 thesi
1066 4137 1168 4192 habers
1187 4138 1262 4193 vidc-

5 4225 8 4233 '
123 4227 182 4290 tur;
200 4228 232 4281 at
249 4225 320 4281 haec
337 4225 426 4280 forma
444 4241 500 4282 uon
518 4243 551 4281 cx
569 4268 585 4278 .
598 4251 620 4277 υ
632 4252 652 4275 υ
665 4268 681 4277 .
697 4224 745 4280 sed
764 4242 797 4279 ox
813 4252 835 4276 υ
848 4268 863 4279 .
876 4251 897 4276 υ
909 4268 925 4277 .
941 4223 1108 4294 explicanda
1126 4228 1175 4280 est.
