2962 4800
676 281 745 369 [ns]
1239 291 1277 351 17

144 480 320 565 imperfecti
354 457 696 563 plusquamperfectum
730 484 832 559 potest
872 477 928 540 nisi
961 480 1116 542 sententie
1150 502 1278 564 prorsus

143 592 272 648 mutate.
318 584 388 658 Qua
422 590 601 666 temporum
635 582 842 645 collocatione
876 591 907 644 ct
937 584 1025 645 varic
1060 590 1091 646 et
1125 586 1277 648 concinna

144 690 243 752 oratio
280 675 424 752 efficitur.
475 684 522 749 'lc
561 687 699 749 maxime
737 707 776 748 ex
819 685 893 748 locis
931 685 978 749 his
1016 688 1069 770 qui
1106 698 1278 773 sequuntur

71 843 73 847 .
146 793 296 857 elucebit:

245 896 324 960 Sest.
335 897 374 958 29
395 893 411 975 ξ
425 897 479 958 63:
501 894 601 975 Atque
613 894 674 973 itte,
686 895 812 957 etiarnsi
823 894 890 956 alia
902 896 1050 977 quapiam
1061 897 1092 958 ai
1102 913 1174 980 esp
1183 896 1216 958 et
1224 896 1235 959 t
1243 918 1277 959 e·

143 1007 259 1063 retur
274 1000 338 1062 illis
354 996 539 1082 temporibus
555 1018 592 1060 eu
606 997 666 1060 hac
682 996 766 1079 urbe,
773 1053 776 1060 .
778 998 879 1079 facite
889 1005 1115 1081 pateretur.
1155 998 1278 1064 Etenim

141 1106 194 1184 qui
216 1104 376 1186 superiore
392 1123 474 1165 anuo
490 1107 602 1164 senatu
627 1103 855 1182 caruisset,
877 1120 946 1184 quo,
970 1105 1000 1166 si
1020 1111 1086 1166 tum
1109 1106 1199 1168 ceni
1208 1111 1277 1182 ret,

142 1228 188 1270 me
222 1214 323 1270 tamen
357 1208 476 1269 socium
499 1226 626 1268 suorum
649 1207 683 1267 in
718 1226 752 1268 re
780 1205 906 1289 publica
942 1207 1143 1272 seruitiorum
1175 1208 1278 1271 iridem

136 1317 291 1394 posset,
320 1312 349 1374 is
381 1327 475 1390 ecquo
503 1311 609 1373 auirno
639 1316 714 1389 tum,
745 1330 792 1372 me
814 1311 942 1392 enpntso
965 1358 972 1370 .
997 1362 1003 1375 .
1030 1362 1036 1376 .
1060 1313 1093 1375 in
1121 1311 1180 1374 hac
1202 1311 1278 1375 urbe

142 1436 205 1478 esse
222 1413 382 1498 posset?
427 1413 507 1477 Sest.
530 1415 570 1475 38
594 1412 610 1492 ξ
634 1414 690 1475 81:
716 1415 745 1475 si
767 1412 804 1478 P.
830 1413 949 1478 Sestius
966 1465 973 1478 .
992 1466 1023 1479 ..
1049 1418 1170 1479 occisus
1192 1423 1277 1495 esset,

136 1520 293 1602 fuistisne
316 1517 359 1580 cd
383 1537 472 1580 arma
497 1517 604 1580 ituri?
626 1564 633 1579 .
658 1565 665 1579 .
690 1566 697 1580 .
721 1538 763 1580 an
787 1519 879 1581 etiam
903 1526 966 1581 tum
991 1520 1277 1599 quiesceretis,

144 1623 461 1701 cunctaremiui,
507 1621 839 1684 timeretis....9
871 1624 959 1684 rricius
1004 1624 1104 1705 iqitur
1148 1629 1277 1686 mortem

143 1729 229 1790 ulei
235 1727 434 1790 seeremin
443 1726 464 1804 i,
487 1725 517 1786 si
538 1724 656 1804 quidem
680 1723 770 1787 tiberi
792 1731 897 1788 esseet
912 1725 1023 1788 habere
1038 1724 1277 1808 rempublicam

144 1850 185 1893 co
193 1832 234 1913 qi
242 1829 400 1908 teretis,
424 1828 462 1891 de
484 1829 551 1890 eius
573 1829 686 1890 virtute
708 1829 769 1889 ciui
790 1828 867 1908 quid
888 1848 941 1891 uos
962 1828 1045 1909 loqui
1069 1878 1100 1892 ..
1125 1837 1276 1912 oporteat,

142 1932 350 1996 dubitandum
375 1929 525 2013 putatis?
572 1929 639 1992 Mil.
664 1931 704 1992 25
731 1929 749 2010 ἕ
777 1931 835 1994 68;
875 1929 965 2009 Quod
992 1933 1021 1994 si
1048 1933 1134 1994 loeus
1163 1931 1278 1996 Milo-ui

142 2038 262 2100 datus
285 2041 399 2117 esset,
419 2033 639 2116 probasset
659 2023 801 2116 profecto
824 2033 880 2096 tibi
896 2035 967 2117 ipsi.
986 2086 993 2100 .
1011 2085 1041 2098 ..
1065 2036 1153 2116 Quae
1172 2038 1200 2100 si
1214 2058 1277 2100 nau

138 2141 351 2227 probaret,
374 2140 403 2201 si
418 2137 473 2201 tibi
487 2139 533 2200 itu
544 2139 672 2220 penitus
687 2137 934 2201 inhaesisset
955 2140 1152 2221 suspicio...
1168 2161 1206 2203 ne
1220 2141 1278 2202 iste

141 2245 226 2308 haud
250 2243 396 2307 dubitans
420 2243 607 2305 cessisset
629 2243 739 2324 patria
757 2291 763 2304 .
780 2290 787 2304 .
806 2262 833 2320 .;
862 2248 900 2320 te,
922 2241 1050 2325 illaque,
1073 2249 1175 2307 tumen
1204 2266 1276 2306 nu·

142 2354 384 2426 testaretur,
400 2346 481 2428 quod
496 2367 580 2408 nuru
595 2348 689 2409 etiam
698 2345 798 2428 facit.
824 2346 889 2410 Mil.
906 2349 942 2408 17
960 2345 977 2427 ξ
993 2351 1050 2410 45:
1072 2349 1190 2429 Atque
1206 2348 1277 2412 diet
1354 2392 1356 2396 »

142 2471 209 2534 que,
224 2459 259 2515 ut
273 2458 346 2515 ante
362 2451 439 2532 dini,
450 2450 476 2532 f
479 2452 521 2513 ui
527 2456 538 2511 t
553 2451 758 2513 insanissima
774 2452 884 2532 contio,
898 2451 935 2513 ah
948 2453 1048 2534 ipsius
1060 2455 1275 2515 mercennario

141 2555 376 2638 tribunoplebis
392 2556 565 2617 concitata:
587 2573 674 2635 quem
693 2555 774 2618 diem
798 2557 858 2636 itte,
881 2573 974 2635 quom
998 2558 1177 2637 contionem,
1200 2576 1275 2637 quos

142 2656 302 2740 clamores,
331 2659 394 2721 uisi
417 2659 460 2721 ad
484 2660 653 2741 caqitatum
674 2659 811 2743 facinus
842 2660 892 2723 ad
899 2668 1158 2743 properaret,
1188 2682 1276 2724 uum·

141 2781 234 2843 quam
267 2763 525 2845 reliquisset.
578 2761 669 2825 Verr.
693 2762 723 2823 V
747 2765 785 2825 51
825 2763 842 2843 ξ
876 2766 951 2826 133;
987 2764 1069 2843 quod
1101 2771 1180 2828 certe
1212 2785 1276 2827 nou

136 2868 273 2950 fecisset,
297 2867 326 2930 si
340 2885 611 2943 suumnnmerum
625 2886 717 2928 naues
741 2865 956 2930 habereut.
976 2917 982 2930 .
1001 2918 1008 2931 .
1033 2866 1111 2930 Sest.
1129 2870 1170 2930 20
1187 2868 1203 2948 ξ
1220 2872 1274 2931 45ε

141 2973 265 3036 Etenim
295 2972 324 3033 si
353 2970 428 3032 mihi
457 2971 490 3032 in
519 2970 626 3050 aliqua
656 2991 735 3033 ricae
765 2992 832 3033 curn
864 2973 937 3034 meis
967 2973 1077 3035 amieis
1108 2973 1274 3056 naeiqanti

139 3075 206 3153 hoe,
228 3074 355 3154 iudices,
379 3074 471 3136 aeci
479 3073 499 3134 d
507 3074 621 3150 isset,
643 3080 678 3137 ut
702 3075 793 3137 multi
815 3095 852 3137 ec
876 3077 982 3138 rnrrltis
1005 3077 1080 3139 tacis
1098 3076 1275 3159 praedones

142 3176 293 3242 classibus
324 3198 391 3240 enm
423 3198 530 3240 nauem
562 3198 593 3241 se
624 3198 830 3262 oppressuros
861 3180 1177 3260 minitarentur,
1212 3182 1276 3243 nisi

141 3302 187 3345 me
210 3302 306 3344 unrcm
329 3280 389 3343 sibi
410 3279 687 3360 dedidissent,
718 3283 747 3344 si
776 3281 812 3344 id
842 3288 974 3345 vectores
1005 3290 1204 3365 nequrent
1237 3306 1274 3346 ae

141 3406 257 3448 mecum·
290 3385 385 3448 simut
415 3386 544 3447 interire
575 3403 666 3465 quam
697 3407 743 3448 me
772 3385 897 3448 tradere
926 3384 1064 3449 hostibus
1096 3387 1273 3466 incitent,

140 3490 324 3553 iecissem
357 3490 422 3572 ipse
450 3510 498 3551 me
524 3491 630 3571 potius
664 3490 696 3551 in
728 3488 943 3573 profundum,
976 3495 1009 3552 ut
1039 3496 1152 3553 eeteros
1184 3510 1274 3553 cou-

140 3613 360 3673 seraarem,
383 3610 476 3672 quam
500 3594 570 3655 illos
594 3641 652 3657 ...
675 3594 710 3655 in
733 3595 814 3655 uitae
836 3593 1003 3656 discrimen
1025 3593 1272 3658 adducerem.

244 3694 375 3759 Carolus
398 3696 496 3759 Helm
519 3696 559 3760 cd
582 3697 666 3759 hunc
688 3697 793 3760 locum
816 3695 982 3759 adnotavit
1004 3696 1096 3760 haec:

242 3799 315 3863 Dus
342 3799 524 3864 Verha‘ttnis
554 3801 656 3864 dieser
687 3802 814 3864 enreiten
839 3800 995 3880 Protasis,
1028 3800 1138 3864 melche
1169 3800 1217 3881 (si
1241 3802 1275 3864 id

142 3905 311 3987 ueqarent)
336 3904 384 3967 die
407 3905 522 3969 ndhere
538 3905 739 3988 Bediuqunq,
763 3912 855 3968 unter
877 3905 1008 3968 ueteher
1024 3905 1073 3967 die
1088 3903 1187 3988 Fotqe
1209 3906 1273 3967 ein-

139 4015 275 4089 qetreten
306 4015 406 4089 urere,
437 4007 579 4090 cnqiebt,
610 4010 688 4073 tdsst
715 4008 781 4073 sich
813 4010 856 4072 im
885 4007 1062 4071 Deutschen
1093 4008 1194 4071 durch
1225 4009 1274 4071 die

144 4111 308 4196 Wenrlunq
332 4114 380 4175 'im
397 4111 489 4176 Fctte
507 4110 588 4176 doss'
610 4112 684 4177 htar
706 4113 844 4176 arachen.
892 4110 947 4194 Ost
971 4111 1050 4174 auch
1071 4111 1190 4194 fahren
1214 4114 1273 4174 uir

138 4219 170 4278 in
204 4215 328 4279 sotchen
362 4215 476 4281 thleu
513 4218 545 4280 in
585 4218 809 4281 eccrdinierter
846 4215 1049 4299 Verbiuduuq
1073 4216 1167 4300 fort:
1200 4212 1274 4279 'und

141 4341 227 4383 iacun
250 4321 354 4385 darru'.

1158 4423 1182 4478 b
