2962 4800
315 476 520 542 Sacerdotia:

256 601 443 674 Ποσειδῶνος
467 600 647 677 Φυταλμίου
1178 600 1250 660 136
1289 598 1339 661 dr.

253 701 433 785 Ἀφροδίτης
1113 753 1119 765 .
1175 702 1248 764 130
1289 737 1335 746 -

252 804 390 887 Ἀθηνᾶς
416 805 509 884 Νίκης
1175 805 1247 867 120
1294 841 1332 849 -

248 905 369 984 Ἐνυοῦς
392 911 439 971 καὶ
463 908 611 970 Ἐνυαλίου
1172 909 1245 969 120
1290 945 1332 952 -

256 1010 405 1076 Διονύσου
432 1010 664 1094 Πυθοχρήστου
1172 1012 1240 1074 105
1287 1050 1334 1058 -

256 1114 404 1179 Διονύσου
431 1113 574 1197 Βακχέως
1169 1117 1240 1178 100
1284 1155 1331 1164 -

252 1217 392 1300 Ἀγαθῆς
419 1223 524 1300 Τύχης
964 1222 965 1225 ’
1168 1219 1240 1280 100
1289 1253 1325 1262 -

246 1320 419 1404 Ἀχιλλέως,
443 1321 579 1398 Θέτιδος,
608 1322 764 1406 Νηρεΐδων
1006 1391 1011 1399 l
1193 1321 1212 1384 ‘d
1281 1362 1327 1371 -

219 1454 221 1457 ·
1190 1424 1238 1485 80
1284 1459 1326 1469 -

256 1528 403 1591 Διονύσου
1188 1528 1237 1587 80
1279 1563 1327 1573 --

247 1631 388 1714 Ἀθηνᾶς
405 1629 529 1711 Ἀρείας
1188 1633 1235 1694 70
1278 1668 1324 1676 -

247 1732 428 1814 Ἀρτέμιδος
452 1736 626 1816 Φωσφόρου
1093 1733 1262 1795 50-80?
1279 1772 1323 1781 —

253 1841 317 1918 Γῆς
1186 1837 1232 1897 10
1278 1871 1321 1881 -

312 1989 355 2053 Iis
379 1990 574 2071 sacerdotiis,
598 2012 730 2075 quorum
754 1990 857 2073 pretia
877 1991 963 2054 mille
987 1988 1153 2053 drachmas
1177 1990 1366 2073 excedant,

208 2090 362 2166 Βασιλέως
387 2090 588 2172 Ἀλεξάνδρου
621 2103 652 2156 et
690 2091 762 2168 Λιός
786 2093 991 2170 Ἐλευθερίου
1021 2089 1169 2153 addenda
1207 2113 1285 2156 esse
1321 2116 1363 2157 cx

208 2196 393 2278 eponiorum
411 2195 628 2276 magnitudine
645 2194 841 2277 perspicitur.
881 2192 963 2255 Nam
980 2193 1020 2255 ad
1037 2191 1215 2275 pretiorum
1232 2198 1365 2279 magni·

210 2297 352 2360 tudinem
370 2299 485 2380 eponia
509 2300 554 2360 ita
570 2303 725 2380 spectant,
748 2305 793 2375 ut,
816 2297 841 2360 si
858 2297 995 2378 pretium
1011 2297 1093 2358 inter
1117 2295 1366 2379 quinquaginta

210 2407 242 2463 et
273 2407 398 2463 centum
423 2399 589 2463 drachmas
614 2407 670 2479 est,
694 2399 786 2478 duae,
814 2401 839 2463 si
863 2400 945 2462 inter
970 2404 1097 2463 centum
1121 2406 1153 2460 et
1179 2397 1363 2480 ducentas,

208 2504 357 2587 quinque,
381 2503 406 2565 si
431 2503 512 2566 inter
535 2504 688 2566 ducentas
712 2509 743 2566 et
766 2503 850 2565 mille
864 2502 1029 2564 drachmas
1053 2506 1210 2578 versatur,
1239 2502 1362 2567 decem

209 2605 377 2669 drachmae
394 2608 625 2688 persolvantur.
664 2607 752 2670 luter
768 2606 870 2688 pretia
893 2597 1002 2668 autem
1029 2604 1169 2687 quinque
1194 2624 1245 2673 ea,
1272 2629 1364 2690 quae

208 2709 293 2771 mille
310 2708 476 2772 drachmas
492 2711 671 2793 superent¹‚
696 2729 766 2773 eam
781 2707 979 2771 intercedere
991 2707 1226 2789 proportionem
1242 2719 1363 2773 monet

207 2811 483 2895 Dittenbergerus‚
512 2818 549 2874 ut
571 2812 675 2895 pretio
706 2813 922 2876 1000-2000
944 2809 1166 2872 drachmarum
1198 2813 1363 2892 epouium

98 3001 100 3006 Ι
207 2913 329 2996 viginti,
352 2915 453 2998 pretio
480 2917 716 2978 2000-10000
733 2915 882 2997 epouium
899 2911 1107 2995 quadraginta
1124 2910 1361 2979 drachmarum

207 3016 413 3078 constitutum
447 3016 558 3094 fuerit,
591 3039 673 3100 quae
705 3017 867 3100 proportio
912 3017 1058 3098 quamvis
1088 3013 1166 3076 mira
1197 3028 1362 3082 accurate

205 3118 400 3201 respondeat
424 3120 463 3198 ei,
488 3121 618 3203 quaein
643 3120 766 3202 epouiis
786 3120 956 3181 100-200
975 3124 1006 3181 et
1020 3116 1213 3181 200-1000
1239 3116 1362 3183 drach-

206 3241 328 3284 marum
353 3222 437 3286 insit.

307 3348 414 3430 Atque
438 3349 582 3430 eandem,
606 3372 687 3434 quae
713 3349 890 3432 epouium‘2‚
915 3349 977 3410 vim
1003 3347 1121 3409 habere
1145 3345 1277 3410 videtur
1302 3350 1361 3414 illa

211 3448 358 3513 ἑκατοστὰ
383 3453 432 3513 καὶ
455 3451 624 3533 τριακοστά“
648 3455 679 3516 in
704 3454 793 3517 titulo
817 3452 881 3532 Ib3
906 3473 965 3516 nec
981 3457 1085 3514 tamen
1106 3449 1282 3533 perspicio,
1300 3456 1359 3536 qui

309 3700 318 3736 ¹
339 3699 406 3754 1300
424 3701 464 3753 dr.
483 3717 508 3754 r.
527 3701 568 3766 64,
590 3700 653 3754 1021
676 3702 716 3753 dr.
738 3717 761 3751 v.
781 3700 824 3762 86,
843 3699 912 3752 2040
933 3699 970 3750 dr.
993 3714 1016 3750 r.
1036 3697 1077 3758 42,
1096 3695 1165 3749 4600
1184 3696 1225 3748 dr.
1245 3710 1273 3750 v.
1299 3699 1359 3763 102,

204 3788 275 3839 4610
301 3786 341 3839 dr.
361 3803 384 3838 v.
404 3787 444 3840 91.

307 3874 378 3924 ²De
397 3875 495 3937 eponio
515 3889 539 3923 v.
560 3874 627 3924 Poll.
647 3874 671 3934 7,
692 3873 786 3935 Har-p,
815 3871 904 3935 Etym.
930 3870 974 3931 Μ.,
998 3869 1063 3920 Lex.
1092 3869 1160 3919 rhet.
1187 3884 1213 3932 p.
1239 3869 1303 3931 255,
1334 3875 1357 3937 1,

205 3958 307 4024 Phr-yn.
328 3957 449 4009 Bckkeri
469 3975 494 4022 p.
513 3957 556 4016 40,
576 3957 599 4009 7.
631 3958 753 4010 Ititteub.
774 3958 799 4008 S.
820 3958 842 4007 1.
861 3955 893 4006 G.
914 3973 939 4007 n.
958 3955 990 4008 37
1010 3972 1069 4021 sqq.
1090 3953 1209 4004 Boechh.
1230 3953 1358 4011 Staatah.

205 4044 216 4090 Ι
242 4059 258 4107 p
286 4041 337 4095 432
361 4058 418 4109 sqq.
463 4045 576 4096 Athenis
605 4045 706 4109 eponia
735 4044 817 4094 aliter
846 4058 905 4092 esse
934 4046 1091 4103 computata
1115 4044 1196 4104 atqua
1223 4038 1359 4106 Erythris

204 4124 326 4188 Rayotus
361 4127 398 4191 (p.
434 4127 495 4187 194)
532 4133 606 4178 racto
640 4128 714 4177 dixit.
768 4126 822 4176 Sed
861 4142 894 4176 ne
931 4125 1112 4175 Athenienses
1150 4122 1260 4188 quidem
1298 4144 1358 4179 uno

205 4209 354 4278 codemque
381 4227 487 4277 semper
507 4213 606 4278 epouio
627 4229 689 4264 usos
713 4227 804 4264 casce
831 4210 859 4262 0.
880 4211 901 4262 1.
921 4210 952 4261 λ.
973 4209 1054 4261 1277
1074 4215 1195 4274 opertum
1221 4215 1273 4261 est.
1316 4212 1360 4264 Cf.

205 4296 308 4346 anthes
328 4312 352 4360 p.
373 4297 414 4348 44.
