2954 4808
664 304 754 390 [145]
1235 304 1276 368 aa

135 503 318 590 frustratas
333 508 395 584 ect3
419 503 469 565 24.
486 502 551 582 5,4
574 505 702 564 eaustus
724 506 768 563 est
791 544 849 564 ...
872 517 905 562 co
928 498 1011 585 quod
1035 544 1089 563 ...
1116 498 1276 561 dimicavit

141 613 260 674 ...ct
284 655 292 671 .
316 655 324 671 .
349 656 356 671 .
379 610 592 689 proruperct3
617 606 669 668 24.
696 605 723 681 l,
747 606 777 669 5.

242 709 301 777 IV.
347 709 529 775 Perfectum
552 728 624 771 cum
646 705 753 771 futuro
770 705 804 770 II
828 707 937 790 paucis
953 706 1031 770 locis
1051 707 1090 769 ab
1108 706 1276 769 Ammiano

141 822 371 896 commutatum
402 812 487 897 quod
517 813 562 876 ita
591 812 636 890 fit,
667 821 702 876 nt
731 811 855 875 nullum
886 811 1055 874 artificium
1084 811 1277 875 rhetoricum

140 917 379 1006 agnoscendum
409 917 465 980 sit:
494 917 547 981 21.
571 918 600 997 6,
630 917 649 980 2
672 916 701 980 si
722 915 798 1001 quid
822 915 951 979 admisit
972 914 1067 978 buius
1088 915 1184 993 arodi,
1209 960 1215 975 .
1240 959 1246 973 .
1271 961 1278 975 .

137 1026 298 1110 punietur.
1278 1092 1281 1096 ¹

244 1125 284 1190 V.
322 1125 374 1190 De
397 1123 671 1190 coniunctionibus
689 1123 918 1208 temporalibus
931 1130 1107 1208 postquam,
1124 1121 1189 1202 abi,
1209 1143 1278 1185 cum

138 1232 290 1316 primum,
314 1249 396 1315 quae
419 1250 490 1294 cum
513 1227 655 1315 perfeeto
679 1228 830 1312 coniungi
854 1228 966 1304 solent,
990 1228 1030 1292 ef.
1055 1227 1146 1291 infra.

391 1539 409 1623 c
431 1544 462 1606 4.
485 1537 1027 1620 ‚enascunnrnanncruu

361 1731 409 1782 DE
434 1729 813 1794 PLUSQUAMPERFECTI
832 1729 1056 1784 INDICATIVO.

246 1851 554 1937 Plusquamperfecti
570 1850 744 1935 indicativi,
761 1872 824 1935 quo
844 1851 1030 1916 Ammianus
1047 1853 1078 1915 in
1096 1852 1279 1915 universum

145 1962 231 2021 recte
254 1957 367 2036 utitur,
390 1953 539 2038 exempla
562 1953 675 2018 afferre
699 1953 904 2038 supersedeo.
943 1953 1011 2018 Neo
1036 1961 1141 2019 tamen
1166 1955 1287 2028 desunt*

144 2060 277 2143 vestigia
287 2056 1167 2144 atqueindieiaeiusquoAmmianusvignerittemporis.
1192 2056 1279 2120 Non-

144 2184 305 2248 nunquam
331 2164 413 2227 enim
436 2162 490 2227 ille
506 2161 851 2246 plusquamperfectum
874 2161 916 2224 ibi
938 2163 1038 2246 ponit,
1062 2162 1113 2226 ubi
1138 2161 1279 2246 perfecto

144 2287 221 2331 suus
237 2274 305 2330 erat
320 2267 427 2330 locus:
444 2266 485 2332 cf.
499 2287 571 2350 pag.
590 2269 627 2329 12
641 2286 708 2352 sqq.
738 2265 827 2329 idem
845 2265 929 2330 hand
947 2288 1018 2330 raro
1035 2266 1280 2350 plusquamper-

144 2369 263 2435 fectum
278 2368 454 2454 imperfecti
469 2390 602 2433 munere
619 2369 709 2453 fungi
725 2369 816 2451 sivit3
834 2370 980 2455 exempla
996 2370 1125 2453 collegit
1138 2369 1279 2433 Hassen·

144 2475 263 2538 etainus
285 2495 360 2559 pag.
384 2477 435 2540 51.

351 2663 398 2713 DE
416 2661 796 2724 PLUSQUAMPERFEOTI
816 2662 1074 2716 CONIUNCTIVO.

249 2783 289 2850 A.
335 2784 387 2848 Ex
410 2783 499 2847 verbi
522 2783 727 2868 temporibus,
756 2804 838 2868 quae
860 2806 909 2863 ea,
943 2805 1006 2869 qua
1034 2785 1067 2847 in
1089 2783 1280 2848 Bomonicae

147 2908 177 2973 q.
200 2887 230 2954 d.
255 2890 379 2973 linguas
403 2888 587 2968 transibant,
613 2894 716 2952 aetate
739 2889 893 2952 sinceram
924 2908 1095 2972 veramque
1126 2888 1281 2972 significa·

146 2992 266 3057 tionem
295 2999 327 3057 et
354 2993 417 3056 rim
450 3012 521 3055 curn
550 2992 652 3057 altera
681 2999 900 3074 mutaverant,
931 2992 1281 3078 plusquamperfectum

147 3096 338 3162 coniunctivi
367 3096 459 3161 facile
481 3097 654 3180 principem
688 3105 823 3181 occupat
853 3098 968 3177 locum,
999 3118 1070 3160 cum
1103 3099 1132 3159 in
1162 3095 1280 3176 formis,

148 3220 225 3286 ques
257 3199 352 3264 etiam
378 3221 461 3264 nunc
488 3199 636 3284 singulae
666 3200 793 3282 linguae
824 3199 1019 3265 Romaniano
1051 3200 1179 3280 babent,
1209 3221 1281 3264 con·

147 3311 300 3369 servetur.
347 3303 652 3389 Plusquamperfecti
675 3305 758 3367 enim
780 3303 899 3369 formae
915 3305 946 3368 in
966 3305 1082 3387 linguis
1099 3304 1281 3369 Romanicis

146 3406 323 3491 imperfecti
356 3407 548 3472 coniunctivi
581 3414 690 3471 tenent
724 3408 846 3484 locum,
879 3429 951 3471 cum
984 3407 1044 3471 illis
1075 3407 1280 3491 temporibus,

150 3509 264 3596 quibus
288 3511 415 3595 linguae
430 3511 626 3576 Romanique
647 3511 777 3577 formari
792 3520 922 3597 coeptae
939 3519 1022 3593 sunt,
1041 3510 1282 3596 plusquamper-

148 3613 267 3679 fectum
302 3616 491 3680 coniunctivi
522 3617 554 3680 iu
587 3618 712 3701 vulgari
743 3638 804 3680 usu
835 3618 930 3680 simul
966 3615 1143 3701 imperfecti
1176 3615 1283 3680 locum

69 3762 72 3768 -
147 3723 274 3783 teneret
296 3740 332 3783 ac
356 3725 517 3806 tamquam
546 3727 672 3805 tempus
704 3721 837 3785 actionis
867 3722 1056 3805 praeteritae
1087 3720 1283 3784 coniunctivi

148 3829 232 3887 esset
254 3819 316 3887 κατ’
341 3822 462 3907 ἕξοχήν.
507 3823 558 3890 De
587 3845 650 3909 qua
673 3825 821 3908 temporis
847 3825 1093 3889 commutatione
1122 3821 1281 3902 Fothius‚l

148 3933 185 3992 ut
207 3927 271 3990 iam
293 3947 390 4012 supra
412 3927 489 4011 dixi,
511 3937 606 3993 acute
629 3927 811 4014 disputavit.
858 3928 949 4003 Quae
968 3927 1172 3992 commutatio
1196 3924 1280 4009 quod

148 4030 234 4115 apud
253 4030 455 4095 Ammianum
472 4052 568 4116 saepe
586 4032 715 4117 legitur,
739 4032 793 4096 vix
810 4032 922 4096 mirum
938 4031 1072 4114 videtur,
1096 4030 1283 4115 praesertim

149 4154 220 4198 cnm
243 4135 275 4199 in
298 4135 411 4200 ceteris
434 4157 560 4221 quoque
585 4135 781 4221 temporibus
803 4136 984 4221 praeteritis
1010 4146 1041 4201 et
1065 4134 1227 4198 indicativi
1250 4140 1283 4197 et

253 4363 261 4397 ¹
281 4361 344 4414 vida
362 4375 425 4431 pag.
447 4359 487 4422 12.

1153 4450 1197 4505 X&
