3030 4816
667 287 756 378 [365]
1239 294 1277 358 19

140 482 200 567 ἄρα
224 485 463 572 coniunguntur
484 486 516 552 in
540 482 629 569 τᾶρα,
653 485 778 567 μεντᾶν,
800 481 916 568 οὐτᾶρα
940 495 1014 571 etc.;
1045 486 1154 553 eodem
1179 488 1274 552 modo

141 593 246 672 καίτοι,
270 591 356 677 quod
381 592 478 657 semel
501 592 554 655 uel
584 613 654 656 oum
684 593 830 678 proxime
858 593 1001 677 sequenti
1030 593 1189 657 uocabulo
1213 595 1277 657 ἐστὶ

141 697 291 761 coalescit
312 698 345 759 in
366 694 522 761 καιτοῦοτί
542 697 597 760 Ar.
620 695 720 779 Vesp.
745 698 816 760 599.

246 796 277 866 2.
300 822 326 875 ο,
349 821 376 863 οι
400 807 438 877 ΛΓ
464 823 493 863 αι
516 829 558 854 =
581 823 619 863 oe.
665 796 768 880 θαῖμα
794 800 851 864 Ar.
874 799 949 884 Lys.
974 802 1046 865 205.
1085 799 1197 864 ταῖτιον
1219 801 1276 866 Ar.

140 903 222 969 Rau.
249 906 330 968 1385
355 889 577 986 (Thierschius
600 899 712 992 τᾷτιον,
743 902 819 968 uide
841 924 937 988 supra
961 903 1020 968 sub
1042 926 1062 966 α
1086 911 1125 976 4
1149 905 1205 984 αι).
1236 942 1276 951 -

142 1007 289 1082 Αἳσιααος
317 1007 344 1070 Ι.
368 1006 407 1071 G.
430 1007 472 1071 A.
496 1009 559 1071 492
582 1006 602 1069 b
627 1008 667 1070 10
699 1026 775 1070 cave
808 1006 944 1090 accipias
975 1004 991 1069 ὁ
1017 1005 1173 1084 Αἴσωπος,
1206 1027 1276 1071 curn

140 1111 272 1175 articulo
297 1111 347 1174 hic
370 1111 476 1174 nullus
500 1111 541 1175 sit
563 1111 670 1175 locus:
706 1112 854 1194 quotiens
876 1112 908 1174 in
932 1110 1113 1176 Atticorum
1138 1111 1274 1175 dialecto

141 1215 318 1278 uetustiore
339 1215 466 1298 spiritus
488 1236 582 1300 asper
597 1215 717 1299 positus
733 1215 773 1278 sit
787 1235 846 1299 pre
862 1214 974 1298 spiritu
990 1215 1064 1297 leni,
1087 1223 1200 1279 notum
1217 1221 1275 1281 est.

244 1315 275 1385 3.
298 1338 324 1392 o,
347 1338 381 1379 co
405 1324 443 1393 -1-
469 1340 507 1380 αα
530 1346 571 1371 --
595 1340 642 1382 αο.
687 1316 795 1397 αιἰτός,
819 1317 943 1395 ταύτοῦ,
974 1319 1088 1403 quibus
1111 1318 1221 1384 formis
1244 1326 1276 1384 et

143 1425 314 1509 scriptores
338 1427 369 1486 et
391 1423 617 1522 inscriptiones
636 1423 811 1489 abundant.

244 1526 446 1610 Praepositio
470 1524 527 1607 πρό
550 1527 709 1591 rarissime
732 1547 803 1590 cum
827 1527 971 1611 sequenti
1002 1553 1041 1588 αα
1071 1526 1221 1590 coalescit
1244 1525 1276 1590 in

142 1656 239 1713 αρωυ,
271 1629 325 1694 sed
359 1629 410 1693 hio
442 1651 506 1694 non
539 1630 633 1695 orasis
665 1651 776 1695 uerum
808 1631 982 1695 contractio
1013 1631 1183 1694 statuenda
1217 1638 1274 1696 est.

142 1738 284 1818 πρωοδοῖν
307 1735 363 1800 ΑΓ.
388 1736 449 1798 All.
474 1737 545 1798 556.

244 1836 276 1906 4.
302 1861 328 1913 ο,
350 1861 385 1913 cr
408 1859 443 1901 oo
467 1845 505 1913 l·
530 1861 544 1900 ε
567 1866 608 1891 =
632 1858 676 1900 co.
722 1835 893 1920 θοῦρμαιον
917 1838 1015 1923 Soph.
1037 1840 1113 1904 Ant.
1131 1842 1193 1903 397
1216 1861 1274 1925 pro

142 1942 177 2009 τό
194 1943 326 2025 ἕρμαιον.
349 1938 481 2025 τοῦργον
496 1943 593 2027 Soph.
610 1944 685 2007 Ant.
701 1943 752 2009 85.
775 1942 872 2006 Arist.
889 1942 971 2008 Aah.
989 1943 1024 2026 83
1048 1943 1133 2008 alibi.
1151 1979 1189 1988 -
1207 1941 1275 2024 οὑρ-

142 2046 239 2131 γοῖτης
262 2047 361 2136 Soph.
377 2047 452 2111 Ant.
476 2050 548 2111 252.
570 2044 664 2111 τούπί
683 2046 758 2111 ibid.
781 2048 855 2111 889.
879 2082 919 2092 -
944 2044 1078 2129 οὑχθρός
1100 2046 1176 2111 ibid.
1200 2049 1273 2113 522.

139 2151 291 2236 τοιὶκιίνης
323 2151 419 2215 Isocr.
452 2151 645 2234 saepissime.
679 2187 719 2196 -
753 2148 876 2234 οὑφόρει
908 2150 1006 2236 Soph.
1040 2150 1090 2215 lll.
1124 2154 1187 2214 420
1217 2172 1273 2233 pro

142 2252 157 2317 ὃ
180 2252 293 2338 ἐφόρει.
317 2290 358 2299 -
381 2251 496 2333 οὑξοροῖ
518 2253 613 2338 Soph.
637 2253 675 2317 Ο.
698 2253 738 2317 R.
763 2255 835 2316 936.
869 2251 960 2334 οὑμοί
980 2253 1056 2317 Eur.
1081 2252 1123 2318 H.
1140 2253 1166 2316 F
1169 2298 1176 2314 .
1200 2255 1274 2319 286.

139 2356 219 2440 colysi
246 2358 339 2423 Dem.
356 2357 458 2422 XXII
473 2356 491 2437 ξ
507 2360 557 2422 67.
582 2393 619 2403 -
637 2356 827 2439 ,οἱιργοτίμου
852 2355 886 2420 C.
903 2356 928 2419 I.
945 2356 983 2421 G.
1000 2359 1085 2420 8202
1108 2357 1162 2435 (ef.
1178 2356 1274 2421 Klein

139 2462 264 2527 Griech.
288 2461 396 2526 Vascn
421 2484 452 2527 u.
477 2460 795 2545 Meistersignaturen
819 2481 848 2545 p.
872 2461 937 2542 33).

243 2564 418 2648 οὑπιχώριοι
442 2566 539 2651 Soph.
563 2566 601 2630 Ο.
625 2567 666 2631 R.
691 2570 752 2631 939
782 2589 839 2652 pro
863 2565 891 2630 οἱ
914 2565 1067 2649 ἐπιχώριοι
1091 2616 1098 2630 .
1121 2565 1176 2631 οὑν
1197 2565 1272 2631 Eur.

140 2670 222 2736 Med.
246 2671 308 2733 819
332 2691 388 2755 pro
412 2668 440 2732 οἱ
462 2673 502 2734 ἐν.
548 2669 639 2750 οὑμοί
659 2670 735 2736 Eur.
760 2671 840 2736 Hec.
865 2673 937 2735 334.
969 2706 1010 2716 -
1043 2669 1197 2735 καιτοῦστί
1218 2673 1272 2736 Ar.

138 2772 236 2858 Vesp.
260 2777 323 2838 599
346 2795 403 2859 pro
427 2773 522 2837 καίτοι
545 2774 611 2838 ἐστί
635 2774 724 2853 (uide
748 2773 869 2858 supra).

242 2876 429 2961 τούλατῆρος
451 2879 508 2942 Ar.
531 2878 612 2942 Aah.
636 2880 706 2941 246.
748 2875 923 2953 τούπιόντος
952 2877 1051 2962 Soph.
1076 2876 1114 2942 O.
1139 2875 1174 2942 O.
1192 2880 1272 2944 ¹752.

138 2980 254 3059 οὕνεκα,
276 2980 431 3046 dicrivemus
463 2984 656 3068 saepissime.
690 3020 728 3028 -
762 2980 936 3064 cinerisque
971 2982 1068 3066 Soph.
1103 2983 1153 3047 Αἱ.
1193 2986 1270 3047 1337

137 3106 195 3169 pro
219 3082 255 3149 οὗ
279 3084 437 3168 ἐκράτησα.
468 3123 502 3132 -

241 3189 441 3277 Praepositio
465 3190 525 3273 αρό
548 3199 580 3256 et
602 3190 687 3276 apud
710 3199 820 3277 poetes
844 3197 876 3256 et
902 3191 986 3277 apud
1017 3191 1174 3277 pedestris
1205 3213 1272 3257 ora·

140 3294 231 3360 tionis
254 3302 400 3360 auctores
423 3296 455 3359 in
480 3297 712 3380 compositione
742 3317 837 3382 saepe
869 3317 940 3360 cum
971 3297 1115 3381 sequenti
1145 3296 1273 3360 ruelo

140 3400 288 3466 coalescit
314 3400 345 3462 in
376 3423 460 3480 πρου.
505 3398 668 3465 Eiusmodi
700 3402 848 3486 exempla
879 3421 939 3486 ego
970 3400 1096 3485 quidem
1125 3422 1187 3466 non
1217 3421 1273 3485 per

138 3506 240 3569 crasin
263 3504 318 3568 scd
342 3525 399 3587 per
421 3505 669 3568 contractionem
695 3511 765 3569 orta
787 3512 907 3589 putem,
931 3506 1079 3590 quoniam
1100 3506 1191 3590 quasi
1207 3524 1272 3568 uno

135 3610 168 3673 in
191 3609 346 3675 uocabulo
371 3608 500 3672 uocales
524 3609 715 3673 coalescunt.
739 3607 936 3690 προόαεριψα,
958 3607 1134 3691 προομόσας
1154 3608 1271 3674 Aesch.

138 3713 315 3798 Ag.1196.
350 3748 385 3756 -
418 3712 600 3778 Nonnullae
630 3734 707 3777 uero
738 3735 834 3778 uoces
859 3713 899 3777 ab
924 3739 938 3778 ε
961 3714 1064 3778 uooali
1087 3713 1271 3797 incipientes

138 3839 209 3883 curn
243 3816 301 3898 πρό
332 3839 494 3902 nunquam
527 3819 770 3899 contrahuntur,
801 3826 838 3882 ut
868 3817 1065 3901 προέρχομαι,
1096 3817 1271 3899 αροεθίζιο;

139 3927 309 4007 praeterea
330 3922 458 4006 spiritus
478 3943 572 4007 asper
588 3923 836 3987 contractionem
854 3922 1003 4008 prohibet
1017 3922 1048 3984 in
1064 3916 1271 4002 προεοριοίζω,

134 4024 296 4107 πρόεδρος,
320 4031 442 4107 προοραῖ
463 4026 532 4090 sim.

239 4131 296 4210 μοι’
317 4137 349 4195 et
371 4130 421 4193 σοι’
443 4130 608 4194 encliticae
631 4151 727 4215 saepe
751 4151 822 4194 cum
844 4132 911 4195 ἐστί
932 4138 964 4194 et
984 4127 1090 4207 ἐδόκει,
1113 4131 1271 4196 interdum

140 4253 210 4296 cum
235 4234 302 4297 aliis
332 4233 498 4297 uocabulis
528 4253 586 4317 per
617 4234 717 4298 cresin
750 4235 1000 4319 coniunguntur:
1031 4232 1143 4312 puriori
1173 4234 1270 4321 Soph.

137 4334 188 4401 Αἰ.
215 4338 305 4402 1225.
340 4335 449 4400 colori
468 4337 525 4402 Ar.
549 4337 630 4403 Ach.
655 4340 728 4403 339.
758 4336 900 4418 peritiora
922 4338 978 4402 Ar.
1001 4335 1100 4423 Vesp.
1124 4341 1175 4405 34.
1200 4338 1270 4404 σοῦ-
