2956 4822
196 309 238 371 24
717 304 809 387 [120]

196 497 300 565 Rhodi
310 499 329 575 ¹,
353 496 722 582 Nicaeae²,Smyrnaa³‚
746 496 887 580 Ephesi⁴
904 495 1193 581 exempia'dooent.
1225 495 1330 569 Quam

196 602 324 666 adrem
349 601 433 686 quod
459 603 638 684 Antigonus
663 600 748 665 Teiis
778 602 942 664 consilium
974 599 1114 665 dederit.
1138 598 1218 662 infra
1241 599 1330 663 uide·

196 706 298 770 bimus
331 706 430 789 (ad§
460 710 502 780 91.
550 706 698 769 Ceterum
731 713 835 768 utrum
867 704 927 767 hoo
950 704 1106 768 efficiatur
1136 725 1238 769 uacua
1274 725 1330 767 rex

196 810 346 875 Teiorum
368 810 498 874 arbitrio
517 809 678 893 perurittit.
715 808 788 872 Hoo
811 817 938 873 tautum
955 809 1126 888 constituit,
1152 817 1187 873 ut
1211 810 1236 872 si
1254 810 1328 874 urbs

196 916 327 1000 pristina
340 914 388 976 uel
406 913 473 976 eius
485 932 557 996 pars
570 913 761 992 destruatur,
779 920 827 977 tot
844 913 956 976 domus
973 912 1097 975 interim
1111 920 1329 995 permaneant,

195 1026 274 1105 quot
297 1019 335 1081 ad
360 1017 557 1103 recipiendos
574 1017 732 1082 Lebedios
758 1025 882 1102 praeter·
906 1019 1055 1102 pristinos
1079 1018 1199 1081 incolas
1222 1039 1331 1081 neces-

196 1123 298 1188 sariae
313 1122 385 1187 siut.
422 1121 513 1194 Quae
529 1142 598 1185 oum
618 1121 709 1184 buius
731 1121 922 1206 paragraphi
939 1122 1096 1185 sententis
1113 1121 1162 1200 sit,
1184 1121 1329 1205 displicet

196 1225 281 1313 quod
305 1225 570 1307 Ditteubergerus
595 1225 719 1305 conicit,
745 1225 888 1289 uersibus
916 1227 953 1288 13
969 1247 1015 1308 sq.
1041 1223 1080 1288 de
1104 1224 1330 1289 distribuendis

197 1330 346 1396 oneribus
369 1335 402 1392 et
424 1327 601 1413 sumptibus
632 1328 789 1391 moenium
822 1327 1089 1392 exstruendorum
1121 1327 1220 1392 uerba
1250 1328 1330 1406 fieri,

197 1454 389 1520 quamquam
405 1433 484 1497 haeo
501 1432 653 1516 expedire
670 1431 745 1494 mihi
762 1452 826 1496 nou
843 1431 985 1514 contigit.
1022 1431 1125 1496 Immo
1143 1431 1183 1497 de
1200 1431 1329 1496 sedibus

195 1538 345 1604 Lebediis
362 1537 485 1618 dandis,
508 1536 534 1600 si
550 1536 663 1599 domus
680 1555 761 1618 quae
779 1535 811 1598 in
828 1535 908 1601 urbe
925 1542 1040 1613 essent,
1056 1557 1120 1601 uon
1136 1536 1330 1614 sufficerent,

196 1641 365 1708 dicendum
390 1649 467 1706 erat.
512 1639 593 1703 Tum
618 1646 725 1705 autem
749 1647 840 1703 extra
866 1639 975 1704 urbem
1000 1647 1031 1703 et
1053 1642 1124 1704 loeo
1149 1641 1233 1704 elato
1256 1638 1331 1705 illo-'³

196 1746 249 1832 qui
272 1754 321 1812 est
342 1765 440 1830 supra
463 1744 549 1808 urbis
573 1746 706 1823 moenia,
730 1744 861 1808 Lebedii
884 1745 1013 1808 interim
1035 1743 1207 1810 habitaturi
1230 1743 1329 1808 fuisso

195 1849 352 1916 uidentur.
397 1850 471 1913 Alia
494 1850 576 1914 enim
599 1870 680 1933 quae
703 1849 742 1912 sit
765 1875 784 1929 η
804 1847 895 1931 χώρα
917 1847 973 1924 ἔξω
996 1847 1019 1932 ἤ
1041 1874 1073 1912 τε
1097 1851 1145 1913 ἐπὶ
1170 1850 1226 1931 τῆς
1249 1872 1330 1929 napt-

194 1951 380 2037 βαλλομένης
403 1953 517 2030 πόλεως
540 1954 680 2037 cogitare
705 1954 758 2016 uix
783 1974 920 2036 possum.

728 2093 798 2174 sa.

299 2229 491 2314 Sepulturae
503 2230 608 2319 locum
622 2230 721 2294 tribus
734 2230 948 2294 Lebediorum
966 2240 1000 2295 ut
1014 2231 1187 2314 separatim
1203 2231 1328 2313 babeat,

195 2340 292 2419 atque
320 2335 371 2399 hio
401 2341 435 2399 ut
466 2336 562 2417 gratis
599 2334 642 2397 eis
667 2334 779 2418 detur,
812 2335 971 2400 statuitur.
1019 2336 1090 2408 Qua
1120 2356 1160 2398 ex
1193 2358 1228 2399 re
1252 2335 1328 2420 quid

196 2437 399 2503 efficiendum
422 2439 470 2517 sit,
494 2460 591 2522 supra
613 2439 790 2523 signifioaui
813 2462 842 2524 p.
869 2440 918 2501 19.

728 2578 798 2658 §a

298 2713 370 2778 Hac
386 2715 468 2777 tituli
491 2720 582 2798 parte
598 2715 672 2799 quid
689 2723 857 2795 statuatur,
881 2716 1012 2779 dubium
1039 2738 1185 2781 essenon
1204 2725 1327 2801 potest:

197 2816 344 2880 nimirum
375 2839 429 2881 aes
453 2817 821 2884 alienumLebediorum
855 2820 941 2883 urbis
973 2820 1004 2882 in
1028 2820 1177 2884 Teiorum
1202 2821 1221 2885 i.
1245 2845 1273 2888 o.
1296 2824 1326 2886 in

196 2940 301 2985 nouae
323 2919 459 2983 ciuitatis
484 2920 608 2984 tabulas
631 2920 774 3004 publicas
790 2922 1005 3006 recipiendum
1027 2944 1105 2988 esse.
1142 2925 1232 2998 Quae
1255 2947 1326 2989 eum

196 3022 240 3086 ita
263 3024 342 3102 sint,
378 3022 476 3087 uerba
506 3043 618 3108 parum
648 3032 733 3089 reete
758 3023 1020 3109 Waddingtouus
1052 3028 1230 3092 restituisse
1253 3027 1325 3092 mibi

196 3125 331 3190 uidetur.
365 3126 458 3190 'Nam
491 3136 526 3191 ut
558 3128 607 3191 hic
640 3129 688 3192 uir
720 3129 918 3195 doetissimus
952 3132 1126 3199 sententias
1157 3134 1325 3218 suppleuit,

195 3230 301 3314 priore
325 3230 474 3294 iubentur
490 3231 560 3295 Teii
583 3252 637 3296 aes
661 3234 801 3297 alienum
816 3234 1028 3298 Lebediorum
1054 3236 1263 3303 oreditoribus
1287 3261 1326 3301 ex

197 3334 318 3398 aerario
349 3355 407 3398 suo
431 3335 623 3417 dissoluere,
648 3339 747 3401 altera
770 3339 801 3402 in
826 3339 950 3402 tabulas
974 3331 1056 3403 suas
1073 3340 1152 3403 illud
1177 3342 1324 3427 resipere.

196 3437 288 3503 Haeo
310 3450 419 3503 autem
441 3440 524 3502 inter
546 3462 580 3504 se
606 3449 762 3525 pugnant.
809 3442 910 3506 Immo
940 3443 970 3506 in
998 3444 1104 3527 priore
1132 3447 1323 3531 paragraphi

196 3551 287 3627 parte
317 3564 380 3607 nou
405 3542 444 3607 de
469 3543 580 3608 eadem
612 3564 646 3607 ra
669 3546 769 3610 uerba
791 3547 860 3610 fieri
883 3536 1017 3630 apparet
1039 3555 1135 3632 atque
1159 3550 1191 3612 in
1214 3551 1324 3631 altera,

195 3645 226 3708 in
250 3668 312 3731 qua
335 3668 404 3711 uum
430 3647 550 3711 diserte
567 3646 687 3712 habeas
711 3641 825 3731 edida
842 3648 947 3712 δάνεια
972 3657 1072 3714 ταῦτα
1096 3652 1131 3732 (ἱ.
1156 3674 1183 3716 e.
1207 3662 1323 3719 sortem

195 3750 321 3835 ipsam),
344 3751 375 3815 in
399 3750 453 3814 illa
477 3751 533 3815 uix
555 3750 596 3815 da
620 3752 684 3816 ulia
708 3774 742 3816 re
765 3753 826 3817 alia
852 3753 970 3818 diotum
996 3777 1068 3819 esse
1090 3763 1207 3840 potest,
1231 3778 1323 3840 quarn

196 3852 236 3916 do
259 3856 362 3918 usuris
394 3854 488 3919 huius
520 3858 682 3940 pecuniae.
728 3857 797 3922 Has
827 3858 922 3943 igitur
947 3862 1118 3943 quotannis
1142 3883 1182 3924 ax
1206 3862 1325 3926 aerario

299 3996 306 4029 ¹
327 3994 367 4046 Cf.
386 3994 475 4046 Kuhn.
496 3995 512 4046 1.
532 4011 554 4047 a.
574 4012 600 4062 p.
619 3994 679 4050 211.
917 4001 926 4035 ²
945 3998 985 4050 ct.
1005 4015 1030 4066 p.
1049 3998 1091 4052 53.

300 4079 413 4145 'pm
920 4083 1085 4153 ⁴pfflm

298 4168 308 4202 ⁵
328 4166 369 4217 ct.
383 4183 508 4233 mappam
522 4169 684 4220 maritimam
696 4168 883 4221 Britannicam
897 4170 998 4233 (editad
1013 4172 1103 4238 bytho
1114 4170 1325 4238 Hydrographio

197 4249 286 4303 omos
312 4253 341 4304 ο1
369 4253 416 4305 tha
445 4253 617 4322 Admirality)
645 4272 670 4307 n.
702 4254 781 4310 1893:
812 4257 956 4324 „sighsjik
982 4256 1066 4327 Bay“.
1112 4257 1195 4311 Cuius
1222 4264 1325 4327 partam

197 4337 310 4405 repetiit
328 4338 488 4395 Hirsohiald
508 4340 534 4392 in
552 4342 739 4410 Arahaaolog.
758 4342 874 4414 zeitung
894 4343 961 4399 1816
979 4360 1004 4412 p.
1022 4342 1063 4398 2⁴.
