2970 4814
216 289 255 351 ιι
650 325 691 336 -
737 286 825 374 [roo]
872 327 913 337 -

213 475 338 564 μορίων
369 477 450 567 [καὶ]
483 472 652 562 ὀνομάτων
680 479 863 566 protulerit.
912 480 1023 566 Atque
1053 480 1114 544 hae
1147 481 1351 567 potissimum

216 584 341 648 ratione
375 582 509 648 ductum
540 582 754 668 Hippocratis
788 589 821 646 et
849 582 966 647 Galeni
1000 584 1122 669 scripta
1156 568 1351 648 coniunctim

214 686 346 752 laudata
370 686 487 751 Sorani
510 687 593 751 libro
617 707 784 773 opponere
808 688 952 751 voluisse
975 687 1145 752 Meletium
1169 688 1294 773 opinor.

300 790 370 857 Nec
405 791 501 855 nimis
538 790 715 856 verisimile
752 798 802 855 est
836 791 900 855 iam
934 792 1066 856 sacculo
1102 792 1199 856 tertio
1232 791 1348 858 Sorani

214 895 332 960 librum
370 916 412 960 ue
449 893 575 960 decima
613 892 743 979 quidem
778 901 871 980 parte
915 896 1057 959 omnium
1097 915 1181 981 quae
1221 896 1351 961 inerant

215 999 486 1085 etymologiarum
515 998 636 1063 omissa
662 995 862 1062 adverbum
892 997 961 1063 fere
985 999 1186 1085 exscriptum
1211 1020 1285 1064 esse
1308 998 1350 1063 ab

214 1109 408 1189 excerptore
431 1102 528 1186 idque
552 1107 742 1187 excerptum
767 1106 938 1187 tantopere
962 1103 1169 1183 inclaruisse,
1192 1108 1228 1166 ut
1251 1103 1350 1167 etiam

204 1207 353 1294 vseptimo
382 1229 413 1293 p.
438 1204 514 1270 Chr.
539 1227 570 1269 n.
600 1205 733 1270 saeculo
764 1210 925 1279 exstaret;
957 1226 1069 1271 verum
1102 1205 1219 1272 Sorani
1246 1206 1351 1292 ipsius

215 1311 342 1391 librum,
365 1331 462 1397 quem
485 1311 590 1396 ipsum
613 1308 721 1374 medio
745 1309 876 1373 saeculo
899 1310 1011 1395 quinto
1036 1309 1077 1375 ab
1094 1310 1217 1376 Orione
1239 1332 1349 1396 gram·

214 1415 332 1480 matico
356 1421 548 1501 usurpatum
572 1435 645 1479 esse
669 1413 754 1478 inter
769 1434 883 1478 omues
900 1421 1035 1494 constat,
1060 1415 1191 1480 saeculo
1209 1415 1349 1500 septimo

217 1518 424 1606 deperditum
448 1518 559 1582 fuisse.

301 1621 395 1696 Quod
427 1627 537 1687 autem
574 1620 690 1685 Sorani
725 1641 842 1685 nomen
876 1622 908 1684 in
943 1623 1014 1707 ipso
1049 1628 1204 1687 contextu
1241 1623 1351 1709 operis

214 1726 381 1792 Meletiaui
416 1724 495 1789 alibi
531 1745 690 1809 nusquam
729 1723 895 1805 laudatur,
943 1724 975 1789 id
1012 1725 1085 1790 ideo
1120 1726 1243 1791 factum
1277 1748 1351 1790 esse

214 1831 352 1910 videtur,
388 1828 478 1917 quia,
509 1829 536 1891 si
562 1828 733 1892 occasione
760 1827 837 1892 data
860 1829 962 1894 semel
989 1828 1187 1911 laudaretur,
1220 1836 1289 1895 tum
1318 1831 1351 1895 in

212 1956 279 2000 uua
301 1954 429 2019 quaque
453 1931 575 2018 pagina
598 1937 713 2016 quater
734 1931 951 2018 quinquiesve
979 1939 1187 2018 repeteretur
1213 1955 1351 1999 necesse

213 2040 289 2119 fuit,
323 2059 363 2104 ne
392 2036 532 2123 suspicio
561 2035 746 2121 legentibus
774 2042 922 2103 oreretur
949 2042 1076 2103 ceterae
1105 2039 1351 2124 originationee‚

213 2143 331 2228 quibus
352 2161 472 2206 nomen
495 2139 612 2204 Sorani
635 2159 700 2203 non
724 2138 923 2226 adscriptum
950 2142 1126 2226 legeretur,
1156 2164 1221 2208 uon
1245 2142 1351 2210 redire

214 2246 255 2310 ad
287 2245 446 2310 Soranum
481 2236 685 2308 auctorem(
714 2243 823 2329 Atque
857 2244 986 2310 omnino
1019 2245 1135 2311 Sorani
1165 2268 1283 2312 nomen
1318 2247 1351 2311 in

214 2350 285 2436 ipso
315 2348 434 2433 scripto
458 2345 592 2410 laudare
616 2345 768 2410 Melctius
798 2368 838 2411 ea
865 2346 905 2413 de
929 2369 1027 2413 causa
1051 2348 1268 2436 supersedere
1291 2372 1351 2436 po-

214 2458 313 2534 terat,
341 2450 427 2538 quod
450 2451 484 2514 in
507 2449 711 2536 praefatione
734 2472 848 2517 omues
872 2458 1039 2531 auctores,
1070 2475 1207 2539 quorum
1231 2455 1354 2541 scripta

151 2614 153 2618 a
215 2557 248 2620 in
270 2576 364 2621 usum
387 2575 480 2619 suum
501 2554 671 2635 convertit,
695 2563 948 2642 nuncupaverat.
984 2556 1051 2620 Ubi
1076 2558 1227 2642 quoniam
1249 2578 1352 2644 expo-

216 2662 281 2725 suit
312 2647 472 2725 &uranum
503 2658 673 2745 scripsisse
703 2659 839 2741 librum,
877 2661 910 2724 iu
940 2681 1003 2745 quo
1038 2661 1183 2726 inessent
1213 2662 1353 2747 partium
1417 2716 1420 2721 .

216 2766 350 2830 humaui
375 2763 520 2849 corporis
544 2763 796 2848 originationes,
820 2771 853 2830 et
875 2765 973 2851 paulo
995 2765 1079 2830 infra
1101 2763 1191 2850 (pag.
1208 2767 1238 2846 2,
1261 2765 1352 2829 liu.5

216 2876 248 2934 et
272 2890 345 2954 pag.
364 2871 398 2949 3,
426 2868 517 2933 liul
551 2866 602 2932 ed.
633 2866 781 2951 Cramer)
812 2868 894 2933 haec
925 2870 1026 2934 verba
1053 2867 1195 2932 addidit:
1228 2862 1270 2933 τὰ
1298 2856 1354 2932 οὖν

216 2969 465 3059 διεσπαρμένας
491 2968 524 3036 ἒν
550 2975 625 3050 ταῖς
649 2966 773 3037 τούτων
794 2967 924 3057 βίβλοις
945 2970 1113 3058 ἕγκείμενα
1136 2966 1236 3052 αὐτὸς
1257 2970 1353 3039 ἐκλα-

215 3069 283 3160 βών
313 3068 352 3140 τὸ
381 3067 489 3159 παρὸν
515 3066 559 3152 ὡς
586 3067 620 3138 ἓν
649 3066 685 3140 ‘dv
711 3069 954 3160 σονεσιησοὶμην
979 3070 1019 3162 δὴ
1047 3069 1242 3162 σύγγραμμα

216 3177 420 3265 ἐτυμολογῶν
442 3175 579 3243 ἕκαστον
601 3171 685 3241 κατὰ
701 3173 759 3265 τὴν
777 3173 918 3266 φυσικὴν
937 3173 1099 3263 (δύναμιν)
1120 3177 1177 3244 καὶ
1195 3177 1354 3266 ἐνέργειαν

215 3281 272 3350 καὶ
293 3279 353 3362 τὰς
374 3276 556 3368 ὀνομασίας
578 3281 645 3357 καὶΙ
658 3282 734 3362 τοὺς
757 3277 852 3369 ὅρους
874 3277 1096 3351 ὑποδεικνύων
1119 3278 1190 3352 ἀπὸ
1206 3286 1352 3374 κεφαλῆς

216 3386 277 3467 ἕως
296 3388 422 3468 ποδῶν,
451 3410 559 3453 nonne
583 3387 688 3472 quivis
715 3387 812 3453 facile
842 3389 982 3454 coniciet
1005 3390 1239 3476 etymologias,
1272 3412 1353 3476 quas

216 3494 313 3558 affert
335 3492 499 3567 Meletius,
524 3513 566 3556 ex
589 3489 646 3554 illo
670 3481 787 3554 Sorani
809 3490 891 3554 libro
914 3513 988 3558 esse
1012 3492 1244 3580 depromptae?

683 3670 887 3677 ——...-..

303 3805 427 3870 Verum
450 3811 507 3868 aut
529 3804 662 3888 egregio
686 3805 790 3886 fallor,
814 3812 871 3870 aut
893 3814 929 3870 ut
951 3807 1048 3873 aliter
1064 3813 1162 3893 atquc
1184 3830 1246 3893 cgo
1269 3808 1353 3873 iudi-

217 3915 322 3988 caret,
354 3909 506 3994 Voigtiua
547 3908 689 3974 maxime
724 3910 835 3990 titulo,
872 3911 932 3975 sub
964 3933 1026 3997 quo
1061 3911 1176 3975 Sorani
1207 3911 1289 3976 liber
1321 3914 1353 3976 in

216 4012 342 4078 Melctii
375 4013 539 4098 prooemio
569 4018 716 4093 notatur,
751 4011 909 4078 adductus
941 4021 1005 4095 est,
1040 4014 1190 4100 quoniam
1223 4015 1354 4080 Orionis

216 4115 366 4181 Thebani
381 4117 607 4202 Etymologico
623 4116 714 4180 nisus
728 4116 845 4181 Sorani
861 4118 978 4182 librum
995 4118 1174 4183 inscribere
1196 4119 1354 4184 malebat:

216 4215 425 4304 ἑννμολογιάι
461 4221 521 4285 τοῦ
561 4214 715 4302 σώματος
746 4221 804 4286 τοῦ
834 4215 1026 4305 ἀνθρώπου.
1071 4221 1229 4286 Nimirum
1261 4223 1287 4286 si
1321 4224 1354 4288 in
