3030 4816
697 297 786 382 [sos]
1270 301 1304 362 ιι

178 488 330 554 Θεοδότου
346 487 550 573 Νεικομηιῖεύς
566 487 726 576 [propontide
740 496 865 567 παλαιᾶς
878 489 1061 578 κιομῳὸιάς],
1078 514 1107 556 v.
1126 494 1181 555 l3:
1204 491 1310 554 Ἀπολ-

179 593 285 670 λώνιος
302 592 502 657 Ἀπολλωνίου
519 592 689 668 Ἀσπένδιος
705 591 830 676 ποιηταῖς
845 601 947 676 καινῆς
962 596 1130 681 κωμῳδίας.
1163 596 1201 659 In
1218 597 1310 659 titulo

179 699 419 783 Aphrodisiensi
435 697 470 762 Ο.
486 698 512 763 Ι.
530 698 586 761 Gr.
603 698 636 760 ll
660 700 754 777 2759,
778 697 832 761 nbi
856 700 912 762 eol.
928 698 980 761 III
998 705 1017 761 4
1040 700 1153 763 dieitur
1169 700 1208 763 de
1223 705 1311 786 καινῇ

178 805 336 888 κιομιμὸιῦν
365 803 431 866 soil.
456 802 603 882 ἕνιιῖιίξει,
627 809 658 865 et
681 823 710 865 V.
730 804 758 881 7,
789 802 843 864 ubl
875 810 922 865 est
945 802 1058 888 α’ρχαιά
1081 803 1241 890 κωμῳδίαῑ
1268 803 1308 866 ad

178 927 259 989 quae
290 907 387 969 verba
423 905 593 968 Boeelrlu'us
623 906 700 968 liaeo
730 905 877 969 adnotat:
914 904 964 968 ‘Et
994 907 1130 990 primum
1162 906 1205 969 ibi
1234 907 1308 986 (col.

180 1008 230 1073 ΠΙ
247 1009 280 1090 4)
304 1010 439 1074 habetur
461 1015 547 1097 καινῇ
569 1012 725 1096 καιμιμὸιῧν
748 1017 779 1072 et
807 1012 894 1096 aucep}
911 1000 1085 1095 rpaypldniv,
1101 1031 1182 1094 quae
1201 1005 1309 1073 dictio·

178 1135 233 1178 nes
261 1113 301 1177 de
333 1135 414 1176 nova
441 1112 518 1194 (hoc
541 1120 588 1176 est
611 1135 673 1176 non
696 1114 824 1192 iterata)
849 1113 1028 1177 comoediae
1060 1122 1091 1177 et
1126 1113 1308 1196 tragoediae

177 1217 391 1281 commissione
408 1215 639 1299 intellegendae
654 1222 727 1280 sunt
730 1264 822 1281 .....
846 1216 937 1290 Quod
952 1238 1045 1280 versu
1063 1220 1079 1280 7
1098 1218 1308 1301 interponitur

177 1319 290 1406 ἀρχαία
314 1320 470 1405 κωμῳδίᾳ,
494 1318 525 1380 id
548 1326 689 1402 spectata
720 1320 917 1404 oppositione
946 1325 1050 1407 καινῆς
1073 1321 1127 1382 vix
1157 1320 1249 1384 aliter
1272 1341 1308 1383 ao

177 1424 216 1487 de
249 1423 384 1508 repetita
418 1422 526 1485 fabula
560 1421 702 1504 intellegi
740 1429 842 1506 potest
879 1443 940 1485 non
979 1422 1018 1485 de
1055 1422 1221 1486 comoedia
1254 1444 1308 1486 an·

176 1528 273 1611 tique,
297 1525 399 1610 qualis
421 1531 467 1588 est
482 1521 736 1609 Aristophanea.'
769 1523 892 1588 Eadem
915 1525 1053 1609 exempli
1076 1526 1179 1609 gratia
1195 1523 1307 1606 ἀρχαία

176 1629 319 1716 κωμῳδία
335 1629 448 1692 dieitur
463 1627 548 1712 apud
562 1628 761 1692 Athenaeum
774 1628 825 1691 ΙΙΙ
835 1649 866 1712 p.
877 1632 890 1689 l
900 1631 965 1691 15⁸:
983 1626 1056 1692 ..ἃ
1073 1627 1197 1702 ἐξέθετο
1213 1626 1307 1691 κόνα-

177 1760 213 1796 να
228 1736 275 1796 καὶ
295 1732 439 1810 αι’μματα
463 1729 679 1813 Ἀριστομένης
694 1728 709 1793 ὁ
724 1729 902 1813 Ἀθηναῖος
922 1733 955 1793 ἐν
971 1733 1061 1817 τρίτῳ
1087 1737 1150 1793 ruia
1165 1729 1237 1812 πρὸς
1254 1728 1308 1807 τοὶς

176 1835 352 1918 ἱερουργίας.
387 1831 521 1914 ἔγνωμεν
537 1834 568 1896 δὲ
584 1835 630 1896 καί
657 1831 743 1914 ἡμεῖς
761 1831 813 1896 τον
827 1830 921 1915 ἄνδρα
939 1840 1046 1896 τοῦτον
1067 1833 1202 1914 νεώτεροι
1219 1858 1307 1915 ορεσ-

175 1940 310 2022 βύτερον.
354 1935 513 2020 ὑποκριτής
543 1937 571 2001 d’
588 1931 627 2020 ἦν
655 1937 786 2019 ἀρχαίας
816 1939 979 2024 κωμῳδίας
1013 1935 1220 2018 ἀνελεύθερος
1252 1943 1308 2000 τοῦ

174 2040 404 2122 μοοαικιοτοῖτοο
426 2039 569 2123 βασιλέως
585 2040 756 2122 Ἀδριανοῦ
778 2063 824 2125 sq.

279 2145 364 2209 Hine
394 2147 492 2228 igitur
521 2166 621 2209 novae
645 2145 774 2209 fabulae
803 2154 834 2210 et
866 2168 956 2210 nsum
980 2154 1012 2211 et
1033 2167 1147 2211 nomen
1172 2147 1305 2209 mutuati

175 2255 247 2312 sunt
277 2249 429 2328 Romani,
463 2249 522 2313 nisi
545 2249 628 2333 qnod
651 2256 822 2333 utrumqne
853 2249 893 2312 ab
917 2251 1152 2335 exemplaribus
1175 2249 1305 2314 Graecis

175 2353 215 2416 ad
238 2354 460 2417 versiones
488 2353 602 2416 latinas
619 2354 855 2434 transtulerunt,
879 2354 910 2415 in
934 2375 971 2417 eo
996 2373 1121 2437 quoque
1145 2352 1303 2416 Graecum

175 2457 357 2540 exemplum
386 2456 500 2537 secuti,
531 2456 615 2540 quod
645 2457 764 2520 novis
795 2456 911 2519 fabulis
941 2457 1127 2541 primarium
1159 2457 1190 2519 in
1223 2455 1305 2519 ludis

173 2561 322 2623 scaenicis
345 2560 447 2624 looum
471 2559 656 2625 tribuerunt.

502 2801 559 2865 De
584 2809 722 2866 vetere
749 2803 971 2866 comoedia.

276 2979 320 3042 Ut
349 2979 434 3063 apud
457 2979 594 3042 Graecos
624 2975 709 3060 καινὴ
741 2981 886 3065 κιομῳιῖιά
909 2980 1079 3064 opponitur
1101 2982 1225 3067 παλαιᾷ,
1259 2981 1304 3044 ita

174 3083 258 3168 apud
290 3082 451 3146 Romanos
480 3103 562 3145 nova
592 3082 702 3145 veteri.
756 3081 857 3145 Vetus
887 3083 983 3165 igitur
1007 3082 1116 3147 fabula
1140 3083 1303 3147 dicebatur

175 3186 250 3251 olim
274 3192 344 3249 aeta
368 3185 419 3247 vel
442 3184 552 3248 relata.
585 3183 636 3249 cf.
660 3184 804 3249 Eunuoh.
829 3186 910 3267 prol.
935 3206 963 3248 v.
988 3188 1045 3248 25:

277 3303 415 3368 Colacem
438 3316 505 3367 esse
521 3303 626 3367 Noeue'
646 3311 674 3366 et
695 3303 816 3388 Plauti,
840 3312 970 3369 ueterem
990 3306 1147 3387 fabulam.

174 3427 290 3512 Hecyr.
305 3427 427 3511 prolll
444 3431 518 3490 ul:
541 3425 653 3490 Nouos
675 3429 728 3510 qui
750 3436 877 3490 eructas
890 3429 962 3511 feci
980 3434 1014 3491 ut
1028 3430 1301 3495 >iaueteruseereot

275 3549 350 3615 ibid.
417 3571 446 3613 v.
461 3552 516 3613 10:
541 3548 710 3612 Easdem
732 3570 854 3632 apere
878 3551 971 3632 coepi,
994 3557 1029 3614 at
1045 3551 1083 3613 ab
1099 3551 1202 3615 eodem
1218 3553 1302 3615 ulios

1050 3654 1199 3717 discerem

542 3753 665 3837 Nouos,
687 3754 833 3819 studiose.

272 3875 348 3939 ibid.
414 3877 510 3940 v.29:
540 3874 647 3938 Uetere
668 3878 703 3938 io
725 3895 810 3938 κοκα
834 3876 919 3956 coepi
941 3877 990 3938 uti
1012 3877 1243 3955 consuetudine,

540 3978 581 4042 Ικ
605 3978 796 4062 experiundo
818 3985 853 4042 at
876 3999 990 4042 essem:
1012 3978 1117 4059 refero
1140 3981 1251 4046 denuo,

275 4116 473 4200 Quamquam
496 4118 528 4180 in
550 4115 683 4180 casinae
699 4115 869 4181 Plautinae
885 4118 1015 4201 prologo
1033 4118 1157 4182 diversa
1172 4121 1301 4184 notione

172 4225 204 4282 et
226 4215 356 4283 ‘veteres
378 4215 513 4283 fabulae'
535 4228 566 4283 et
587 4214 705 4283 ‘novae'
715 4219 756 4283 ad
773 4227 897 4302 tempus
915 4219 1105 4284 referuntur.
1137 4221 1301 4288 Plautinae

172 4320 220 4406 (et
241 4345 349 4388 eornm
373 4324 425 4408 qui
448 4323 601 4408 usquead
617 4323 800 4388 Terentium
815 4321 959 4406 fuerunt)
976 4332 1097 4388 veteres
1113 4332 1145 4389 et
1160 4327 1299 4393 omnium
