2962 4800
667 296 736 380 [se]
1223 299 1263 361 43

394 488 468 553 Non
491 496 594 573 potest
623 489 756 573 auferre
777 489 849 554 irinc
873 512 893 553 a
915 510 978 571 me,
1010 491 1129 574 siquis
1151 497 1269 576 emptor

1038 596 1163 659 uenerit.

137 696 222 760 Trin.
246 700 286 763 85
801 699 830 762 si
850 699 886 763 id
907 718 970 762 nan
983 699 1115 783 feceris,

393 801 495 886 Atque
515 802 550 865 id
572 807 673 865 tamen
696 802 773 866 mihi
794 801 896 867 lubeat
917 805 1130 886 suspicarier:

393 906 455 986 Qui
476 911 511 969 tn
532 905 568 969 id
585 904 750 988 prohibere
772 927 819 970 me
835 913 925 990 pates
947 928 984 971 ne
1005 907 1167 989 suspicer?

137 1009 253 1095 Amph.
277 1013 340 1075 450
624 1010 809 1095 Quadriyus
832 1012 861 1074 si
883 1032 965 1075 nccnc
988 1011 1151 1075 inscendas
1173 1010 1268 1092 Iocis,

392 1113 493 1198 Atque
514 1113 586 1178 hinc
604 1114 737 1198 fuaias,
765 1116 813 1178 ita
834 1118 887 1178 cicc
914 1117 1031 1199 pateris
1055 1115 1194 1199 cffuaere
1221 1117 1268 1179 in·

972 1219 1165 1302 fortunium.

137 1320 229 1408 Epid.
253 1325 316 1386 610
393 1321 430 1385 Si
461 1321 601 1387 undecim
634 1323 707 1387 deos
738 1329 865 1407 praeter
898 1345 961 1388 sese
993 1344 1096 1388 secum
1127 1323 1269 1388 adducat

1008 1425 1164 1510 Iuppiter,

394 1529 449 1594 Ita
481 1549 544 1594 nan
577 1550 681 1594 ornnes
713 1552 751 1594 ec
784 1532 928 1594 cruciatu
960 1536 1106 1614 poterunt
1138 1532 1269 1596 eximere

982 1633 1163 1718 Epidicum.

240 1753 314 1819 Huc
345 1753 466 1820 accedit
490 1774 517 1820 v.
542 1752 627 1818 Rud.
651 1756 732 1837 566,
763 1776 827 1839 qua
851 1755 920 1821 loca
944 1760 1025 1819 teste
1047 1753 1267 1820 Studemundo

136 1857 256 1922 ABCD
278 1858 484 1923 indicativum
507 1859 677 1943 praebent:

241 1962 298 2028 Vel
319 1983 375 2046 eqo
398 1983 507 2027 cinare
528 1964 683 2028 utramuis
703 1983 839 2049 passum,
863 1965 892 2028 si
909 1962 1006 2047 prate
1028 1962 1162 2048 adpotus
1181 1963 1266 2029 siem

237 2066 287 2130 Aa
309 2067 415 2131 nescia
439 2087 480 2130 an
504 2066 535 2130 in
558 2065 945 2152 Bacch.quoquev.179
968 2066 1156 2131 indicativus
1178 2065 1268 2131 resti·

137 2170 271 2235 tuendus
294 2172 345 2252 sit,
369 2192 440 2234 cum
463 2170 649 2254 praesertim
672 2169 790 2236 Pseud.
816 2173 856 2234 94
879 2192 936 2256 sq.‚
959 2170 1075 2255 Amph.
1092 2173 1166 2253 592,
1189 2171 1265 2236 Aul.

138 2274 199 2338 733
222 2274 409 2352 contuleris3
432 2275 464 2338 in
486 2274 574 2338 libris
596 2273 675 2340 haec
697 2275 865 2359 leguntur:

392 2395 544 2471 Mirumst
565 2417 621 2478 ine,
644 2402 679 2459 ut
702 2396 837 2476 redeam,
861 2401 889 2459 te
904 2415 994 2479 opere
1010 2402 1098 2460 tanta
1112 2418 1266 2481 quaesere,

393 2500 454 2579 Qui
476 2497 563 2563 abire
584 2499 657 2563 irinc
679 2499 765 2562 nudo
786 2505 880 2581 pacto
901 2500 1030 2582 possim,
1053 2500 1082 2563 si
1104 2501 1202 2564 celim.

136 2617 395 2704 Quotiescunque
418 2620 500 2684 enim
520 2621 638 2703 passim
670 2619 787 2703 legitur
819 2620 852 2683 in
874 2619 1014 2704 spadosi,
1045 2640 1108 2683 nan
1133 2621 1269 2704 simplex

135 2721 202 2785 eius
224 2722 312 2785 natio
336 2730 455 2804 estes,
479 2744 574 2807 quem
596 2745 653 2787 nos
677 2724 879 2788 coniunctius
905 2723 954 2786 idi
977 2722 1089 2788 icdnnte
1114 2725 1260 2810 exprimi-

135 2845 214 2905 mus,
238 2825 295 2889 sed
317 2824 498 2890 addendum
522 2836 570 2891 est
594 2832 759 2911 praeterea
782 2826 916 2891 alterum
943 2828 1076 2892 verbum
1105 2829 1259 2894 auxiliare

135 2928 228 3012 quale
251 2936 299 2993 est
322 2932 428 3013 selden,
452 2936 487 2994 ut
510 2930 696 2995 coniunctivi
719 2932 783 2994 vim
807 2950 1023 3015 assequamur.

237 3032 362 3098 Passim
384 3034 482 3117 igitur
505 3033 589 3098 idem
612 3041 661 3098 est
690 3040 783 3118 atque
811 3033 860 3097 ide
882 3034 969 3097 sedite
998 3033 1128 3100 kinnen.
1174 3035 1265 3111 Quae

135 3136 236 3201 farma
259 3137 344 3222 apud
368 3137 521 3203 Plautum
544 3138 645 3202 turin
668 3137 798 3223 apodasi
822 3143 940 3202 enuntt.
958 3137 1070 3204 condd.
1090 3139 1222 3224 legitur:

1261 2779 1270 2814 i

135 3258 232 3324 Mera.
254 3262 317 3323 518
390 3259 506 3324 Possim
529 3266 574 3341 tu,
596 3261 641 3323 sci
662 3279 738 3324 usccs
754 3261 879 3342 uenerit,
901 3257 1054 3323 subtemen
1070 3265 1158 3324 tenue
1173 3262 1269 3325 nere?

134 3361 190 3426 As.
215 3364 277 3426 878
393 3361 520 3445 Passis,
550 3364 579 3427 si
602 3364 691 3446 farte
724 3362 929 3427 adcubantem
960 3369 1044 3426 tuam
1072 3364 1174 3427 circem
1198 3384 1267 3429 con-

1016 3471 1166 3552 spexeris,

391 3569 468 3633 Crem
505 3589 623 3634 corana
666 3573 845 3654 accipientum
889 3573 1043 3652 amicam,
1086 3573 1115 3634 si
1152 3571 1268 3654 uideas,

961 3674 1166 3757 manascere?

135 3778 220 3843 Men.
247 3780 306 3841 163
391 3776 516 3862 Ecquid
531 3785 565 3840 tu
582 3778 618 3842 de
634 3778 728 3842 odore
739 3781 853 3862 possis,
876 3781 904 3843 si
925 3778 1099 3864 quidfarte
1114 3778 1268 3861 adfeceris,

394 3879 516 3945 Facere
538 3882 773 3946 coniecturam?
1088 3923 1090 3928 ν

236 4002 360 4077 Quibus
377 4023 448 4066 cum
464 4002 542 4068 locis
559 4004 763 4070 conferantur
779 4004 811 4067 hi
826 4025 945 4088 versus,
970 4003 1133 4088 inquibus
1147 4004 1268 4087 possim

134 4106 201 4170 sine
224 4104 410 4171 condicione
432 4107 571 4191 positum
595 4112 662 4172 est:

132 4224 251 4290 Pseud.
275 4229 337 4291 236
391 4226 465 4293 Nan
495 4249 633 4314 possum.
661 4251 688 4294 ::
711 4228 779 4296 Fac
810 4231 922 4314 possis.
945 4252 973 4294 .·.·
999 4229 1142 4310 Quonam
1173 4237 1266 4314 pacto

718 4336 858 4400 animum
880 4336 1001 4399 uincere
1020 4334 1163 4416 possim?
