2954 4808
664 383 672 397 ,
736 314 827 398 [106]

472 509 509 573 Si
532 509 613 572 idem
636 509 723 572 istud
745 528 802 571 aaa
816 508 995 592 faciamus,
1018 509 1048 570 ai
1068 507 1156 570 idem
1186 509 1380 584 territamur,

471 611 524 674 lta
550 619 652 674 tamea
674 612 727 673 aia
748 612 878 673 eiairnas
902 630 970 672 cum
992 609 1120 672 invidia
1143 630 1299 677 summa.

318 715 360 779 Et
385 717 450 779 fieri
475 723 611 799 poterat,
640 722 676 777 ut
706 712 789 777 duae
821 737 863 776 ex
886 715 931 777 eis
954 733 1034 796 quas
1064 713 1217 778 diximus
1256 737 1380 780 causae

214 821 376 884 indicativi
411 821 442 883 in
474 819 606 903 apodasi
640 819 734 903 positi
765 818 804 880 nd
836 839 934 880 unum
966 816 1118 899 idemque
1154 821 1378 882 enuntiatum

214 925 423 1009 pertinerent3
448 925 534 987 velut
557 931 681 987 etcum
707 925 825 986 maiore
849 925 878 985 ri
902 920 1107 1006 pronuntiata
1132 931 1187 983 est
1212 921 1378 1005 apodasis

216 1035 248 1093 et
270 1031 299 1093 si
320 1049 378 1112 pre
402 1029 525 1091 etiarnsi
547 1026 664 1089 dietum
689 1028 720 1090 in
745 1026 864 1108 protasi

216 1135 271 1197 As.
297 1133 359 1196 933
471 1130 565 1195 Nilne
587 1137 615 1194 te
634 1130 755 1215 pudet?
777 1152 806 1192 ::
828 1129 889 1194 Pel
910 1131 939 1192 si
960 1129 1052 1192 uliud
1073 1131 1122 1192 nil
1144 1132 1202 1208 sit,
1230 1133 1284 1194 tui
1317 1154 1376 1213 nra,

1027 1253 1120 1312 naar,
1139 1234 1263 1315 pudet.

216 1340 333 1405 Pseud.
358 1341 420 1403 289
473 1338 564 1421 Epora
592 1340 683 1421 patri
715 1358 888 1420 surrepere
920 1337 1036 1419 passim
1069 1338 1266 1418 qrciaquam,
1306 1347 1374 1403 tam

1044 1446 1138 1502 reato
1160 1442 1263 1504 serzi?

474 1545 575 1629 Atque
598 1548 684 1622 an'ea,
707 1547 736 1607 si
748 1546 864 1627 faeere
882 1545 1011 1626 passim,
1034 1544 1139 1625 pietas
1161 1545 1329 1626 proludat.

746 1807 817 1886 §Sa

320 1965 467 2029 Similiter
498 1971 565 2026 tum
595 1962 724 2046 ponitur
751 1961 940 2024 indicativus
971 1961 1000 2023 in
1032 1959 1178 2043 apodosi
1214 1984 1292 2026 euni
1326 1962 1369 2025 ad

218 2069 398 2135 vocularum
422 2068 563 2132 simodo
588 2068 746 2132 notionem
777 2065 901 2128 aceedit
930 2062 1136 2148 particulari
1167 2063 1232 2144 (ei,
1258 2068 1368 2131 Roth.

219 2174 338 2237 heimer
361 2193 392 2257 p.
416 2174 434 2234 6
458 2173 528 2256 sq.).
574 2171 648 2234 Huc
672 2170 831 2254 pertinent

219 2277 315 2340 Stich.
344 2277 401 2338 112
472 2275 544 2338 Seia
567 2281 602 2337 nt
624 2279 743 2357 eportet
764 2292 846 2336 esse:
879 2273 909 2334 si
931 2272 1063 2334 sintita
1086 2276 1120 2332 ut
1145 2290 1203 2354 epa
1230 2291 1366 2354 aeqrtenr

1132 2394 1254 2441 censen.

219 2484 320 2549 Pnen.
345 2486 407 2547 550
476 2482 589 2546 Omma
612 2483 707 2545 istaec
730 2481 845 2542 arianas
867 2480 932 2541 iarn
955 2499 1020 2556 aaa,
1052 2478 1080 2540 si
1102 2477 1135 2540 ru·
1164 2487 1367 2560 spectatores

1135 2582 1254 2647 sciant.

222 2689 313 2775 Oapt.
338 2693 401 2754 850
479 2689 549 2753 Seis
571 2688 643 2753 bene
665 2709 738 2770 esse,
761 2690 789 2751 si
811 2690 852 2751 ait
874 2687 965 2750 erade.

323 2794 397 2858 Huc
432 2792 638 2857 arcessendus
672 2800 719 2855 est
754 2792 849 2855 etiarn
884 2813 914 2854 v.
948 2790 1040 2854 Cura.
1073 2790 1154 2851 299:
1185 2787 1280 2852 Recte
1311 2790 1364 2854 hic

220 2904 386 2977 monstrnt,
405 2900 433 2961 si
454 2899 603 2981 inperare
619 2899 721 2980 possit
730 2917 743 2977 ;
767 2918 861 2980 quem
877 2896 982 2958 laeum
998 2892 1165 2957 commode
1180 2892 1230 2956 his
1251 2895 1362 2958 verbis

220 3001 443 3085 interpretatus
475 3008 524 3064 est
557 2999 742 3063 Ribbeck:¹
784 2998 876 3062 Seiae
913 2997 1063 3080 Weisuap
1099 2998 1139 3059 ist
1172 3017 1262 3079 pana
1297 3019 1359 3061 za-

220 3105 364 3187 treffend,
394 3125 481 3167 iream
511 3124 546 3167 er
568 3124 631 3167 aar
656 3125 698 3167 aa
727 3102 984 3165 knrnrnaadierea
1011 3103 1106 3165 irdtte.
1152 3099 1360 3184 Quamquam

220 3207 352 3290 Langen
380 3206 402 3272 l.
433 3230 458 3272 e.
489 3229 520 3291 p.
551 3210 590 3270 49
625 3208 754 3290 negavit
789 3208 819 3269 si
854 3205 944 3269 rande
979 3204 1152 3289 particulae
1189 3205 1359 3269 nationem

222 3311 347 3373 omnino
371 3311 475 3373 inesse
498 3331 594 3394 posse
617 3311 647 3373 in
672 3310 883 3394 sipartieula,
907 3317 1013 3372 tamen
1030 3306 1234 3389 agnoscenda
1254 3313 1304 3370 est
1320 3329 1361 3372 en

222 3414 309 3476 notio
334 3414 365 3475 in
390 3413 544 3497 exemplis
566 3434 662 3497 supra
685 3413 788 3476 allatis
812 3421 844 3476 et
860 3413 890 3474 in
909 3412 1081 3475 enuntiatis
1097 3408 1230 3494 apodasi
1247 3431 1361 3474 caren-

222 3516 307 3579 tibus
330 3517 417 3581 reiut
441 3518 469 3579 si
489 3518 583 3595 scias,
607 3524 640 3580 et
663 3516 701 3578 ad
726 3515 859 3580 eandem
882 3517 1040 3580 nationem
1056 3513 1180 3578 aceedit
1196 3514 1360 3598 particula

222 3620 304 3682 siin
329 3620 480 3684 eiusmodi
504 3620 684 3686 enuntiatis,
708 3620 801 3703 quale
819 3626 868 3683 est
890 3620 1088 3683 notissimum
1108 3617 1205 3681 illud:
1232 3616 1260 3681 Ο
1283 3618 1364 3681 mim

217 3725 409 3805 praeteritos
443 3724 564 3805 referat
598 3725 625 3787 si
658 3722 805 3806 Iuppiter·
833 3743 942 3786 aaaron.
998 3721 1108 3805 Neque
1142 3719 1214 3804 plus
1252 3720 1362 3785 effecit

222 3826 355 3910 Langen
388 3847 445 3907 eo,
476 3827 560 3911 quod
592 3828 622 3889 in
653 3826 877 3890 additamentis
910 3835 1021 3888 eontra
1052 3823 1266 3887 Itibbeckium
1298 3823 1363 3889 dis-

223 3931 360 4012 putavit,
393 3932 569 4015 exspectari
599 3933 689 3995 liceat
712 3954 768 4017 pre
798 3931 913 4013 possit,
944 3951 1014 3991 eum
1046 3949 1086 3991 ex
1117 3926 1194 4012 ipsis
1227 3931 1363 4009 parasiti

223 4034 326 4097 verbis
350 4055 422 4099 eum
444 4054 533 4116 posse
555 4034 714 4118 imperare
737 4037 902 4117 appareat.
948 4033 994 4096 At
1017 4031 1183 4114 imperium
1218 4052 1284 4097 nun
1313 4044 1363 4097 est

328 4275 524 4343 ¹Verhandlg.
544 4277 593 4328 der
612 4277 668 4342 kgl.
688 4276 782 4327 Saiehs.
809 4275 872 4326 Ges.
898 4274 924 4325 d.
947 4275 987 4324 W.
1008 4273 1071 4338 phil.
1096 4272 1159 4323 hist.
1179 4272 1223 4324 Kl.
1249 4273 1294 4327 31.
1315 4275 1363 4326 ad.

224 4379 249 4428 p.
268 4361 301 4414 87
320 4377 360 4427 sq.
