2962 4800
744 275 811 362 [2⁶]

316 469 422 555 Atque
446 478 480 533 ut
498 471 699 535 Chalcedone
723 474 767 534 ita
783 472 929 556 Erythris
952 494 1081 556 quoque
1101 495 1218 556 puero
1245 476 1380 540 licuisse

213 596 317 637 emere
334 574 544 639 sacerdotium
562 596 580 637 e
602 576 685 639 tituli
702 575 750 638 IV
773 597 802 639 v.
825 578 886 638 122
903 583 1018 659 sponte
1040 582 1156 659 patet:
1189 577 1382 660 Διοσκόρων

212 674 378 764 ἶίσνύνοος
416 676 560 740 Εὐθύνου
597 681 644 740 καὶ
682 680 841 758 ἐπίτροπος
878 676 990 741 Noooui
1028 680 1133 759 Σίμου
1177 685 1237 745 καὶ
1274 682 1381 764 κύριος

214 773 353 855 Νοοοοῦς
384 779 533 862 &adiperos
566 782 757 864 Δημητρίου.
811 780 878 846 Nec
909 803 983 847 vero
1012 784 1120 847 minus
1150 783 1380 849 Chalcedone

212 882 270 944 nisi
293 886 486 947 assentiente
509 891 613 948 tutore
643 886 673 947 id
704 885 771 948 ficri
806 907 868 948 non
901 887 1045 970 potuisse
1078 908 1191 970 neque
1218 889 1380 974 Erythris

212 983 346 1071 Ἀστύνην
369 986 413 1048 illi
436 1008 534 1070 puero
566 989 693 1052 licuisse
725 988 903 1052 sacerdotio
936 989 1036 1071 fungi,
1069 989 1160 1074 quod
1200 992 1379 1055 nonnullis

211 1088 300 1150 aunis
324 1093 422 1152 ante¹
447 1090 542 1153 homo
567 1092 615 1154 sui
638 1092 713 1155 iuris
736 1093 873 1170 emisset,
897 1093 965 1176 quis
990 1113 1048 1156 non
1073 1092 1271 1158 fatebitur?

315 1191 450 1255 Prorsus
468 1193 594 1256 diversa
611 1200 658 1257 est
675 1194 819 1257 condicio
833 1204 865 1258 et
877 1195 1044 1259 duodecim
1057 1203 1090 1258 et
1104 1195 1375 1262 Samothracum

212 1293 343 1356 deorum
365 1295 640 1378 sacerdotior·um‘-’,
664 1318 745 1380 quse
771 1298 965 1382 emptoribus
989 1298 1064 1382 ipsis
1082 1299 1247 1364 obeunda
1264 1313 1375 1365 erant.

316 1398 531 1463 Halicarnassi
560 1406 664 1462 sutem
689 1407 721 1463 et
743 1402 810 1465 viro
835 1407 866 1464 et
888 1400 1012 1464 mulieri
1035 1400 1162 1464 Dianae
1189 1403 1373 1485 Pergaeus

213 1503 425 1566 sacerdotium
450 1524 554 1567 emero
577 1505 714 1584 licuisse,
737 1504 792 1568 sed
815 1504 950 1587 emptori
974 1503 1127 1566 feminam
1150 1505 1370 1569 sacerdotem

213 1606 437 1670 instituendam
475 1608 574 1670 luisse
615 1629 654 1670 ex
692 1608 933 1690 Ditteubergerl
974 1606 1203 1690 supplemento
1252 1606 1370 1689 (initio

213 1731 242 1772 V.
278 1708 311 1789 5)
346 1709 506 1788 accensior
539 1718 689 1793 apparel:
723 1709 784 1791 [h]
818 1716 977 1791 πριάμενος
1012 1707 1070 1789 τήν
1103 1707 1267 1789 ἱερητείαν
1307 1717 1370 1796 της

212 1809 385 1891 Ἀρτέμιδος
423 1819 476 1894 τῆς
511 1813 665 1894 Περγαιάς
701 1813 858 1893 παρέξεται
895 1811 1005 1893 ἱέρειαν
1041 1807 1139 1891 dordr
1174 1810 1210 1884 ἐξ
1249 1812 1368 1876 ἀστῶν

212 1913 397 1996 ἀμηοτέρνον
431 1918 479 1977 ἐπὶ
512 1923 590 1997 τρεῖς
625 1916 725 1997 γενεάς
759 1920 958 1997 γεγενημένην
988 1917 1036 1977 καὶ
1067 1910 1140 1992 πρδς
1162 1913 1287 1995 πατρός
1313 1917 1365 1978 καί

211 2013 287 2096 προς
318 2015 446 2098 μητρός,
483 2016 500 2099 η’
533 2020 565 2081 δὲ
590 2017 752 2101 πριαμένη·
773 2017 922 2099 isodomon
955 2015 1006 2081 ἐπὶ
1040 2019 1117 2096 ζωῆς
1150 2017 1208 2097 τῆς
1245 2016 1365 2100 αὐτῆς.

211 2119 368 2183 Boeckhii
385 2121 477 2185 lectio
494 2121 642 2203 πριαμένη
667 2142 695 2185 v.
719 2124 737 2185 5
755 2123 822 2185 sine
841 2121 937 2184 dnbio
954 2117 1152 2203 repudianda
1166 2126 1231 2183 est.
1258 2120 1363 2193 Quod

212 2232 317 2285 autem
341 2222 480 2287 Kellius:
505 2223 637 2306 πρίαζσ]
653 2224 737 2306 [θαι]
763 2223 819 2306 την
834 2224 986 2306 ῑερητειάν
1009 2225 1063 2305 τῆς
1085 2219 1277 2300 Ἀρτέμιδος
1303 2230 1363 2305 τῆς

216 2326 367 2405 Περγαῖος
388 2324 585 2409 [ἕνο]ε«’ξντο(ἰ
602 2326 733 2409 Odessos
755 2326 922 2409 legendum
946 2323 1134 2410 proposuitss,
1159 2345 1178 2386 a
1199 2325 1363 2389 sollemni

213 2429 368 2492 eiusmodi
379 2429 578 2493 decretorum
590 2451 736 2494 sermone
746 2429 821 2492 illud
836 2426 985 2502 ἕνοέξετοι
997 2428 1131 2489 alienum
1145 2428 1364 2492 osseDitten-

213 2531 364 2616 bergerns
398 2543 522 2613 monet,
553 2555 647 2616 quem
678 2534 782 2615 ipsum
812 2531 1060 2594 sacerdotiorum
1092 2528 1176 2610 apud
1210 2529 1364 2594 Graecos

213 2636 485 2699 coacervationem
499 2634 583 2698 haud
597 2636 780 2698 inusitatam
793 2633 891 2697 fuisse
904 2631 1030 2695 videtur
1043 2631 1171 2712 fugisse.
1197 2630 1296 2694 Idem
1313 2635 1362 2696 vir

213 2738 324 2802 doctus
340 2738 484 2823 Erythris
507 2738 639 2802 eandem
657 2741 770 2820 legem,
793 2738 889 2820 siqui
913 2736 959 2797 vir
975 2733 1189 2797 sacerdotium
1208 2735 1362 2818 emisset,

214 2853 250 2905 ut
284 2845 432 2906 feminam
466 2845 646 2906 institueret
675 2841 890 2920 sacerdotem,
926 2839 1062 2900 valuisse
1092 2837 1212 2898 frustra
1244 2839 1364 2902 studet

213 2946 454 3011 demonstra-0⁴.
501 2946 585 3008 Sane
610 2947 721 3007 mirum
747 2953 841 3024 esset,
865 2943 890 3006 si
909 2940 1053 3025 Erythris
1085 2940 1224 3003 feminae
1249 2963 1365 3008 sacer·

213 3047 304 3112 dotes
321 3071 384 3112 non
400 3049 543 3112 fuissent.
580 3046 649 3120 Quo
666 3053 773 3109 autem
786 3053 975 3127 argumento
994 3065 1068 3105 usus
1080 3040 1363 3126 Dittenbergerus

214 3152 319 3213 omnia
335 3150 584 3234 Erythraeorum
600 3148 779 3212 sacerdotia
801 3149 831 3208 in
850 3147 911 3208 hoc
926 3145 1030 3207 indice
1046 3143 1227 3207 enumerari
1247 3155 1363 3228 putet,

214 3256 328 3318 nescio.
374 3255 474 3317 Unius
499 3254 628 3339 quidem
652 3252 743 3330 deae,
767 3272 847 3333 quae
870 3251 901 3310 in
925 3247 985 3311 hoc
1009 3248 1100 3311 titulo
1124 3266 1187 3308 non
1212 3269 1364 3314 commc-

213 3366 365 3439 moratur,
403 3355 570 3437 Ἀθηναίης
610 3352 759 3428 Πολιάδος
798 3352 882 3435 apud
924 3350 1120 3434 Erythraeos
1158 3348 1287 3413 cultum
1330 3364 1366 3417 et

214 3460 315 3522 tituli⁵
345 3467 378 3522 et
401 3459 599 3523 Pausanias⁶
629 3468 660 3519 et
684 3454 825 3518 nummi7
859 3459 1023 3516 testantur.
1069 3451 1173 3513 Immo
1203 3470 1285 3516 vero
1319 3478 1363 3519 ex

215 3582 252 3624 eo
276 3562 355 3645 ipso,
378 3561 463 3645 quod
488 3583 528 3624 ne
551 3581 615 3623 nna
638 3559 763 3643 quidem
788 3556 901 3620 mulier
923 3576 981 3638 pro
1005 3575 1038 3616 se
1062 3554 1129 3637 ipsa
1145 3552 1222 3616 emit
1248 3577 1364 3622 sacer·

319 3791 327 3823 ¹
348 3789 382 3840 cf.
403 3789 443 3838 tit.
464 3788 502 3839 1v
523 3805 548 3838 v.
568 3787 591 3837 7.

317 3874 381 3924 lel.
402 3875 442 3925 lit.
462 3874 510 3924 Io.
531 3872 566 3924 ll.

317 3959 327 3992 ³
346 3957 380 4010 cf.
399 3959 416 4009 l.
436 3976 458 4009 c.
478 3975 502 4023 y).
521 3957 581 4010 618.

316 4045 381 4096 lcl.
401 4045 493 4095 Herm.
513 4043 579 4095 XVI
600 4060 623 4109 p.
645 4043 701 4095 170.

317 4131 379 4181 lcl.
399 4129 436 4179 Le
455 4128 623 4180 Bes-Wadd.
645 4131 690 4179 As.
711 4126 771 4177 min.
791 4125 833 4178 38.

318 4215 328 4249 θ
346 4215 381 4265 ol.
401 4215 455 4264 Vll
473 4214 497 4277 ὁ,
515 4216 540 4265 4.

318 4304 326 4335 ῖ
347 4300 382 4351 cl.
402 4299 531 4351 lliormet.
552 4297 620 4350 mo'd.
640 4315 680 4364 gr.
700 4299 742 4351 Ill
763 4299 819 4351 127.
837 4298 887 4350 474
907 4315 947 4365 sq.
