2956 4822
189 312 208 374 8
711 305 800 388 [246]

191 498 327 575 Πέλοπος
350 498 469 561 ἀποικία
493 519 555 561 non
579 498 822 581 Peloponnesus
849 506 914 578 est,
947 497 1002 562 sed
1030 496 1144 577 Elidis,
1174 498 1204 561 in
1229 518 1324 580 quarn

187 603 305 689 Pelops
329 604 511 682 devenerat,
535 602 610 665 urbs
627 602 701 665 Pisa
718 601 886 687 Olympiae
908 602 1024 684 vicina,
1048 623 1118 665 cnm
1135 602 1324 684 praesertim

189 706 372 773 Oenomaus
395 707 523 789 Pelopis
554 727 645 770 socer·
679 707 709 769 in
743 728 772 769 v.
797 709 838 769 tu
866 706 1043 790 appelletur
1069 703 1205 780 t'liocireg
1235 711 1327 788 pater

188 809 269 893 (scil.
291 809 554 895 Hippodamiae).
601 810 716 893 ltaque
746 811 775 873 iu
807 831 871 874 uno
906 810 1082 894 eodemque
1105 816 1325 894 systematca

188 936 280 980 versu
302 916 438 998 septimo
464 935 564 997 usque
587 914 627 977 ad
645 915 832 996 vigesimum
857 920 1002 998 quartum
1023 923 1129 998 poeta,
1154 921 1325 997 postquam

188 1021 277 1085 initio
293 1020 485 1105 Olympiam,
509 1020 561 1082 ubi
580 1019 679 1081 Hiero
697 1019 858 1081 victoriam
882 1018 1022 1083 curulem
1040 1028 1230 1083 consecutus
1247 1030 1326 1091 erat,

186 1125 315 1188 nomine
349 1124 477 1208 proprio
512 1124 724 1207 nuncupavit,
762 1129 809 1186 ter
847 1123 985 1205 regionis
1023 1145 1141 1187 nomen
1179 1125 1324 1187 sollerter

186 1229 340 1308 variavit,
387 1249 425 1291 ne
471 1248 596 1311 semper
643 1227 775 1290 eandem
829 1228 1080 1312 appellationem
1125 1237 1325 1312 recoqueret.

187 1332 254 1395 lam
279 1354 373 1412 vero,
405 1334 431 1395 si
462 1332 500 1394 ad
533 1332 626 1395 finem
657 1332 804 1395 carminis
827 1333 1093 1396 considerandum
1119 1330 1325 1395 transibimus

189 1471 226 1478 -
260 1458 330 1498 narn
364 1436 393 1499 in
427 1435 515 1499 initio
550 1435 618 1499 fere
651 1443 682 1498 ct
714 1438 775 1500 fine
809 1436 1015 1520 epiniciorum
1049 1458 1106 1499 eae
1139 1457 1207 1515 res,
1241 1456 1323 1519 quae

186 1539 225 1603 ad
250 1549 369 1617 certas,
400 1562 530 1624 quarum
560 1541 590 1602 in
622 1540 775 1603 honorem
801 1542 977 1624 composita
1000 1548 1090 1620 sunt,
1122 1539 1323 1602 victoriarum

186 1645 370 1708 occasiones
391 1651 550 1729 spectant,
576 1652 780 1727 exponuntur
808 1683 843 1691 -
869 1646 898 1707 in
924 1668 954 1708 v.
979 1648 1035 1725 92,
1060 1645 1111 1709 ubi
1137 1644 1176 1707 de
1201 1643 1325 1725 Pelope

169 1746 296 1810 'divino
327 1756 400 1831 post
427 1756 561 1813 mortem
594 1748 713 1812 honore
739 1748 907 1833 Olympiae
939 1751 1022 1813 culto
1047 1751 1164 1834 agitur,
1189 1746 1325 1830 legimus

188 1849 341 1934 ,illesos
369 1850 455 1940 πόρῳ
478 1853 624 1929 elidad.
670 1853 732 1916 Hic
764 1854 891 1936 quidem
922 1863 1018 1939 poeta
1043 1876 1105 1917 non
1132 1853 1252 1918 veritus
1276 1856 1325 1912 est

187 1953 298 2019 eadem
323 1955 389 2019 fere
414 1957 639 2042 appellatione,
662 1978 724 2041 qua
747 1958 777 2019 in
804 1981 833 2022 v.
855 1961 905 2038 20,
930 1957 1110 2040 Olympiam
1134 1952 1324 2037 significare,

186 2080 260 2122 cum
276 2058 338 2122 duo
357 2060 581 2125 interiaeerent
596 2070 772 2145 systemata
786 2064 868 2125 inter
883 2069 1051 2146 utrumque
1065 2059 1178 2122 locum.
1202 2056 1324 2120 Verum

187 2162 219 2225 in
248 2185 278 2227 v.
309 2166 366 2228 lll
397 2164 502 2228 denuo
535 2187 590 2249 per
617 2165 769 2249 ambages
801 2186 915 2245 nomen
948 2163 1101 2237 reddidit,
1134 2162 1185 2225 ubi
1217 2161 1323 2224 verbis

185 2265 255 2345 παρ’
288 2266 439 2331 stenelo
478 2267 610 2347 Κρόνιον
645 2269 824 2354 Olympiam
861 2269 1012 2332 contineri
1054 2288 1146 2330 nemo
1182 2266 1325 2349 negabit,

186 2391 256 2433 cum
282 2371 417 2435 Cronius
445 2373 624 2457 appelletur
655 2373 758 2454 collis,
789 2373 841 2457 qui
872 2373 1018 2458 proxime
1041 2371 1128 2434 Attin
1159 2370 1323 2454 planitiem

185 2496 283 2559 supra
307 2476 490 2560 Olympiam
513 2477 660 2560 assurgit.
708 2477 830 2552 Quodsi
847 2498 970 2540 versum
993 2480 1032 2539 94
1050 2475 1232 2558 diligentius
1250 2495 1323 2537 eon·

185 2579 328 2664 templati
347 2581 473 2660 erimus,
489 2579 539 2643 liic
558 2602 684 2665 quoque
701 2582 827 2664 signum
841 2580 1010 2666 Olympiae
1027 2579 1321 2663 deprehendemus:

184 2689 241 2745 τᾶν
257 2682 472 2762 Ὀλυμπιάδων
496 2686 528 2747 ἐν
550 2683 675 2764 δρόμοις
698 2687 781 2749 enlm
799 2685 918 2748 dictum
936 2683 1059 2746 videtur·
1075 2705 1133 2769 pro
1152 2682 1323 2761 'ildrprnr'ng

185 2788 217 2849 ἐν
240 2785 371 2868 δρόμοις.
417 2788 529 2873 ltaque
552 2790 577 2852 si
603 2798 706 2851 totum
730 2810 856 2853 earnren
882 2810 944 2851 unc
967 2790 1080 2852 obtutu
1099 2788 1323 2872 percurrimus,

185 2911 253 2953 cum
280 2892 420 2976 quinque
444 2892 575 2955 diversis
601 2893 681 2956 inter
705 2917 739 2956 se
763 2892 1032 2978 appellationibus
1060 2914 1140 2955 unus
1172 2890 1321 2976 idemque

184 2994 273 3058 loeus
297 2996 492 3077 significatus
516 2998 573 3060 sit:
608 3017 635 3059 v,
661 2999 677 3059 7
703 2996 868 3078 'Olearia
896 3018 924 3059 V.
951 2999 989 3060 18
1016 2998 1109 3072 Πίσα,
1133 3017 1160 3061 ν.
1186 2998 1227 3058 20
1252 2991 1321 3074 παρ’

179 3094 321 3183 ’.lirprryi
352 3119 381 3163 v,
405 3103 446 3162 24
476 3099 592 3179 altreie
619 3103 726 3164 dederi
759 3099 896 3176 litterae
928 3099 1063 3175 ἀποικία,
1096 3122 1124 3163 v.
1160 3105 1214 3162 lll
1251 3100 1321 3178 παρ’

182 3200 337 3263 εὐδείελον
365 3200 504 3282 Κρόνιον,
529 3206 732 3289 perspicitur,
765 3226 861 3288 quam
891 3204 1057 3286 diligenter
1087 3204 1171 3267 illam
1202 3205 1321 3286 legem,

184 3326 246 3388 qua
263 3326 301 3367 ne
318 3327 430 3369 nomen
450 3306 532 3371 idem
551 3308 632 3371 intra
650 3330 745 3371 unum
764 3316 901 3392 systema
915 3316 1122 3393 repeteretur,
1136 3308 1321 3389 cavebatur,

183 3408 342 3472 Pindarus
367 3411 591 3476 observaverit.
639 3413 778 3476 Tantum
800 3421 907 3476 autern
926 3413 1028 3492 abest,
1052 3424 1086 3476 ut
1101 3413 1162 3476 hoc
1179 3413 1321 3476 variandi

183 3511 288 3575 studio
313 3513 351 3576 ad
385 3524 564 3579 contortum
598 3516 723 3579 dicendi
756 3537 858 3600 genus
891 3525 985 3600 poeta
1018 3517 1166 3581 detrusus
1199 3518 1255 3595 sit,
1288 3524 1322 3580 ut

183 3616 289 3681 divino
322 3639 424 3702 paene
457 3620 588 3683 artifieio
621 3620 843 3706 Olympiorum
877 3642 1024 3683 scaenam
1054 3629 1215 3705 tamquam
1248 3630 1322 3684 ante

183 3722 290 3785 oculos
314 3723 405 3785 nobis
430 3732 527 3808 ponat
551 3735 646 3808 atque
674 3720 832 3809 Alpheum
857 3724 1001 3801 fluvium,
1034 3725 1121 3788 Altin
1147 3724 1320 3807 planitiem,

183 3824 332 3888 Cronium
359 3826 472 3889 collem
498 3829 681 3913 conspicere
706 3827 939 3913 quodaminodo
967 3829 1057 3891 nobis
1082 3830 1255 3892 videamur.

285 3929 409 3992 Eodem
432 3932 497 3994 fere
523 3931 617 3994 modo
643 3932 672 3993 in
697 3933 836 3995 carmine
857 3933 1021 4015 Olympico
1046 3935 1137 3995 tertio
1152 3934 1322 4017 Olympiae

181 4053 296 4095 nomeu
333 4036 489 4098 variatum
522 4047 580 4099 cst.
635 4033 670 4097 ln
703 4056 766 4118 quo
801 4044 967 4120 postquam
1000 4057 1029 4100 v.
1061 4041 1079 4099 e
1113 4038 1185 4099 Pisa
1216 4058 1250 4100 se
1280 4037 1319 4100 ad

181 4137 332 4200 victorem
365 4139 590 4203 celebrandum
624 4140 740 4222 impelli
774 4137 809 4220 (ii
839 4166 869 4201 rr:
906 4144 988 4204 ilion
1018 4167 1055 4219 ,nr
1090 4141 1244 4221 γεγωνεῖν)
1276 4140 1320 4202 ita

182 4240 304 4320 cecinit,
330 4250 365 4303 ut
390 4241 570 4327 Olympiam
594 4244 796 4326 significaret,
820 4252 916 4327 poeta
940 4246 971 4307 in
996 4266 1026 4307 v.
1051 4246 1086 4306 15
1113 4244 1318 4307 certaminum

181 4342 344 4427 regionem
382 4348 509 4409 nornine
545 4349 674 4432 proprio
708 4345 904 4427 introduxit,
943 4369 1013 4410 eum
1050 4347 1167 4425 olivas,
1205 4348 1319 4432 quibus
