2962 4800
679 286 747 369 [29]

505 477 681 557 [Φύλαρχος
705 475 904 557 Αιδτονόμου]

291 577 1106 602 μ--ὓ--ἓ

220 627 365 688 Καλλίνου
388 623 556 704 Φυλάρχου
790 620 985 700 [Αὐτόνομος
1020 619 1193 703 Φυλάρχου]
1267 599 1269 601 ¹

170 766 179 773 ο
225 794 385 879 Φύλαρχος
411 795 588 869 Καλλιίονος
810 791 975 874 Φύλαρχος
1000 710 1197 871 ώδτονόμον.

136 902 281 961 Καλλίαν
305 901 401 982 igitur
424 907 456 963 et
479 920 537 984 pro
575 919 634 960 suo
658 897 757 980 ipsius
781 902 812 958 et
836 917 893 979 pro
917 896 1023 958 fratris
1046 895 1111 958 filio
1135 896 1281 978 spondet.

239 1017 294 1099 19)
318 1018 357 1081 of.
381 1041 409 1083 v.
436 1022 494 1082 151
518 1039 600 1101 sqq.:
642 1015 840 1098 Ἀρισταγόρῃ
866 1014 1099 1097 Διονυσοδώρου
1120 1014 1201 1095 astri
1224 1023 1280 1078 rori

133 1119 239 1195 παιδὸς
280 1120 509 1205 Διονυσοδώρου
548 1127 603 1183 τοῦ
633 1117 856 1201 Ἀριστομένην
892 1116 1079 1200 κληρονόμος
1108 1112 1183 1181 odon
1217 1124 1279 1182 τών

134 1221 350 1306 Ἀριστομένου
369 1230 426 1287 τοῦ
443 1220 668 1307 Μητροδώρου
688 1219 763 1284 κατὰ
788 1221 937 1304 διαθήκην
957 1223 1177 1304 διασυνίστησιν
1196 1222 1279 1304 ἱερη·

133 1326 225 1400 σώαν,
265 1324 300 1406 ἢν
338 1325 490 1410 ἠγόρασεν
522 1324 746 1408 Ἀριστομένης
780 1321 1003 1407 Μητροδώρου
1040 1326 1089 1386 dai
1125 1324 1279 1406 ἱερουοιοῖ·

134 1425 351 1513 Ἡγησαγὸρου
386 1428 484 1511 μηνὸς
518 1435 698 1509 Αηναιώνος
739 1426 898 1510 τριακάδι,
932 1425 1136 1510 Ἀρροδιίτης
1170 1431 1280 1490 Πυθο-

131 1529 282 1612 χρηστου,
306 1536 457 1614 δραχμῶν
480 1532 526 1615 ρλ’
552 1534 601 1593 καὶ
625 1531 754 1594 ἐπαννίαυ
776 1529 809 1605 ε’,
835 1528 1030 1616 Ἀσαλλιιινιίιιι
1055 1528 1280 1610 Ἀριστομένου,

138 1632 288 1716 ἐγγυητής
312 1632 516 1698 Ἀπολλιιινίου
545 1631 770 1716 Διονυσόδωρος
789 1630 1018 1715 Ἁριστομένου.

241 1762 448 1845 Cognationis
471 1765 627 1827 rationem
642 1763 786 1846 Rayetns
810 1763 871 1824 hoo
895 1767 1071 1824 stemmate
1090 1761 1281 1826 illustravit:

240 1889 456 1975 7Μητρόδωρος
945 1888 1176 2082 ³Arouvr'ro'dmoog

234 2060 400 2145 ’δριστορΙ
368 2088 397 2125 ιι
359 2087 453 2144 μνης
947 2060 1115 2143 ’δρισταηό
1117 2086 1158 2144 ρη

363 2145 1038 2226 Lffi„
1043 2145 1047 2227 Ι

433 2246 663 2331 Διονυσόδωρος
770 2247 985 2325 instiutor.

242 2397 384 2479 Rayetus
419 2396 517 2477 igitur
552 2395 755 2479 Apollonium
790 2395 1002 2478 Dionysodori
1043 2417 1111 2459 esse
1144 2397 1274 2461 fratrem

141 2499 241 2563 isdem
273 2498 457 2580 parentibus
482 2503 587 2560 ortum
610 2498 790 2560 arbitratur.
842 2497 966 2563 Eodem
998 2521 1073 2563 vero
1104 2501 1182 2581 iure,
1213 2522 1275 2584 qno

136 2602 353 2684 Apollonium,
385 2601 446 2664 huo
475 2600 593 2664 addere
619 2601 693 2664 lioet
734 2601 872 2665 eiusdem
897 2601 1115 2685 Dionysodori
1146 2603 1275 2665 fratrem

139 2705 327 2787 Dionysium
350 2704 450 2784 illum,
474 2704 563 2765 ouius
588 2726 617 2767 v.
644 2707 704 2766 142
728 2706 846 2792 ntentio
870 2705 921 2767 fit:
956 2703 1091 2786 Εἰρήνης
1114 2702 1156 2786 η’,
1190 2703 1273 2767 ἐπώ-

138 2833 199 2869 νιον
220 2805 249 2881 ι’,
274 2805 430 2881 Διονύσιος
452 2804 677 2887 Ἀριστομένου,
706 2805 855 2892 ἐγγυητής
880 2807 1110 2888 Διονυσόδωρος
1140 2807 1274 2887 Ἀριστο-

141 2907 242 2988 μὲιιου.
287 2908 349 2971 Sed
374 2916 406 2972 et
430 2909 638 2992 Apollonium
660 2914 692 2972 et
712 2908 902 2992 Dionysium
926 2930 965 2971 ex
992 2912 1053 2972 olio
1076 2924 1186 2990 matre,
1209 2931 1272 2972 non

139 3033 180 3075 ex
196 3013 384 3093 Aristagora
408 3033 477 3074 esse
499 3018 591 3074 natos
612 3011 687 3073 inde
702 3018 801 3095 patet,
825 3011 910 3095 quod
928 3013 1015 3075 solus
1032 3013 1275 3095 Dionysodorus
1375 3037 1377 3040 ·

138 3116 232 3178 matri
258 3134 334 3178 suae
357 3113 486 3178 coheres
510 3123 557 3177 est
581 3115 710 3197 verique
735 3114 860 3176 ridetur
884 3114 1129 3177 dissimillimum
1153 3122 1274 3198 patrem

42 3207 45 3212 ¹
142 3216 276 3280 familias
300 3217 380 3279 duos
404 3219 484 3281 filios
517 3239 558 3280 ex
591 3216 713 3294 eadem,
745 3224 842 3300 atque
873 3216 1140 3300 Dionysodorum,
1171 3224 1274 3281 matre

139 3327 231 3382 notos
265 3322 305 3383 ab
336 3319 513 3383 hereditate
547 3320 730 3383 exclusisse.
786 3320 930 3392 Quorum
965 3322 1055 3383 alteri
1088 3322 1274 3404 Aristagora

139 3442 212 3484 oum
242 3423 464 3508 Dionysodoro
496 3422 560 3485 filio
592 3444 633 3484 ex
667 3423 809 3505 coniugis
841 3430 1031 3487 testamento
1064 3425 1275 3488 sacerdotium

138 3522 319 3607 Ἀφροδίτης
347 3524 577 3609 Πυδοχρησταυ
601 3525 693 3605 cedit,
722 3526 802 3589 aiter
825 3526 883 3589 sibi
907 3527 974 3610 ipse
998 3527 1081 3590 haud
1106 3529 1151 3589 ito
1174 3529 1273 3592 multo

140 3636 214 3690 ante
239 3627 377 3711 Εἰρήνης
401 3630 476 3691 emit
498 3629 721 3694 sacerdotium.
767 3632 874 3713 Atque
896 3632 1021 3713 utrique
1050 3632 1138 3693 fratri
1161 3632 1275 3694 vadem

138 3751 172 3792 se
197 3730 284 3793 dedit
307 3731 576 3815 Dionysodorus¹.

242 3859 384 3924 Uxorem
418 3881 492 3922 voro
529 3869 656 3943 praeter
694 3861 790 3923 filium
831 3861 948 3924 institui
987 3883 1081 3946 posse
1123 3863 1275 3927 herodem

140 3983 330 4046 quamquam
363 3966 405 4028 ob
437 3964 680 4028 Atheniensium
712 3965 840 4048 quidem
875 3965 1000 4047 iegibus
1035 3966 1172 4029 alienum
1206 3965 1275 4044 fuit,

143 4066 305 4130 civitatum
325 4067 515 4131 Asianorum
542 4069 628 4151 leges
643 4068 743 4131 multo
760 4069 882 4130 maiora
897 4068 1046 4133 tribuisse
1063 4070 1131 4131 iura
1149 4068 1276 4131 feminis

246 4293 254 4324 ¹
274 4290 375 4341 Eadem
394 4291 465 4341 ratio
485 4296 525 4340 ost
546 4307 569 4339 v.
583 4288 625 4340 so.
646 4289 710 4352 130;
731 4297 807 4355 pater
827 4290 884 4354 ipso
903 4305 953 4354 pro
972 4289 1028 4340 filio
1048 4269 1164 4354 spondet
1180 4305 1203 4338 v.
1219 4288 1274 4341 105.
