2956 4822
208 327 226 386 c
730 316 821 400 [102]

207 507 310 571 secius
347 505 378 569 in
416 504 493 568 uicis
531 488 669 566 maxime
706 500 867 564 uiuabant.
925 497 1014 571 Quae
1052 515 1156 559 rerum
1194 491 1339 558 condicio

207 632 277 675 cum
312 631 414 692 neque
449 606 628 671 humaniori
662 605 748 669 uitae
783 604 884 667 cultui
916 608 991 685 apta
1023 620 1127 684 neque
1158 597 1197 662 ad
1230 595 1340 661 deien-

207 714 329 778 dendos
356 712 464 777 hostes
493 711 607 776 idonea
635 715 734 785 esset,
769 710 798 771 in
827 707 986 792 plerisque
1014 703 1167 768 Graeciae
1197 700 1340 786 partibus

206 817 402 901 singulorum
432 835 585 900 pagorum
611 813 711 877 tribus
736 813 766 874 in
791 831 885 874 unam
909 807 1157 893 rempublicam
1187 804 1339 887 coniungi

205 929 301 1005 utque
323 921 406 984 iutra
433 919 559 983 moenia
592 917 771 981 communia
800 915 969 978 maximam
999 919 1122 997 partem
1151 910 1243 973 sedes
1266 928 1337 972 con·

204 1024 287 1089 ferre
322 1029 506 1109 coeperunt.
561 1023 664 1095 Quam
703 1042 769 1084 rem
808 1019 1040 1103 synoecismum
1074 1021 1200 1080 ueteres
1233 1011 1339 1075 dicere

204 1128 361 1194 solebant.
414 1127 530 1211 Itaque
566 1126 710 1188 ciuitates
743 1123 836 1187 simul
871 1129 959 1186 ortae
994 1125 1026 1184 et
1061 1119 1156 1183 urbes
1191 1114 1336 1181 conditae

204 1241 289 1296 sunt.
336 1231 427 1305 Quae
451 1252 522 1294 cum
545 1231 577 1293 in
601 1230 725 1293 arcibus
750 1234 782 1292 et
805 1228 887 1292 circa
909 1246 997 1289 arces
1021 1223 1134 1308 quibus
1157 1228 1251 1285 antea
1273 1238 1337 1282 non

203 1335 263 1399 nisi
287 1335 358 1399 belli
384 1356 481 1400 eausa
504 1335 648 1400 homines
676 1333 723 1397 usi
759 1340 863 1408 erant,
895 1338 927 1396 et
960 1351 1039 1415 quas
1061 1326 1179 1391 πόλεων
1209 1324 1336 1390 nomine

202 1438 425 1524 appellabant,
462 1439 650 1524 plerumque
694 1438 772 1501 sitae
808 1444 932 1517 essent,
963 1431 1062 1509 πόλεις
1092 1433 1112 1495 i.
1135 1452 1164 1497 e.
1192 1449 1282 1494 arces
1306 1433 1337 1491 et

203 1543 348 1607 ciuitates
381 1550 412 1607 et
434 1542 531 1607 urbes
561 1540 664 1606 dictae
686 1549 769 1606 sunt.
815 1541 924 1624 Atque
950 1537 1064 1603 harum
1090 1537 1257 1620 plerasque
1281 1530 1337 1595 ad·

203 1646 332 1712 modum
355 1668 471 1732 paruas
495 1646 594 1711 fuisse
615 1646 689 1710 inde
713 1646 853 1729 colligas,
877 1644 962 1728 quod
985 1643 1016 1707 in
1042 1661 1105 1707 una
1128 1648 1214 1705 terra
1229 1636 1337 1701 Attica

202 1751 370 1816 duodecim
394 1752 541 1816 ciuitates
564 1750 663 1814 fuisse
687 1750 844 1814 dicuntur.

304 1853 418 1940 Neque
452 1857 483 1920 in
507 1855 568 1919 hoc
599 1855 669 1918 loeo
698 1875 748 1918 res
779 1860 935 1938 perpetuo
964 1853 1186 1917 constiterunt.
1232 1847 1334 1911 Immo

200 1959 308 2042 psruis
326 1960 506 2023 ciuitatibus
523 1961 554 2022 in
573 1960 706 2022 maiores
722 1959 899 2024 coniunctis
916 1957 1049 2022 alterum
1066 1955 1334 2042 synoecismorum

200 2082 301 2144 genus
326 2064 466 2138 exstitit,
497 2062 537 2127 de
561 2063 675 2147 quibus
699 2064 845 2147 quamuis
869 2062 1004 2126 obscura
1031 2061 1198 2146 pleraque,
1229 2058 1336 2142 aliqua

201 2171 307 2231 tamen
342 2169 479 2251 uestigia
511 2169 543 2232 in
574 2177 755 2252 temporum
788 2168 912 2231 illorum
943 2166 1151 2234 remotiorum
1185 2162 1335 2228 memoria

201 2268 476 2354 deprehendimus.
522 2272 560 2336 In
595 2272 709 2356 quibus
742 2272 990 2336 illustrissimum
1023 2269 1101 2335 illud
1136 2267 1334 2354 Thucydidis

200 2374 417 2438 testimoninm
442 2382 490 2439 est
506 2375 591 2460 quod
608 2374 647 2439 do
659 2375 861 2440 Athenarum
877 2377 1076 2461 synoooismo
1095 2373 1187 2439 nobis
1202 2372 1332 2458 reliquit

200 2473 250 2557 (ΙΙ
269 2474 333 2559 15),
357 2497 460 2562 neque
475 2500 554 2543 uero
571 2479 887 2563 praetermittendum
909 2480 993 2565 quod
1010 2479 1197 2544 Herodotus
1211 2477 1241 2557 (I
1259 2477 1334 2557 170)

199 2576 332 2643 Thalem
356 2579 453 2645 refert
477 2582 638 2667 qnondam
663 2582 794 2647 Ionibus
818 2584 981 2649 consilium
1003 2583 1138 2662 dedisse,
1160 2590 1197 2647 ut
1219 2589 1250 2646 at
1272 2583 1333 2667 ipsi

199 2682 231 2745 in
253 2703 351 2747 unam
373 2685 532 2751 ciuitatem
556 2688 783 2770 conuenirent,
806 2689 994 2772 praesertim
1017 2709 1089 2753 oum
1112 2710 1151 2754 ex
1175 2688 1333 2752 hocloco

200 2783 391 2866 efficiamus,
423 2789 561 2874 augendi
594 2791 743 2875 praesidii
778 2812 874 2856 causa
902 2791 943 2855 ad
974 2790 1084 2857 hostes
1116 2790 1333 2857 defendendos

199 2889 354 2955 eiusmodi
386 2893 592 2977 synoecisrnis
622 2916 687 2958 non
708 2896 813 2959 minus
842 2916 935 2980 quam
959 2895 1003 2961 eis
1028 2917 1107 2981 quos
1129 2918 1225 2981 supra
1249 2916 1332 2960 com-

198 2995 383 3077 memoraui,
407 2995 558 3082 imprimis
582 2996 726 3064 homines
749 3019 824 3064 usos
847 3020 915 3065 esse
931 3000 949 3064 ¹.

302 3096 425 3170 Quibus
456 3120 473 3163 e
505 3102 692 3166 testimoniis
724 3103 902 3169 luculenter
929 3112 1080 3190 apparet,
1112 3127 1176 3169 non
1205 3110 1268 3170 tem
1299 3105 1330 3170 in

199 3199 321 3265 ciuibus
346 3223 445 3267 unum
473 3203 504 3267 in
536 3205 641 3269 locum
673 3205 867 3273 deducendis
897 3208 991 3274 huius
1022 3210 1105 3274 modi
1138 3211 1330 3296 synoecismi

198 3302 260 3368 uim
289 3306 464 3390 contineri,
494 3329 589 3393 quam
618 3309 649 3373 in
674 3311 857 3376 ciuitatibus
880 3312 1125 3396 coniungendis,
1148 3316 1201 3378 uel
1224 3316 1331 3401 potius

197 3428 281 3471 nona
304 3408 434 3474 ciuitate
457 3410 632 3494 condenda,
655 3413 700 3477 ita
722 3424 757 3479 ut
780 3416 809 3479 ei
844 3417 899 3501 qui
922 3416 1130 3502 complurium
1153 3418 1329 3486 ciuitatium

195 3520 289 3578 autea
301 3515 387 3579 ciues
399 3515 536 3600 fuerant,
554 3540 665 3584 omnes
678 3521 739 3584 iam
753 3522 847 3586 unius
859 3524 997 3587 ciuitatis
1009 3524 1094 3588 ciues
1108 3524 1327 3591 efficerentur:

196 3616 342 3681 omnibus
354 3625 460 3684 autem
474 3623 649 3689 ciuitatium
665 3626 867 3710 pristinarum
884 3628 1120 3712 magistratibus
1135 3634 1167 3694 et
1178 3630 1329 3697 institutis

195 3738 277 3802 quae
299 3721 338 3783 ed
363 3742 412 3786 res
436 3723 578 3807 publicas
601 3727 821 3810 pertinebant,
849 3730 992 3810 sublatis,
1016 3731 1129 3797 horum
1152 3740 1328 3818 potestates

194 3821 234 3885 ad
252 3825 455 3908 magistratus
471 3837 502 3893 et
518 3839 665 3896 senatum
677 3832 813 3899 ciuitatis
826 3835 887 3899 iam
901 3836 1088 3901 coniunctae
1105 3838 1327 3922 peruenirent:

195 3946 278 4010 quae
318 3950 394 3994 uero
433 3940 528 3998 antea
567 3936 713 4002 ciuitates
749 3947 855 4022 erant,
886 3961 942 4004 eae
974 3940 1130 4025 tribuum,
1159 3963 1327 4027 pagorum,

194 4029 337 4096 uicorum
366 4033 435 4100 loco
471 4047 592 4122 essent,
624 4061 705 4124 quos
733 4048 846 4126 polibo,
870 4042 984 4125 δήμων,
1014 4052 1124 4127 κωμῶν
1147 4047 1327 4112 nominibus

194 4134 306 4200 Graeci
330 4141 544 4223 appellabant.

193 4274 398 4286 m..—

298 4349 306 4394 l
325 4347 408 4401 Plura
428 4352 553 4418 exempla
571 4354 688 4409 oollaotu
713 4355 839 4410 inuenies
857 4358 886 4411 in
903 4359 982 4412 libris
1000 4376 1068 4429 qnos
1086 4378 1169 4430 snpra
1187 4363 1280 4418 citaui.
