2956 4822
712 283 801 374 [τοο]

294 482 340 546 Ut
363 483 414 546 hic
436 482 523 564 tibia,
549 504 611 565 qua
634 483 768 547 victoria
791 483 981 548 celebranda
1003 492 1095 568 parta
1118 490 1195 565 arat,
1223 483 1268 547 ita
1291 483 1323 547 in

191 588 329 652 carmine
360 585 498 672 Pythice
530 585 641 671 quinto
676 606 839 668 currus,
873 608 936 671 quo
969 586 1150 652 Arcesilaus
1182 586 1325 672 Cyrenes

191 712 250 755 rex
282 690 419 771 vicerat,
459 689 553 754 variis
586 690 764 753 illustratur
797 689 977 755 luminibus.
1038 689 1120 755 Nam
1154 691 1187 754 in
1220 711 1248 755 v.
1279 693 1321 755 32

193 793 371 859 Carrhotus
393 793 505 878 auriga
526 792 685 878 laudatur,
708 793 794 878 quod
818 791 930 858 ἐντέων
945 791 1057 872 σθένος
1077 795 1203 859 minime
1219 795 1324 878 fregit,

189 899 245 964 ubi
267 896 378 963 ἐντέων
400 918 464 962 non
494 897 534 963 de
563 897 678 978 frenis,
710 918 846 982 quorum
876 899 1042 981 integritas
1073 900 1136 962 iarn
1166 899 1198 963 in
1229 920 1255 962 v.
1281 901 1323 964 30

190 1009 367 1068 memorata
395 1010 460 1082 est,
492 1001 549 1066 sed
581 1001 621 1066 da
651 1023 746 1066 curru
775 1003 843 1086 ipso
869 1001 986 1067 dictum
1009 1009 1067 1068 est.
1112 1003 1219 1088 Atque
1246 1004 1324 1069 alibi

193 1126 319 1193 quoque
353 1127 478 1171 currum
515 1103 601 1169 ἔντεα
633 1126 652 1168 a
682 1104 822 1170 Pindaro
855 1107 1051 1191 appellatum
1084 1128 1155 1172 esse
1188 1115 1324 1173 testatur

192 1213 292 1277 schol.
325 1210 362 1277 ll.
392 1208 508 1274 XXIV
531 1213 610 1274 277:
639 1213 691 1272 καὶ
713 1212 867 1291 Πίνδαρος
890 1214 928 1273 τοὶ
951 1208 1073 1291 ἅρματα
1102 1210 1188 1275 duraci
1218 1232 1321 1296 φησιν·

197 1315 342 1398 ,ianitore
366 1315 462 1379 ἔντεσι
483 1313 689 1394 μεταΐσσωνῆ
717 1333 798 1396 quac
829 1314 926 1377 verba
948 1336 990 1378 ex
1013 1316 1179 1398 deperdito
1213 1318 1322 1401 aliquo

192 1421 330 1484 carmine
361 1419 491 1482 fluxisse
524 1417 786 1481 verisimillimum
818 1426 875 1483 est.
926 1418 995 1482 Iam
1026 1421 1058 1482 in
1090 1443 1122 1484 v.
1152 1423 1192 1483 34
1225 1431 1323 1505 poeta

192 1545 318 1589 currum
349 1531 422 1608 post
451 1523 615 1587 victoriam
638 1520 782 1605 Apollini
809 1542 998 1606 suspensum
1021 1522 1169 1587 τεκτόνων
1191 1525 1323 1588 δαίδαλα

192 1630 328 1711 vocavit,
352 1626 466 1711 quibus
482 1624 587 1690 verbis
610 1625 747 1708 pretium
772 1625 839 1689 eius
860 1631 892 1689 et
908 1630 1102 1711 praestantia
1116 1629 1322 1710 illustrantur,

192 1756 264 1798 cum
284 1733 470 1816 praesertim
488 1730 735 1816 Cyrenaicorum
753 1751 900 1794 curruum
916 1752 1089 1815 permagna
1103 1732 1199 1798 fuerit
1214 1735 1323 1799 existi-

192 1839 299 1902 matio.
356 1836 394 1899 In
428 1855 457 1899 v.
492 1836 533 1897 48
569 1840 674 1898 autern
709 1832 812 1898 denuo
849 1832 996 1899 Carrhoti
1033 1836 1102 1899 laus
1135 1838 1322 1920 celebratur,

193 1941 278 2027 quod
301 1940 512 2025 quadraginta
533 1939 652 2021 aurigis
675 1938 833 2021 superatis
856 1938 967 2022 δίφρον
988 1939 1147 2023 integrum
1170 1946 1320 2010 servavit.

236 2047 240 2058 '
297 2044 447 2108 Similiter
491 2043 710 2106 victoriam
760 2044 861 2126 ipsam
912 2043 1133 2108 celebrandam
1175 2048 1321 2113 carminis

192 2149 349 2234 Olympici
388 2149 490 2213 octavi
528 2148 559 2210 in
597 2166 624 2208 v.
662 2149 702 2210 57
740 2151 835 2230 poeta
871 2144 989 2209 ταύταν
1021 2144 1111 2229 χάριν
1147 2148 1243 2234 dixit,
1289 2154 1321 2216 in

193 2278 223 2321 v.
241 2257 282 2318 66
298 2251 554 2318 Alcimedontem
571 2249 721 2315 victorem
746 2249 914 2334 praedicat,
936 2250 1021 2334 quod
1043 2251 1128 2315 νίκαν
1141 2256 1323 2334 τριακοστόν

191 2359 273 2424 inter
295 2356 447 2421 Melesiae
471 2355 587 2440 aliptae
610 2354 778 2438 discipulos
801 2363 988 2417 consecutus
1013 2354 1095 2419 hunc
1122 2357 1224 2439 gloria
1247 2360 1322 2425 affe·

192 2465 280 2529 cerit.
336 2461 479 2544 Cumque
512 2459 609 2524 victor
643 2459 734 2522 sertis
770 2459 948 2539 cingeretur
980 2464 1142 2543 tamquam
1178 2466 1321 2545 praemio

194 2567 361 2647 victoriae,
390 2565 423 2628 in
454 2584 482 2627 v.
507 2565 546 2627 76
576 2564 617 2643 is,
646 2564 698 2647 qui
729 2570 853 2627 sextam
883 2563 944 2626 iam
977 2566 1151 2648 reportavit
1178 2567 1325 2653 gloriam,

193 2678 327 2738 vocatur
352 2669 456 2749 ,cuius
480 2667 616 2731 crinibus
638 2668 722 2743 ἕκτος
743 2665 891 2751 στέφανος
918 2668 1118 2734 circumiacet
1139 2668 1321 2738 frondiferis

193 2776 233 2840 de
249 2772 505 2840 certaminibus“.
541 2771 608 2835 Nec
623 2771 796 2835 minoribus
811 2792 887 2836 usus
904 2772 1090 2856 ambagibus
1104 2774 1135 2837 in
1150 2794 1181 2840 r.
1194 2776 1321 2842 82-83

193 2881 356 2945 victoriam
373 2878 543 2963 Olympiae
564 2883 761 2961 reportatam
784 2875 909 2957 λιπαρόν
923 2876 1037 2957 κόσμον
1049 2876 1200 2966 Ὀλυμπίᾳ
1214 2883 1323 2964 appel·

192 2985 269 3048 lavit
290 2983 459 3048 Pindarus.

297 3087 378 3151 Item
403 3105 662 3166 coronarum,
692 3104 775 3168 quae
798 3083 947 3150 victoriae
969 3085 1061 3169 signa
1082 3092 1187 3167 erant,
1216 3087 1324 3154 variae

194 3192 424 3277 appellationes
436 3190 575 3254 Pindaro
591 3191 788 3274 placuerunt.
822 3189 947 3254 Etenim
960 3191 992 3254 in
1004 3192 1141 3255 carmine
1154 3191 1323 3275 Olympico

193 3296 287 3360 tertio
311 3301 479 3379 postquam
502 3295 532 3356 in
557 3295 622 3356 ac
645 3292 787 3376 στέφανοι
809 3294 868 3377 ipsi
892 3294 1055 3357 memorati
1080 3303 1164 3375 sunt,
1187 3296 1264 3360 inv.
1283 3297 1323 3359 13

194 3397 419 3478 Hellanodica,
453 3398 506 3482 qui
529 3392 680 3460 rictorem
702 3399 893 3478 coronabat,
918 3397 1030 3461 dicitur
1055 3400 1172 3480 ,comis
1195 3399 1324 3480 γλαυκό-

191 3528 270 3587 χροα
293 3502 406 3582 κόσμον
430 3502 530 3578 ἐλαίας
561 3499 721 3584 cingens“.
767 3499 804 3564 ln
829 3521 856 3562 v.
880 3503 920 3564 18
948 3507 1056 3566 autem
1085 3509 1180 3586 poeta
1209 3525 1324 3569 cuma

194 3629 277 3673 novo
294 3614 465 3694 systemate
482 3607 646 3690 inceperit,
663 3605 702 3669 ad
719 3605 965 3691 appellationem
982 3605 1130 3690 στέφανος
1146 3609 1321 3674 revertitur.

193 3713 367 3778 Praeterea
388 3712 420 3775 in
446 3711 584 3775 carmine
607 3709 772 3775 Nemeaeo
803 3716 915 3794 quarto
944 3711 1061 3792 victor,
1092 3712 1147 3795 qui
1176 3712 1205 3774 in
1229 3732 1258 3776 v.
1284 3713 1322 3776 17

197 3816 373 3900 „Cleonaeo
397 3838 439 3882 cx
461 3814 631 3880 certamine
655 3812 750 3897 ὅρμον
766 3813 928 3898 στεφάνων
943 3813 1120 3880 deducens“
1146 3814 1246 3880 dictus
1261 3823 1323 3900 est,

193 3921 223 3986 in
254 3942 283 3986 v.
308 3922 345 3984 21
379 3919 542 4000 laudatur,
577 3918 661 4003 quod
692 3918 837 3982 Thebani
872 3938 996 4003 quoque
1028 3939 1091 3982 non
1124 3918 1215 3983 iuviti
1248 3939 1322 3984 eum

193 4022 302 4089 ἄνθεσι
327 4030 567 4088 coronaverunt.
613 4020 739 4086 Deinde
761 4022 793 4084 in
815 4044 846 4086 v.
872 4025 909 4087 ll
939 4022 1065 4106 quidem
1094 4022 1225 4115 verbum
1253 4022 1323 4087 στέ-

193 4154 288 4212 φανος
324 4129 495 4212 repetitur,
540 4126 595 4191 sed
640 4126 672 4189 in
718 4148 748 4191 v.
787 4130 827 4190 88
872 4128 916 4191 ita
961 4127 1241 4210 circumscribitur,
1286 4135 1323 4191 ut

194 4253 331 4298 coronae
353 4231 510 4296 Isthmicis
539 4231 571 4294 in
601 4229 824 4296 certaminibus
851 4239 1001 4315 acceptae
1030 4232 1188 4311 Κορίνθια
1217 4228 1323 4294 σέλινα

195 4344 363 4417 vocentur,
394 4356 465 4400 cum
488 4334 683 4400 Nemeorum
712 4341 744 4397 et
766 4334 972 4400 Isthmiorum
1001 4355 1138 4401 coronae
1169 4356 1210 4398 ex
1236 4334 1322 4419 apio,
