2962 4800
211 250 253 314 40
742 243 813 328 [96]

212 444 242 507 in
275 439 429 507 eiusmodi
459 439 631 504 enuntiatis
658 438 829 502 utebantur
851 438 1083 502 consuetudine
1106 438 1278 524 loquendi
1304 439 1376 503 Ro·

212 547 296 612 mani
324 545 384 609 nisi
405 563 444 609 ea
465 562 547 628 quae
572 549 633 607 est:
656 543 686 606 si
707 542 807 625 eelim,
826 561 966 626 possum.
1009 541 1092 606 Inde
1113 544 1293 627 gliscente
1317 543 1374 607 illa

212 649 402 718 coniunctivi
417 648 506 733 impf.
521 647 698 712 mutatione
716 654 883 730 postquam
898 646 930 710 in
945 647 1026 712 coni.
1041 649 1237 733 praesentis
1257 650 1371 714 locum

210 755 328 820 sensim
348 753 476 837 irrepsit
499 753 581 816 coni.
597 749 698 835 impi,
719 750 746 815 si
767 751 871 814 vellem
893 750 1027 816 dixisset
1047 753 1080 814 in
1102 754 1239 836 protasi
1264 754 1368 838 isqui

211 860 422 944 loquebatur,
455 878 517 922 non
551 857 614 921 iam
647 855 857 920 conveniebat
885 854 924 918 ad
956 856 1097 940 protasin
1131 877 1174 920 ea
1208 879 1304 942 qnae
1336 858 1368 920 in

212 961 345 1050 apodosi
368 959 550 1045 usurpanda
573 967 641 1023 erat
663 959 764 1025 forma
790 979 931 1042 posuere.
976 958 1089 1044 Itaque
1111 969 1173 1025 ant
1197 962 1366 1026 evitanda

126 1048 130 1055 ¹
212 1066 272 1131 init
281 1065 436 1132 Romanis
447 1066 501 1129 illa
515 1062 667 1150 loquendi
680 1064 761 1127 ratio
774 1074 830 1127 aut
843 1064 907 1127 alia
924 1064 1013 1129 verbi
1027 1063 1133 1128 forma
1149 1065 1362 1149 usurpanda.

212 1170 283 1236 Iam
315 1190 410 1251 vero,
442 1190 513 1234 cum
545 1168 685 1233 eiusdem
718 1169 843 1253 generis
875 1169 963 1233 verbi
993 1167 1111 1232 formas
1142 1169 1176 1232 in
1212 1176 1362 1254 utraque

212 1275 369 1341 enuntiati
391 1281 483 1358 parte
505 1274 663 1339 collocare
679 1273 853 1355 studerent,
869 1273 1103 1338 adiuvabantur
1118 1273 1267 1338 Romani
1284 1276 1358 1359 ipsa

212 1399 323 1445 eorum
345 1379 590 1461 enuntiatorum,
613 1379 646 1442 in
665 1378 778 1462 quibus
793 1378 859 1443 sive
876 1399 969 1462 posse
990 1379 1056 1442 sive
1078 1376 1187 1442 debere
1212 1378 1358 1443 verbum

211 1484 332 1566 inerat,
362 1482 470 1548 indole
492 1504 548 1563 ea,
580 1491 616 1547 ut
638 1482 823 1569 plerumque
856 1481 967 1547 eadem
1001 1504 1050 1547 res
1083 1490 1115 1547 ct
1147 1482 1219 1547 ficri
1252 1504 1356 1568 posse

211 1584 363 1670 (debere)
386 1593 419 1651 et
451 1587 520 1651 fieri
545 1587 686 1671 potuisse
709 1584 887 1669 (debuisse)
910 1585 970 1649 dici
995 1593 1112 1669 posset.
1158 1585 1356 1670 Imperfecti

209 1689 305 1775 igitur
326 1688 497 1754 indicativo
520 1711 591 1755 cum
615 1691 661 1754 uti
684 1697 935 1768 consuescerent,
957 1690 1106 1775 paulatim
1122 1689 1154 1752 in
1169 1690 1353 1756 indicativo

212 1814 340 1879 quoque
368 1794 504 1877 genuina
532 1793 585 1858 illu
612 1795 774 1880 praeteriti
797 1794 984 1880 significatio
1007 1795 1040 1857 in
1063 1793 1219 1858 eiusmodi
1245 1816 1353 1860 enun-

211 1898 297 1962 tiatis
319 1897 435 1962 amissa
458 1904 514 1963 est.

314 2000 364 2066 Re
387 2021 465 2065 vera
486 2006 593 2066 autem
612 1999 814 2066 abhorruisse
830 2001 991 2067 Romanos
1007 2002 1049 2066 ab
1064 2001 1222 2067 eiusmodi
1247 2023 1351 2067 enun-

211 2103 316 2182 tiatis,
347 2105 441 2187 quale
471 2110 554 2170 esset
585 2107 614 2168 si
643 2105 767 2188 vellen,
797 2126 944 2188 possum,
975 2104 1049 2169 inde
1071 2104 1224 2185 efficitur,
1259 2106 1350 2189 quod

211 2206 335 2271 nullum
357 2208 425 2272 eius
448 2209 573 2293 generis
598 2208 779 2292 exemplum
803 2214 929 2273 exstare
946 2208 1069 2272 videtur
1087 2213 1213 2291 praeter
1237 2208 1350 2273 iocum

165 2390 167 2393 Ι
212 2309 355 2375 Petronii
379 2313 420 2376 45
443 2330 475 2393 p.
499 2312 549 2392 30,
573 2313 592 2374 6
617 2309 667 2377 ed.
689 2311 901 2376 Buechelcr3:
932 2332 995 2376 non
1024 2310 1210 2375 mehercules
1229 2315 1350 2396 patria

212 2415 320 2480 melior
342 2414 406 2479 dici
426 2421 533 2499 potest,
556 2417 584 2480 si
605 2415 741 2479 homiues
764 2415 896 2481 baberet.

314 2519 384 2584 Iam
406 2539 481 2583 vero
505 2519 531 2583 si
557 2516 598 2584 ad
628 2519 769 2583 futurum
801 2527 926 2604 tempus
957 2524 1115 2603 spectaret
1144 2521 1287 2603 protasis
1320 2523 1351 2585 si

214 2624 334 2703 uellem,
364 2623 452 2687 initio
480 2622 550 2688 fieri
572 2644 637 2688 non
658 2631 800 2709 poterat,
832 2633 867 2689 ut
888 2630 1030 2708 poteram
1052 2623 1155 2688 forma
1176 2630 1350 2690 uterentur

212 2726 365 2806 Romani,
387 2725 443 2790 sed
466 2726 646 2792 coniuntivo
667 2747 786 2812 possem
808 2728 856 2791 uti
879 2726 1056 2792 maluerunt
1071 2726 1125 2809 (cf.
1141 2725 1264 2792 Tobler
1280 2729 1300 2793 l.
1319 2750 1348 2794 c.

211 2850 242 2913 p.
273 2828 341 2912 47).
386 2829 638 2896 Procedentibus
672 2837 778 2895 autem
812 2831 1007 2917 temporibus
1040 2831 1072 2894 in
1107 2852 1175 2894 eam
1211 2851 1348 2918 quoque

212 2933 377 3000 notionem
407 2935 553 2999 abierunt
581 2934 704 3000 formae
736 2933 895 2999 indicativi
929 2934 1121 3018 imperfecti,
1140 2940 1190 2997 'ut
1220 2935 1348 3022 aliquid

211 3036 317 3104 futuro
349 3044 491 3124 tempore
523 3039 590 3103 fieri
622 3039 853 3123 significarent,
886 3038 970 3103 unde
1003 3038 1227 3103 condicionalis
1260 3039 1349 3106 illius

211 3141 338 3227 linguae
360 3141 604 3226 francogallicae
628 3142 712 3208 modi
734 3165 810 3209 usus
833 3143 995 3227 profectus
1018 3149 1076 3208 est.

737 3385 806 3467 §a

312 3544 406 3613 Nunc
430 3549 645 3634 quaerendum
668 3556 726 3632 est,
749 3571 812 3634 qua
833 3550 955 3614 ratione
977 3548 1135 3632 acciderit,
1165 3557 1201 3613 ut
1224 3551 1347 3616 indica·

212 3650 274 3715 tivo
288 3650 399 3716 talium
410 3652 591 3734 verborum,
608 3653 711 3738 qualia
723 3659 797 3718 sunt
808 3673 900 3737 posse
915 3654 1029 3734 debere,
1042 3655 1073 3717 in
1086 3651 1217 3739 apodosi
1230 3675 1347 3719 eorum

210 3753 463 3836 enuntiatorum,
495 3776 628 3840 quorum
658 3756 690 3819 in
719 3758 840 3842 protasi
863 3757 1082 3822 coniunctivus
1105 3756 1228 3842 positus
1260 3769 1347 3842 erat,

210 3877 306 3943 saepe
328 3864 505 3925 uterentur.
542 3860 648 3945 Atque
672 3881 777 3925 errare
800 3881 866 3944 eos,
891 3861 944 3946 qui
967 3861 1170 3926 indicativum
1194 3864 1349 3947 usurpari

210 3961 386 4044 statuerint,
409 3963 435 4027 si
458 3984 492 4028 re
514 3983 589 4027 vera
610 3964 730 4049 aliquid
755 3965 821 4029 fieri
843 3985 938 4048 posse
960 3966 1058 4030 verbo
1076 3983 1168 4048 posse
1184 3966 1347 4048 exprime·

210 4073 312 4150 retur,
337 4087 409 4132 oum
433 4089 473 4132 ex
497 4069 559 4149 eis,
594 4089 676 4153 quae
699 4091 794 4155 supra
816 4069 917 4134 fusius
939 4069 979 4134 de
1001 4069 1166 4134 irrealibus
1190 4089 1276 4153 qnae
1299 4070 1348 4135 di·

210 4176 324 4234 cuntur
346 4178 467 4237 enuntt.
492 4171 604 4237 condd.
628 4172 867 4257 disputavimus,
892 4174 1104 4258 cognoscitur,
1127 4178 1193 4235 tum
1218 4192 1259 4235 cx
1284 4172 1348 4238 hac

211 4273 428 4360 exemplorum
447 4277 685 4341 enumeratione
701 4299 741 4341 ex
760 4276 921 4342 Ciceronis
936 4278 1061 4362 scriptis
1079 4276 1188 4362 petita.
1223 4275 1262 4339 In
1274 4298 1347 4342 ora·
