2956 4822
192 291 253 357 100
711 285 804 371 noc]

190 481 318 560 eisdem,
342 480 461 547 seilicet
480 478 694 544 πολιτεύεσθαι
718 477 801 559 μετὰ
825 486 888 543 τῶν
904 479 1035 562 Ἀχαιῶν
1059 480 1154 545 etiarn
1170 481 1328 567 Polybius

190 588 290 651 utitur
314 587 353 649 de
376 586 580 651 Achaeorum
604 585 787 670 sympolitia
810 582 860 666 (II
884 588 935 666 57,
960 589 978 649 5
1003 585 1058 664 al.)
1103 585 1213 670 Atque
1241 586 1327 671 quod

189 710 285 774 supra
308 688 385 772 dixi,
408 689 622 774 sympolitiam
648 687 732 752 effici
756 687 893 751 ciuitatis
918 693 949 752 et
964 688 1073 772 legum
1093 691 1328 771 communione,

189 793 250 857 hoc
273 793 419 878 exemplo
442 793 675 877 comprobatur.

295 895 429 960 Colonia
451 902 559 959 autem
583 894 785 977 Magnetum,
816 916 897 979 quae
928 897 972 958 rei
1003 895 1150 978 publicae
1178 898 1328 983 propriae

189 1002 259 1065 loco
283 1000 388 1065 adbuc
410 1006 488 1080 erat,
523 998 584 1062 hoc
613 1004 705 1083 pacto
734 999 870 1064 tollitur.
916 997 1072 1064 Cohortes
1104 1008 1136 1063 et
1163 1002 1329 1067 centuriae

188 1107 371 1172 colonorum
395 1105 543 1168 nimirum
560 1103 788 1181 dissoluuntur,
812 1102 967 1187 praefecti
984 1102 1039 1184 qui
1055 1109 1150 1168 antea
1166 1104 1211 1168 eis
1227 1113 1329 1188 erant,

189 1209 367 1275 abolentur.
413 1207 581 1291 'Magnetes
604 1208 652 1270 sui
676 1206 751 1271 iuris
776 1228 846 1272 esse
869 1205 1031 1289 desinunt,
1063 1214 1160 1292 atque
1190 1209 1221 1271 in
1254 1210 1330 1272 ciui·

189 1318 287 1377 tatem
305 1311 551 1398 Smyrnaeorum
578 1310 767 1376 concedunt.
807 1312 910 1386 Quam
926 1331 991 1374 rem
1008 1310 1244 1377 animaduertes
1265 1313 1328 1377 alio

189 1415 284 1482 modo
307 1417 399 1497 effici,
424 1422 523 1497 atque
547 1435 610 1520 qup
627 1413 762 1479 Lebedii
785 1414 817 1477 in
840 1413 992 1480 Teiorum
1017 1416 1178 1479 ciuitatem
1202 1417 1326 1502 recepti

189 1526 274 1600 sunt,
298 1528 329 1584 et
353 1539 427 1604 quo,
452 1524 486 1581 ut
509 1517 591 1581 infra
614 1516 804 1600 uidebimus,
837 1519 931 1581 etiam
955 1519 987 1582 in
1014 1518 1204 1602 sympolitiis
1235 1518 1329 1584 huius

189 1623 315 1706 generis
348 1621 503 1687 faciendis
542 1622 732 1706 plerumque
773 1622 885 1686 Graeci
924 1621 1096 1687 utebantur
1133 1619 1188 1703 (of.
1219 1644 1249 1707 p.
1281 1624 1326 1706 8).

191 1726 316 1792 Cinium
340 1726 468 1812 quidem
492 1725 739 1811 Smyrnaeorum
770 1725 839 1789 iura
867 1727 992 1808 integra
1021 1747 1091 1790 oum
1123 1725 1329 1810 Magnetibus

190 1833 474 1912 communicantur,
498 1851 568 1893 cum
586 1829 701 1894 diserte
718 1836 875 1893 statuatur
891 1848 920 1894 v,
938 1832 989 1911 53,
1006 1838 1042 1894 ut
1058 1831 1230 1915 participes
1251 1831 1330 1895 fiant

191 1935 331 1999 omnium
361 1954 466 1998 rerum
497 1953 629 2016 quarum
658 1932 783 2017 pristini
816 1933 902 1998 ciues
936 1931 1119 2017 Smyrnaei:
1149 1933 1179 1996 in
1212 1933 1328 2018 quibus

190 2057 220 2103 v.
246 2040 284 2102 77
310 2056 461 2121 expresse
484 2035 695 2119 praedicatur,
727 2043 763 2099 ut
787 2037 882 2099 etiam
906 2034 974 2098 iure
999 2035 1158 2099 honorum
1186 2036 1261 2101 inde
1285 2038 1327 2102 ab

193 2162 231 2206 eo
269 2148 411 2223 tempore
444 2139 602 2203 truantur.
661 2137 744 2202 Item
782 2137 887 2201 officia
925 2137 1041 2202 oinium
1078 2137 1327 2222 Smyrnaeorum

192 2245 297 2309 omnia
332 2243 499 2325 Magnetes
533 2244 564 2306 in
599 2263 633 2306 se
665 2243 840 2327 recipiunt,
871 2242 996 2325 legibus
1030 2249 1063 2306 ot
1095 2243 1206 2328 populi
1241 2244 1328 2310 scitia

191 2347 442 2432 Smyrnaeorum
464 2365 499 2408 se
531 2344 738 2409 oboedituros
771 2367 840 2409 esse
868 2335 990 2424 iurant,
1019 2366 1124 2429 neque
1155 2345 1257 2411 minus
1287 2347 1327 2411 ad

192 2450 261 2515 iura
284 2456 316 2513 et
347 2449 516 2533 priuilegia
547 2449 684 2514 ciuitatis
715 2449 876 2514 seruanda
909 2469 1032 2513 omnem
1065 2448 1258 2534 diligentiam
1292 2473 1327 2517 se

190 2555 417 2640 praestituros,
452 2561 483 2617 et
516 2554 714 2636 singulorum
746 2553 861 2615 ciuium
894 2553 1096 2617 securitatem
1131 2560 1163 2617 et
1196 2555 1265 2618 iura
1295 2577 1329 2620 se

192 2657 421 2722 obseruaturos
455 2663 487 2719 et
521 2655 675 2720 aduersus
707 2677 966 2741 unumquemque
994 2644 1109 2720 sedulo
1141 2654 1329 2723 defensuros

192 2783 273 2827 esse.

297 2864 358 2931 Sed
383 2887 454 2930 oum
478 2867 664 2950 plerumque
688 2866 791 2930 tribus
814 2865 919 2929 locum
944 2865 1089 2929 obtineat
1112 2865 1223 2929 ciuitas
1246 2887 1329 2950 quae

193 2969 223 3032 in
248 2971 379 3035 alteram
405 2970 566 3036 ciuitatem
590 2969 754 3050 concedat,
778 2967 839 3032 hoc
855 2968 1060 3052 Magnetibus
1083 2989 1144 3031 non
1169 2970 1329 3052 tribuitur,

193 3071 249 3137 sed
273 3073 303 3136 in
326 3073 427 3138 tribus
450 3073 696 3158 Smyrnaeorum
728 3073 969 3137 distribuuntur.
1015 3073 1106 3145 Quae
1137 3093 1187 3135 res
1218 3074 1330 3157 quanti

193 3177 343 3241 momenti
376 3177 432 3259 sit,
470 3184 590 3243 teneas.
647 3175 727 3239 Nam
769 3197 839 3240 oum
878 3176 979 3239 tribus
1018 3175 1195 3240 ciuitatium
1230 3176 1329 3241 Grae-

195 3301 302 3344 carum
325 3303 400 3344 suas
423 3302 472 3344 res
495 3301 577 3366 quae
600 3302 660 3344 nou
685 3280 725 3344 ad
749 3301 815 3343 rem
831 3280 990 3365 publicam
1006 3279 1106 3364 ipsam
1122 3279 1326 3363 pertinerent,

195 3385 260 3449 suis
283 3385 422 3449 tribuum
451 3385 611 3469 magistris
635 3390 730 3469 atque
763 3384 828 3448 suis
860 3382 1018 3466 suffragiis
1053 3384 1266 3448 administrari
1298 3394 1330 3447 et

195 3488 368 3554 decernere
393 3490 543 3567 solerent,
574 3489 605 3552 in
638 3487 828 3572 quibusdam
859 3487 954 3551 rebus
986 3507 1043 3551 eae
1071 3487 1219 3551 ciuitates
1249 3507 1331 3570 quae

195 3594 378 3679 sympolitia
403 3614 474 3657 cum
498 3593 597 3656 attera
621 3592 910 3676 coniungebantur,
934 3592 1022 3676 quasi
1054 3592 1101 3655 sui
1127 3591 1201 3654 iuris
1224 3612 1331 3656 mane·

195 3698 282 3762 bont.
329 3697 419 3772 Quae
441 3718 490 3760 ros
521 3697 764 3780 aMagnetibus
794 3696 889 3779 longe
920 3695 1023 3760 aliena
1047 3702 1112 3760 est:
1143 3696 1194 3780 qui
1221 3717 1327 3781 neque

195 3802 364 3883 magistros
389 3822 473 3879 suos,
497 3822 601 3885 neque
624 3801 750 3864 comitia
771 3822 839 3881 sua,
863 3821 903 3863 ne
919 3800 1077 3863 aerarium
1095 3798 1222 3883 quidem
1238 3820 1330 3863 suum

196 3903 269 3968 inde
292 3925 311 3967 a
334 3904 535 3989 sympolitioe
559 3906 655 3969 initae
682 3911 826 3989 tompore
856 3904 974 3967 habero
1007 3909 1151 3986 possunt,
1183 3925 1253 3967 cum
1285 3905 1331 3967 eis

195 4008 247 4091 qui
271 4009 323 4071 alii
346 4009 416 4072 aliis
440 4009 689 4093 Smyrnaeorum
714 4009 859 4072 tribubus
879 4006 1029 4092 adscripti
1061 4007 1133 4088 sint,
1163 4007 1224 4070 iam
1253 4007 1331 4072 nibil

195 4133 362 4176 commune
386 4112 436 4178 sit.

297 4215 504 4281 Territorium
530 4215 726 4301 Magnesiae,
751 4217 869 4302 quippe
894 4214 981 4300 quod
1004 4234 1069 4280 non
1094 4215 1126 4278 in
1142 4214 1330 4300 Magnetum

194 4319 249 4385 sed
266 4321 349 4404 regis
366 4320 505 4386 dominio
523 4322 572 4404 sit,
589 4341 785 4407 quamquam
803 4341 866 4386 non
882 4322 951 4406 ipso
968 4325 1063 4405 pacto
1082 4319 1330 4404 Smyrnaeorum
