2956 4822
174 305 235 369 us
626 284 627 287 ‘
720 298 809 383 [214]

175 495 443 559 lirandstactorus
456 495 475 567 ¹,
506 494 557 578 qui
584 500 690 557 tamen
720 494 876 557 rationem
909 513 989 575 quae
1019 492 1101 556 inter
1131 515 1186 556 eos
1215 493 1315 556 inter·

174 603 319 666 cessisset
341 622 403 664 non
429 599 579 662 defininit.

276 704 355 768 Mihi
378 703 503 788 quidem
528 724 638 784 parum
662 702 853 767 uerisimile
878 701 1013 781 uidetur,
1038 702 1121 765 idem
1138 702 1311 785 collegium

173 815 219 874 tot
241 807 374 873 diuersis
397 808 578 871 nominibus
601 808 799 891 appellatum
829 829 908 881 esse,
941 807 1040 870 multo
1068 807 1170 870 minus
1201 813 1310 869 antem

174 920 275 977 toturn
293 912 484 978 Aetolorum
509 919 669 992 senatum,
692 911 744 996 qui
762 919 847 976 certe
865 909 960 975 ualde
977 931 1127 993 maguum
1144 932 1311 974 numerum

174 1019 336 1082 hominum
360 1017 623 1100 amplectebatur,
649 1038 720 1080 cum
744 1016 796 1079 nel
820 1016 1070 1078 lllelitaeensiurn
1096 1016 1208 1079 ciuitas
1233 1015 1312 1079 satis

174 1142 272 1205 parua
296 1121 366 1204 plus
391 1140 454 1182 uuo
479 1125 624 1183 senatore
649 1118 791 1198 haberet,
815 1126 971 1204 perpetuo
995 1118 1172 1183 consedisse
1202 1117 1307 1203 (quod

173 1225 394 1289 Schoemanno
419 1225 520 1287 uisum
545 1230 592 1288 est
616 1225 635 1288 l.
660 1221 713 1306 a).
760 1221 862 1286 Immo
888 1231 922 1287 ut
945 1223 1151 1288 Achaeorum
1178 1233 1311 1288 senatus

173 1330 233 1393 nisi
255 1328 294 1392 arl
314 1329 445 1392 concilia
465 1329 643 1393 communia
661 1350 723 1393 uon
741 1329 912 1392 contronirc
933 1329 1108 1408 consueuit,
1125 1328 1207 1392 idom
1223 1328 1309 1414 apud

172 1433 309 1499 Aetolos
333 1434 428 1497 moris
451 1433 548 1497 fuisso
573 1433 692 1515 opiner.
737 1432 858 1496 Tamen
887 1437 922 1495 ut
951 1432 1036 1516 apud
1065 1432 1213 1496 Achaeos
1242 1437 1311 1494 crat

173 1540 343 1624 collegium
367 1538 525 1623 quoddam
549 1539 712 1602 homiuum
737 1539 790 1623 qui
814 1544 968 1622 perpetuo
991 1559 1121 1602 munere
1139 1540 1311 1621 fungentes

173 1663 227 1709 eas
250 1643 365 1727 quibus
389 1664 469 1727 opus
493 1647 561 1705 erat
584 1663 634 1706 res
658 1641 800 1727 quotidie
817 1642 983 1723 curabunt,
1007 1642 1163 1727 demiurgi
1178 1642 1311 1723 scilicet,

172 1748 218 1812 ita
240 1747 418 1811 necessario
451 1746 546 1811 etiarn
577 1747 608 1809 in
631 1745 821 1810 Aetolorum
852 1747 981 1810 ciuitate
1012 1754 1138 1831 praeter
1168 1768 1311 1811 summos

173 1850 377 1934 magistratus
400 1850 533 1933 collegio
559 1870 639 1935 opus
664 1857 741 1929 orat,
766 1849 848 1934 quod
874 1851 904 1913 iu
929 1850 988 1912 illis
1013 1850 1125 1914 officiis
1161 1850 1311 1914 curandis

173 1961 350 2041 praetorem
375 1954 552 2019 adiuuaret.
597 1953 710 2040 Neque
735 1952 895 2039 quoduam
919 1953 997 2016 illud
1017 1954 1187 2038 collegium
1202 1954 1309 2037 fuerit,

174 2060 320 2124 dubitare
330 2059 412 2134 licet,
423 2061 447 2122 si
460 2058 587 2144 Polyhii
599 2059 761 2123 historiam
771 2060 849 2123 satis
860 2060 1050 2143 respexeris.
1076 2058 1173 2123 Cuius
1184 2065 1312 2144 praeter

173 2170 297 2230 ceteros
314 2165 399 2229 locos
412 2185 510 2227 uuum
525 2163 573 2227 IV
587 2167 617 2246 5,
632 2166 650 2225 9
663 2163 816 2244 adferam,
833 2164 888 2227 ubi
900 2163 940 2226 de
952 2163 1146 2229 Dorimacho
1161 2171 1192 2228 et
1204 2164 1311 2248 Scopa

174 2269 367 2334 tumultuose
391 2268 508 2332 bellurn
532 2268 761 2333 lacessentibus
785 2269 883 2333 dixit:
906 2267 976 2333 οὔτε
1000 2268 1102 2351 κοινήν
1126 2271 1186 2332 τῶν
1207 2271 1311 2331 Αἰτω-

173 2379 233 2437 doiv
256 2370 492 2454 προσδεξάμενοι
516 2371 653 2450 orirodou,
677 2369 747 2436 orire
772 2379 833 2451 τοῖς
855 2371 1037 2454 ἀποκλήτοις
1053 2371 1309 2452 συμμεταδὸντες.

174 2478 297 2552 Quibus
310 2477 417 2541 uerbis
428 2476 606 2541 luculenter
616 2484 759 2561 apparet,
773 2478 936 2561 apocletos
948 2486 1104 2562 perpetuo
1116 2476 1309 2554 consedisse,

173 2581 258 2665 quod
282 2582 377 2645 etiam
395 2580 633 2646 Schoemanuus
658 2588 743 2645 recte
766 2590 985 2667 perspexerat.
1033 2580 1122 2646 ldom
1140 2590 1224 2646 certe
1241 2580 1309 2645 effi·

173 2684 254 2749 citur
272 2706 289 2750 e
306 2684 388 2749 Liuii
405 2684 537 2749 XXXV
553 2688 605 2765 34,
621 2687 656 2750 2:
672 2683 857 2750 ‘Concilium
876 2685 1002 2771 quidem
1020 2689 1188 2751 uniuersae
1202 2686 1309 2770 gentis

173 2795 251 2872 post,
270 2788 416 2853 dimissos
441 2789 606 2854 Romanos
630 2811 691 2855 non
716 2789 906 2869 habueruut,
930 2810 986 2874 per
1009 2789 1170 2875 apocletos
1200 2796 1307 2853 autern

173 2929 214 2939 -
243 2892 275 2955 id
306 2890 491 2978 agitabant’.
537 2893 579 2959 ib.
611 2914 638 2959 c.
670 2896 712 2958 lo
742 2895 809 2960 iuit.
842 2891 978 2958 ‘dimisso
1014 2895 1146 2957 concilio
1180 2930 1213 2938 —
1249 2915 1308 2958 rex

172 3002 302 3081 postero
328 2997 379 3061 die
403 3019 472 3062 cum
492 2999 644 3083 apocletis
660 3019 769 3062 eorum
787 3035 826 3046 -
845 2998 1060 3063 consultabat.
1098 2996 1190 3062 Hanc
1205 2998 1307 3081 ipsam

173 3107 282 3164 autern
306 3101 347 3165 oh
377 3122 444 3165 reru
466 3103 533 3167 lieri
557 3125 620 3168 nou
644 3125 747 3188 posse,
770 3110 806 3168 ut
828 3104 992 3189 apocletos
1015 3124 1072 3188 pro
1097 3109 1165 3168 toto
1192 3110 1306 3167 senatu

172 3204 367 3289 habeamus,
402 3209 460 3271 uiri
494 3207 600 3290 docti,
630 3218 782 3293 quantum
817 3207 930 3290 uideo,
964 3231 1026 3272 nou
1061 3215 1307 3294 perspexerunt.

174 3309 342 3383 Quomodo
368 3311 453 3376 enirn
468 3311 635 3396 collegium
654 3311 818 3376 hominum
842 3319 1054 3378 trecentorum
1079 3313 1131 3378 uel
1154 3313 1308 3398 quingen·

173 3418 275 3478 torum
300 3450 337 3459 -
366 3434 438 3478 uam
462 3424 538 3500 quot
563 3415 690 3496 fuerint,
721 3437 783 3481 nou
808 3424 955 3481 accurate
978 3418 1092 3481 scirnus
1120 3452 1155 3461 -
1181 3415 1308 3500 negotia

173 3517 323 3581 contiuua
346 3538 458 3583 curare
483 3520 632 3603 poterat?
671 3519 764 3593 Quod
783 3523 944 3605 apocletos
968 3520 1082 3585 iecisse
1106 3542 1178 3585 cum
1200 3520 1308 3584 multis

137 3667 141 3676 .
172 3622 242 3687 aliis
265 3622 343 3687 locis
374 3630 442 3686 tum
466 3644 484 3686 e
506 3623 621 3709 Polyb.
645 3624 710 3689 XX
736 3629 754 3689 9
777 3648 823 3711 sq.
855 3634 999 3710 apparet.
1046 3625 1090 3689 Hi
1121 3625 1203 3689 onim
1235 3646 1307 3688 cum

171 3726 286 3810 legatis
320 3732 504 3791 exterarum
533 3727 709 3793 ciuitatium
740 3730 880 3811 agebant
912 3729 996 3809 (Pol.
1020 3728 1104 3793 XXI
1134 3726 1244 3810 4[2],
1279 3731 1307 3792 7.

174 3831 222 3892 14.
270 3850 296 3894 ο.
328 3833 346 3893 5
379 3827 444 3913 [3],
479 3835 491 3893 l
519 3851 526 3893 ε
558 3830 590 3895 hi
622 3832 754 3896 coucilia
785 3841 876 3897 extra
907 3832 1052 3897 ordinem
1087 3833 1308 3896 conuocabant

75 3971 78 3975 ›
173 3931 255 4011 (XX
280 3935 329 4010 10,
356 3935 405 3998 ll.
435 3932 506 4016 lll:
538 3936 595 3999 hos
627 3936 725 4019 igitur
756 3936 909 4022 Polybius
939 3958 1038 4021 saepe
1071 3936 1221 3998 ,dissoluto
1252 3932 1307 4015 ἅρ-

169 4060 282 4116 porrus
306 4036 382 4100 dicit
405 4037 468 4117 (lV
494 4040 545 4120 26,
569 4041 597 4103 5.
635 4039 719 4103 XXI
744 4044 762 4102 4
786 4039 835 4122 [2]
861 4043 888 4118 7,
913 4040 1043 4105 cosdem
1068 4061 1146 4125 quos
1169 4060 1195 4103 c.
1212 4041 1231 4102 5
1249 4037 1306 4120 [3],

176 4143 188 4200 l
224 4136 412 4223 οἷποκλήτοος
443 4148 548 4208 uocat.
601 4141 634 4206 X
663 4145 722 4223 42,
752 4141 799 4224 4).
854 4143 948 4217 Quod
977 4143 1080 4208 miuus
1112 4150 1222 4228 aptum
1258 4149 1307 4208 est

278 4368 285 4407 ¹
306 4366 489 4427 Geschiohtou
511 4365 559 4422 rios
579 4369 746 4422 autolisohou
766 4367 875 4422 Laudas
895 4373 947 4424 otc.
967 4387 992 4435 p.
1010 4367 1069 4423 309.
1088 4367 1148 4424 312.
