3030 4816
678 311 771 397 [ιιι]
1252 317 1288 380 ιι

260 502 346 567 Hinc
368 503 529 587 profectus
553 504 744 585 Ahrensius,
767 525 849 589 quae
871 526 969 570 uoces
992 526 1049 590 per
1072 506 1173 570 ornain
1207 506 1290 569 coire

159 614 303 689 possent,
330 615 477 672 accurate
508 609 682 693 quaesiuit:
711 609 796 693 quod
825 615 861 672 ut
891 609 1075 694 exploraret
1100 610 1233 694 ‚egregie
1262 610 1291 674 ei

159 710 304 794 contigit,
327 717 481 796 quantum
503 711 543 776 ad
566 711 707 777 Atticam
731 712 868 796 pertinet
883 711 1053 777 dialectum
1070 733 1107 776 ac
1123 714 1292 799 praecipue

158 814 198 877 ad
222 813 391 881 dialectum
416 815 574 901 poeticam
589 817 746 901 quaestio.
785 815 878 890 Quod
894 817 920 881 si
936 823 968 880 et
982 816 1121 900 reliquas
1138 816 1291 882 dialectos
1354 853 1359 861 ·

158 928 191 984 et
213 921 352 985 maxime
374 922 614 1007 inscriptionum
638 921 822 987 testimonia
836 921 1052 1006 respiciemus,
1068 921 1291 1005 intellegemus

162 1030 273 1107 poetes
307 1025 378 1089 illos
415 1025 531 1090 multas
569 1045 673 1089 erasos
708 1024 850 1091 insolitas
886 1023 1050 1090 admisisse
1087 1025 1155 1090 siue
1189 1033 1291 1091 metro

160 1134 286 1192 coactos
309 1130 378 1193 siue
401 1129 490 1213 uulgi
511 1128 652 1193 imitatos
676 1129 975 1212 pronuntiationem.

261 1232 340 1296 Post
362 1232 555 1297 Ahrensium
572 1231 765 1297 Kuehnerus
789 1231 937 1316 (gramm.
956 1232 973 1296 Ι
994 1253 1049 1317 pg.
1068 1234 1129 1297 173
1144 1232 1229 1318 sqq.)
1250 1254 1291 1298 ex

159 1334 363 1418 scriptoribus
387 1336 525 1420 antiquis
549 1355 677 1400 crassos
700 1336 847 1420 exempla
869 1335 1038 1420 diligenter
1053 1335 1183 1421 collegit
1198 1357 1291 1422 regu-

88 1447 90 1450 ’
159 1437 267 1520 lasque
292 1459 416 1504 craseos
438 1439 605 1525 proposuit
628 1438 703 1503 has:

265 1547 291 1606 l.
338 1542 471 1628 Signum
486 1540 628 1608 oraseos’
650 1543 786 1627 (κοριονίς
802 1541 1029 1627 [corniculum]
1044 1565 1062 1607 a
1077 1544 1291 1628 grammaticis

159 1645 368 1725 nominatum)
386 1668 483 1732 supra
499 1649 641 1712 uocalem
655 1648 734 1711 crasi
750 1654 853 1712 ortam
867 1649 1004 1732 ponitur,
1020 1647 1129 1734 idque,
1152 1648 1178 1712 si
1193 1669 1291 1714 sonus

159 1752 382 1817 coniunctione
420 1752 551 1818 effectus
588 1751 807 1838 diphthongus
846 1760 909 1833 est,
948 1773 1045 1837 supra
1081 1755 1292 1837 posteriorem

160 1857 310 1920 uocalem.
357 1854 523 1920 Omittitur
546 1857 679 1934 coronis,
704 1856 844 1920 obicum
861 1856 988 1942 spiritus
1004 1856 1109 1941 asperi
1125 1857 1201 1921 sede
1218 1877 1292 1922 con·

158 1961 253 2043 gruit,
277 1959 418 2024 velutin
441 1956 456 2021 ὁ
479 1956 557 2041 ἀνήρ
581 1996 622 2006 -
645 1956 741 2041 ἁνήρ;
764 1959 818 2023 ubi
843 1980 914 2023 cum
937 1959 1065 2044 spiritus
1095 1959 1174 2024 lenis
1205 1959 1291 2043 sede,

158 2064 285 2148 spiritus
299 2069 333 2126 ut
345 2066 603 2148 superuacaneus
617 2063 782 2146 omittitur,
795 2065 883 2127 velut
894 2062 926 2126 in
937 2059 972 2127 τὰ
986 2059 1083 2143 ὄνομα
1095 2100 1137 2108 -
1146 2061 1291 2144 τοῦνομα.

263 2172 292 2235 2.
338 2168 480 2234 Utuntur
502 2169 581 2233 crasi
604 2170 775 2254 praecipue
804 2176 936 2252 poetae:
966 2190 1095 2254 perraro
1118 2167 1291 2253 Homerus,

160 2273 286 2357 saepius
318 2272 503 2356 posterioris
527 2272 640 2336 aetatis
672 2278 795 2357 poetae,
824 2273 962 2338 maxime
992 2273 1091 2336 Attici
1120 2280 1217 2358 atque
1251 2294 1291 2337 ex

160 2376 208 2442 bis
240 2377 350 2440 comici
382 2377 599 2461 potissimum,
633 2384 718 2442 certe
749 2377 781 2440 in
815 2377 958 2462 dialogo:
990 2398 1064 2442 nam
1096 2377 1128 2440 in
1160 2377 1291 2440 canticis

79 2464 82 2470 ¹
159 2481 323 2546 sublimior
345 2501 448 2545 sermo
464 2482 565 2546 cresin
581 2480 648 2546 iere
664 2488 861 2567 aspernatur.
902 2480 953 2544 Ex
970 2480 1124 2566 pedestris
1141 2478 1290 2545 orationis

159 2583 343 2648 auctoribus
366 2590 507 2648 oratores
531 2584 658 2668 saepius
680 2585 782 2648 crasin
806 2591 969 2668 usurpant.
1015 2582 1189 2668 Nunquam
1211 2603 1289 2647 uero

160 2687 256 2752 cra-sis
266 2687 370 2751 locum
382 2688 487 2766 hahet,
498 2687 551 2750 ubi
563 2688 641 2752 elisa
653 2689 756 2752 uocali
768 2687 857 2752 breui
868 2688 971 2754 hiatus
983 2687 1075 2752 uitari
1087 2693 1291 2772 potest30um

160 2790 346 2876 diphthongi
370 2812 452 2876 quae
477 2791 635 2856 elidantur
657 2791 793 2856 idoneae
811 2791 979 2876 aliquando
1000 2793 1101 2856 cresin
1118 2791 1288 2876 patiantur.

263 2899 291 2959 3.
336 2896 381 2959 Ut
403 2895 434 2959 in
458 2896 683 2975 contractione,
705 2895 751 2959 ita
772 2895 804 2959 in
826 2896 907 2960 crasi
930 2915 1057 2980 quoque
1074 2895 1194 2980 duplex
1218 2915 1291 2959 con·

159 2999 245 3063 stitui
262 3006 369 3083 potest
385 2999 476 3079 ratio,
492 3001 592 3063 altera
607 2999 814 3083 grammatica
830 3005 862 3062 et
882 3006 1043 3083 tamquam
1060 2998 1173 3082 logica,
1190 2998 1291 3062 altera

159 3104 345 3188 phonetica,
380 3123 461 3187 quae
498 3103 537 3166 ad
575 3123 669 3168 sonos
701 3102 932 3168 contrahendos
966 3109 1097 3186 spectat.
1151 3101 1212 3167 Illa
1246 3102 1292 3165 uti

159 3209 297 3273 Atticam
314 3207 484 3272 dialectum
500 3207 693 3272 Kuehnerus
710 3207 793 3288 dicit,
812 3230 896 3294 quae
911 3206 1067 3272 dialectus
1083 3209 1115 3272 in
1132 3208 1292 3271 uocalium

160 3313 373 3379 commissuris
395 3312 553 3377 uocabulo
577 3313 718 3397 grauiori
741 3313 891 3378 maiorem
906 3313 1051 3378 tribuerit
1068 3312 1291 3377 auctoritatem

161 3426 193 3483 et
216 3415 411 3504 praecedens
433 3417 625 3482 uocabulum
649 3418 778 3482 minoris
803 3417 1000 3483 auctoritatis
1022 3417 1067 3480 illi
1083 3415 1291 3492 subiunxerit,

159 3523 248 3586 uelut
271 3519 287 3584 b
310 3517 397 3601 ἀνὴρ,
421 3519 506 3606 quod
530 3542 588 3606 per
611 3522 712 3586 cresin
735 3521 876 3586 Atticam
900 3521 956 3585 fiat
985 3518 1075 3605 ἁνήρ,
1107 3522 1155 3584 καὶ
1185 3520 1227 3596 εἰς
1249 3555 1290 3565 -

160 3625 230 3707 κείς,
243 3623 271 3688 οἱ
283 3620 390 3703 ἄνδρες
404 3661 441 3670 -
455 3622 576 3706 ἄνδρες
593 3633 718 3691 ceteras
730 3631 839 3689 autem
851 3624 1016 3708 dialectos,
1029 3644 1111 3708 quae
1122 3623 1291 3709 praecipue

159 3749 252 3793 sonos
277 3727 511 3793 contrahendos
527 3729 729 3813 respicerent,
748 3710 880 3791 alteram
898 3734 1023 3791 secutas
1040 3747 1110 3791 esse
1125 3727 1291 3807 rationem,

159 3831 248 3895 velut
272 3827 397 3907 ιἰαὺτός
420 3832 452 3894 in
468 3831 585 3895 Dorica
608 3830 743 3896 dialecto
767 3828 874 3907 ωὑτὸς,
899 3832 944 3894 τοὶ
963 3827 1068 3910 ἄνδρες
1084 3866 1125 3876 —-
1141 3822 1291 3911 τῶνδρεςς

159 3935 191 3996 in
215 3934 306 4017 spica
329 3932 464 3997 dialecto
487 3931 504 3996 ὁ
526 3931 645 4015 ἄριστος
671 3971 707 3981 -
732 3930 877 4015 ὤριστος
900 3932 1017 3996 Dorice
1039 3933 1088 3995 καὶ
1111 3934 1143 3995 ἐκ
1161 3967 1200 3977 -
1224 3929 1291 4014 κήκ,

160 4040 207 4100 καὶ
230 4036 290 4118 ἐγώ
315 4073 353 4081 -
378 4033 470 4119 κήγώ.
517 4036 588 4110 Qua
611 4035 651 4100 de
675 4035 785 4119 regula
801 4036 875 4121 quid
892 4032 1096 4099 statuendum
1110 4034 1161 4118 sit,
1185 4035 1290 4099 exeis

160 4160 241 4224 quae
264 4139 346 4203 infru
371 4160 531 4225 exponam
553 4139 700 4204 elucebit.

262 4248 292 4307 4.
338 4243 371 4307 Si
395 4243 588 4307 uocabulum
611 4243 698 4329 prius
723 4240 880 4307 clauditur
902 4240 1102 4327 diphthongo
1119 4242 1175 4304 ina
1196 4260 1290 4305 uoca-

160 4346 221 4411 lem
246 4359 396 4425 exeunte,
420 4376 428 4410 ι
444 4349 474 4412 in
491 4350 573 4412 crasi
591 4347 756 4427 omittitur,
779 4353 814 4411 ut
831 4345 859 4410 οἱ
882 4344 1033 4430 ἐπιχώριοι
1051 4384 1090 4392 -
1105 4342 1294 4430 οὑπιχώριοι,
