2948 4808
663 279 876 338 „54-

200 466 233 529 in
255 465 387 530 decreto
411 465 650 553 protiosissimo
673 486 778 551 nuper
794 472 935 550 reperto,
959 465 1045 551 quod
1059 466 1101 530 ad
1116 466 1225 550 otae
1241 465 1340 530 tinem

201 572 364 657 pertinere
393 571 531 635 videtur.
583 569 655 643 Quo
686 568 843 655 primitias
875 570 1027 633 frumenti
1056 569 1126 634 dcis
1158 559 1338 634 Eleusiniis

201 675 325 740 oraculi
341 674 463 759 iussu¹)
481 680 514 739 et
528 673 569 738 ab
586 672 847 737 Atheniensibus
871 693 1047 758 eorumque
1071 674 1167 738 sociis
1190 679 1223 737 et
1245 695 1265 737 a
1287 696 1338 738 ra·

202 778 298 863 liquis
322 777 523 843 Graecorum
551 775 740 840 civitatibus
764 775 948 840 offerendas
971 774 1213 841 Eleusiniomm
1237 778 1338 841 sacri-

203 882 291 947 ficuli
327 881 480 946 iubentur
513 881 681 965 accipere,
715 885 871 965 acceptas
903 879 1043 945 condere
1075 887 1109 945 et
1141 902 1273 947 servare
1303 883 1339 945 in

201 986 304 1050 tribus
337 986 435 1049 fossis
469 984 689 1048 frumentariis
724 1005 767 1048 ex
802 984 948 1069 pecunia
982 1004 1076 1048 sacra
1109 984 1245 1049 dearum
1280 1007 1338 1050 ex-

201 1090 365 1154 struendis
394 1089 465 1152 loco
498 1108 541 1151 ex
569 1088 713 1172 ipsorum
743 1095 776 1152 et
809 1088 980 1153 architecti
1010 1088 1145 1153 arbitrio
1170 1089 1338 1175 eligendo:

201 1217 250 1260 vs.
271 1198 310 1258 10
334 1212 403 1277 sqq.
434 1186 653 1278 οἰκοδομῆσαι
684 1189 721 1256 δὲ
746 1186 858 1274 σιροῖς
884 1194 971 1275 τρεῖς
996 1183 1153 1257 Ἐλευσῖνι
1185 1187 1270 1257 κατὰ
1298 1187 1340 1258 τὰ

202 1294 328 1385 πάτρια
358 1294 445 1361 ὅπου
474 1289 513 1359 ἂν
543 1294 623 1382 δοκῇ
649 1298 720 1372 τοῖς
751 1291 933 1379 ῖεροποιοῖς
958 1293 1015 1360 καὶ
1042 1297 1090 1382 τῷ
1112 1288 1340 1383 ἆρλχλιτέκτονι

202 1397 392 1490 ἐπιτήδειον
406 1392 489 1466 εἶναι
506 1393 576 1465 ἀπὸ
591 1400 652 1465 τοῦ
666 1391 820 1484 ἀργυρίου
835 1401 893 1465 τοῦ
909 1403 979 1464 τοῖν
994 1402 1100 1465 Θεοῖν·
1115 1395 1172 1467 τὸν
1186 1398 1235 1487 [δὲ
1249 1399 1343 1488 κα]ρ-

204 1501 270 1573 ndu
293 1501 458 1571 ἓνθανθοῖ
481 1499 654 1589 ἐμβάλλειν
676 1493 713 1569 ὃν
735 1497 775 1568 ἂν
793 1498 1013 1588 παραλάβωσι
1028 1499 1122 1588 παρὰ
1136 1505 1201 1569 τῶν
1215 1500 1341 1592 δημάρ-

204 1612 288 1694 [χιον.
323 1610 389 1674 Ubi
413 1630 506 1673 sacra
529 1630 572 1673 ex
595 1608 647 1671 his
671 1607 821 1692 frugibus
844 1607 915 1671 deis
938 1607 1026 1671 facta
1048 1608 1112 1671 sint
1134 1606 1196 1695 (vs.
1213 1611 1253 1672 36
1270 1629 1338 1694 sqq.

204 1715 244 1779 cf.
268 1715 288 1790 ξ
313 1714 354 1798 1),
383 1712 581 1799 praecipitur
603 1716 639 1774 ut
661 1710 822 1796 reliquum
850 1710 1049 1774 frumentum
1072 1711 1243 1776 sacrificuli
1266 1733 1340 1777 curn

204 1825 320 1883 senatu
350 1816 508 1894 vendant,
544 1837 562 1880 e
592 1814 734 1900 pecunia
767 1814 813 1877 ita
844 1819 938 1900 parta
972 1814 1106 1878 donaria
1138 1815 1339 1880 conficienda

204 1928 317 1987 curent
339 1921 419 1985 talia
441 1920 550 2006 qualia
572 1918 833 2004 praescripturus
857 1918 899 1982 sit
913 1919 985 2003 ipse
1001 1919 1139 2004 populus
1154 1919 1339 1984 Athenien-

204 2027 298 2106 sium,
322 2026 420 2109 inque
443 2022 589 2088 donariis
613 2022 792 2086 inscribant
814 2022 946 2086 nomina
968 2021 1206 2087 dedicantium:
1230 2045 1279 2090 vs.
1299 2029 1339 2089 40

205 2151 274 2217 sqq.
292 2123 351 2207 τὰς
374 2126 410 2193 δὲ
433 2120 533 2205 datas
553 2119 675 2213 κριθὰς
690 2123 747 2191 καὶ
767 2125 892 2212 αορούς
908 2119 1137 2209 ἆτιοδομένοος
1155 2128 1232 2206 τούς
1254 2123 1339 2213 ispo-

204 2228 323 2311 ποιοὺς
349 2227 432 2316 μετὰ
458 2232 518 2319 τῆς
548 2231 668 2319 βουλῆς
691 2223 893 2318 ἀναθήματα
917 2223 1110 2296 ἀνατιθέναι
1134 2233 1205 2296 τοῖν
1232 2233 1338 2311 Θεοῖν,

203 2331 508 2425 ττ[ο]ιη’[σ]αμε’νοος
522 2327 590 2400 εῖττ>
608 2328 647 2399 ἂν
657 2335 705 2399 τεῦ
717 2329 810 2422 δήμῳ
823 2335 871 2422 τῷ
885 2327 1074 2423 Ἀθηναίων
1086 2334 1175 2422 δοκῇ,
1192 2332 1249 2400 καὶ
1263 2332 1340 2400 ἐπι-

203 2435 338 2529 γράφειν
365 2445 436 2519 τοῖς
463 2434 686 2527 ἀναθήμασιν,
710 2434 762 2505 ὅτι
785 2431 936 2505 ἀπὸτοῦ
958 2440 1088 2524 καρποῦ
1107 2440 1165 2528 τῆς
1187 2431 1340 2529 ἆπαρχῆς

203 2537 360 2631 ἇνεθέθη,
385 2541 441 2609 καὶ
461 2535 620 2630 Ἑλλήνων
642 2537 698 2608 τὸν
721 2535 957 2627 ἆνεαρχόμενον.

290 2674 343 2739 Ex
372 2675 423 2738 his
452 2695 536 2759 quae
567 2673 608 2738 de
631 2672 873 2738 Eleusiniorum
903 2675 1092 2740 sacrificulis
1125 2675 1246 2741 diserte
1270 2681 1337 2740 tra-

204 2779 326 2843 duntur
356 2778 577 2842 coniecturam
606 2797 722 2862 capere
753 2778 846 2855 licet,
880 2779 971 2842 cuius
1001 2779 1130 2863 generis
1160 2778 1259 2843 fuerit
1281 2779 1339 2843 illa

204 2904 313 2947 rerum
343 2903 510 2947 sacrarum
534 2882 771 2947 administratio
795 2903 985 2967 quousque
1009 2881 1051 2946 ad
1074 2887 1263 2967 quaestores
1288 2905 1341 2948 re·

206 2987 368 3072 liquorum
409 2986 544 3051 deorum
582 2987 748 3051 institutos
783 2987 833 3050 usi
872 2987 938 3050 sint
973 2981 1138 3072 ἱεροποιοῖ
1177 2992 1340 3051 certorum

205 3094 408 3179 templorum.
476 3092 550 3166 Qua
591 3092 871 3156 administratione
903 3092 1014 3177 populi
1048 3090 1180 3156 decreto
1219 3114 1247 3155 a.
1280 3094 1341 3155 435

207 3197 338 3262 sublata
360 3197 424 3281 ipsi
447 3217 576 3282 quoque
601 3191 766 3279 ῖεροαοιοί
783 3194 903 3259 sublati
924 3217 998 3260 esse
1015 3194 1180 3260 videntur:
1205 3217 1342 3281 quorum

206 3302 297 3365 nulla
338 3302 476 3386 amplius
510 3300 650 3387 vestigia
691 3306 890 3384 comparent.
933 3298 1018 3362 Nisi
1052 3299 1136 3384 quod
1171 3300 1343 3364 sacrificuli

206 3403 368 3468 Eleusinii
393 3425 451 3468 suc
475 3404 655 3468 ethonore
679 3409 713 3468 et
735 3424 871 3467 munere
896 3403 1013 3487 privati
1036 3424 1101 3467 non
1126 3409 1216 3467 sunt:
1247 3404 1342 3467 nimi-

208 3529 279 3572 rum
303 3514 338 3572 ut
362 3513 433 3572 erat
455 3506 630 3593 peculiaris
655 3527 820 3571 sacrorum
835 3505 1078 3571 Eleusiniorum
1101 3507 1133 3570 in
1155 3507 1344 3592 republica

208 3611 459 3676 Atheniensium
482 3610 640 3692 condicio,
664 3632 706 3675 ne
729 3610 888 3695 pecuniae
912 3609 1042 3694 quidem
1067 3632 1180 3675 sacrae
1197 3610 1343 3676 Deorum

208 3715 452 3780 Eleusiniamm
482 3713 633 3778 videntur
661 3735 805 3799 unquam
837 3712 877 3777 ad
907 3721 1117 3799 quaestorum
1145 3715 1209 3779 τῶν
1238 3707 1345 3779 ἄλλων

209 3819 296 3881 θεαῖν
319 3817 633 3883 administrationem
657 3824 831 3883 revocatae
855 3838 938 3884 esse.

283 4050 302 4113 ¹)
330 4049 370 4102 Da
394 4049 520 4104 sacrificii
545 4066 628 4103 cansa
652 4051 686 4103 cf.
709 4050 790 4102 locor.
814 4049 916 4119 Pancg.
942 4049 1008 4113 §31
1036 4049 1095 4108 ταῖς
1119 4046 1147 4100 d’
1161 4050 1347 4109 ἐκλειπούσαις

210 4134 337 4193 πολλάκις
354 4135 371 4203 ἡ
390 4136 479 4188 Πυθία
496 4137 663 4205 προσέταξεν
681 4132 835 4206 α’ποφέρειν
852 4135 886 4188 τα
903 4138 975 4206 μέρη
994 4137 1048 4188 τοῖν
1066 4138 1179 4205 καρπῶν
1196 4133 1241 4188 καὶ
1254 4137 1342 4190 ποιεῖν

212 4221 279 4293 πρός
296 4221 346 4291 τήν
366 4222 446 4274 πόλιν
464 4223 513 4291 τήν
531 4223 668 4294 ἡμετέραν
686 4222 720 4275 za
737 4221 847 4291 πάτρια.
