2954 4822
537 300 578 311 -
625 259 713 350 [ιον]
760 300 802 313 -

581 459 615 519 et
637 453 677 520 fr.
701 456 763 519 356

493 550 667 645 ἀναπηδᾶν
689 553 722 623 έν
745 552 839 646 δήμῳ

616 684 622 707 ,
670 684 688 693 -
725 685 731 708 ,

101 733 226 797 ionicos
248 732 468 818 composuisse
493 732 591 796 alicui
614 730 787 813 videbitur,
813 731 959 817 quamvis
984 752 1048 794 non
1071 737 1241 818 appareat,

103 858 200 922 quam
223 858 339 902 versus
363 837 473 902 sedem
497 837 658 900 molossus
681 836 901 924 occupaverit.

634 995 708 1074 aa.

190 1105 299 1191 Supra
320 1127 351 1191 p.
377 1109 413 1168 51
441 1106 506 1170 ianr
530 1105 608 1182 dixi,
632 1107 717 1169 sicut
739 1125 757 1169 e
780 1105 914 1168 mutatis
938 1103 1072 1168 diiambi
1097 1103 1241 1189 syllaba·

45 1278 48 1286 ,
104 1231 173 1274 rum
199 1210 363 1275 secundae
388 1216 422 1274 et
444 1210 561 1275 tertiae
583 1208 715 1274 sedibus
738 1209 862 1273 ionicus
887 1210 1054 1273 aminare
1078 1216 1167 1272 ortus
1191 1210 1243 1287 sit,

103 1315 150 1377 ita
172 1334 215 1378 ex
239 1312 375 1377 dimetro
399 1314 505 1377 ionico
529 1314 607 1377 oriri
634 1334 733 1398 posse
759 1312 854 1375 colon
871 1306 1001 1377 λωνικδν
1017 1303 1243 1395 ἀνακλώμενον

104 1416 191 1502 quod
206 1424 348 1481 vocatur.
389 1414 580 1481 Coniunctis
598 1417 685 1480 enim
701 1415 827 1481 duobu‘s
851 1417 966 1480 ionicis
984 1476 1000 1487 ,
1015 1475 1032 1488 ,
1046 1455 1065 1486 a
1078 1465 1096 1488 r
1111 1475 1129 1489 ,
1143 1476 1160 1488 .
1175 1458 1194 1487 2
1207 1460 1242 1497 κ,

104 1522 133 1585 si
156 1528 271 1607 quarta
296 1527 329 1586 et
351 1522 466 1607 quinta
488 1522 617 1607 syllaba
639 1523 748 1586 locum
771 1528 914 1602 mutant,
944 1522 1068 1586 ionicus
1093 1513 1241 1587 ἀνακλώ-

103 1649 200 1709 μενος
214 1684 232 1697 .
243 1681 261 1697 ,
274 1676 293 1698 a
304 1682 322 1695 .
334 1671 352 1696 r
363 1683 382 1697 2
393 1664 413 1697 ε
424 1667 443 1697 ,ο
461 1627 505 1690 lit.
536 1626 819 1713 Hephaestionem
837 1625 923 1691 hunc
939 1647 1069 1690 versum
1084 1628 1170 1692 male
1184 1648 1241 1691 ex-

104 1730 247 1817 plicasse
270 1752 369 1817 supra
392 1729 530 1813 ostendi,
554 1738 643 1796 recta
667 1737 777 1796 tamen
794 1731 969 1817 explicatio
985 1753 1004 1795 a
1021 1731 1243 1796 scholiastaA

105 1832 364 1919 Hephaestionis
392 1835 542 1912 affertur,
572 1836 627 1920 qui
650 1857 681 1921 p.
708 1839 768 1900 194
794 1830 832 1901 τὸ
861 1828 1087 1918 ἀνακλώμενον
1114 1833 1241 1921 μέτρον,

105 1936 220 2022 inquit,
243 1932 394 2004 τοιοῦτόν
417 1935 505 2003 ἔστιν
532 1930 578 2017 ὡς
605 1933 735 2004 ἱωνικδν
757 1930 840 2004 εἶναι
863 1934 901 2004 τὸ
925 1930 982 2003 ἀπ’
1008 1933 1183 2018 ἐλάσσονος
1205 1933 1244 2004 τὸ

105 2046 286 2127 ααβαβαββ
319 2036 371 2127 (τὸ
403 2040 440 2107 δέ·
473 2041 645 2126 δαββαβῆβ
679 2042 780 2108 habet
815 2042 922 2107 codex
955 2043 1191 2107 Ambrosianus
1226 2066 1245 2107 a

106 2144 331 2211 Studemundo
356 2153 540 2228 excussus).
588 2144 744 2232 (Λέγεται
761 2145 797 2211 δέ
815 2141 926 2226 οὕτως,
949 2140 999 2212 ὅτι
1014 2139 1054 2235 ἡ)
1073 2142 1244 2212 τελευταία

105 2251 165 2316 τοῦ
186 2245 320 2336 πρώτου
343 2245 450 2330 ποδὸς
468 2244 648 2316 ἀνακλᾶται
671 2248 729 2316 ἐπὶ
750 2247 809 2341 τὴν
828 2253 887 2318 τοῦ
908 2250 1058 2337 δευτέρου
1082 2244 1244 2338 ἄρχουσαν

105 2358 275 2440 βραχεῖαν·
305 2347 350 2433 ὡς
371 2346 455 2420 εἶναι
478 2350 516 2420 τὸ
538 2356 671 2440 πρῶτον
699 2347 771 2420 ἀντὶ
803 2351 935 2421 ἱωνικοῦ
962 2352 1096 2421 παίωνα
1125 2351 1244 2441 τρίτον,

105 2453 144 2524 τὸ
168 2457 205 2524 δέ
227 2452 376 2544 δεύτερον
398 2455 567 2544 ἐπίτριτον
590 2454 745 2545 δεύτερον.

194 2561 288 2627 Haec
304 2563 375 2648 ipsa
388 2563 479 2646 origo
495 2562 669 2649 prohibuit,
686 2583 727 2626 ne
739 2562 878 2626 maiores
890 2563 1040 2627 licentias
1056 2563 1246 2627 admitteret

107 2666 203 2730 colon
224 2666 374 2730 ionicum
402 2657 637 2749 ἀνακλώμενον.
680 2665 730 2728 Ac
754 2665 899 2752 profecto
929 2667 956 2730 si
983 2666 1167 2731 accuratius
1195 2667 1244 2729 in·

107 2770 257 2857 spexeris
280 2791 336 2835 cos
355 2791 482 2851 versus,
506 2771 561 2855 qui
577 2770 701 2833 ionicos
724 2761 970 2853 ἀνακλωμένους
988 2773 1167 2852 continent,
1188 2792 1247 2858 ap·

105 2877 236 2965 parebit
256 2898 361 2963 paene
378 2899 490 2942 omnes
508 2876 687 2941 secundum
709 2878 933 2942 severissimas
955 2878 1047 2964 leges
1065 2901 1139 2944 esse
1156 2900 1245 2943 ccm-

105 2982 242 3066 positos.

193 3085 304 3150 Prima
326 3086 435 3151 ionico
459 3079 675 3172 ἀνανλκυμένῳ
697 3107 759 3150 usa
783 3092 834 3150 est
858 3084 1030 3172 Sappho:

616 3190 656 3256 ir.
682 3192 722 3254 58

328 3286 416 3375 ’Ἔχει
439 3290 498 3377 μέν
517 3286 718 3380 Ἀνδρομέδα
740 3288 844 3358 κάλαν
866 3285 1020 3378 ἀμυίβαν.

194 3745 433 3831 Hephaestion,
450 3746 505 3830 qui
522 3745 554 3808 in
572 3751 720 3809 extremo
735 3743 841 3831 capite
856 3740 932 3828 περὶ
944 3742 1009 3807 τῶν
1021 3734 1089 3806 κατ’
1104 3733 1247 3807 ἀντιπά-

106 3856 208 3918 acar
222 3846 345 3934 μίξεων
367 3873 398 3938 p.
412 3855 463 3915 46.
481 3854 520 3915 47
544 3851 604 3916 hos
628 3873 742 3916 versus
764 3849 873 3928 tradit,
897 3849 1065 3935 epionicos
1082 3850 1246 3914 trimetros

105 3956 309 4022 acatalectoa
347 3964 457 4021 vocat:
499 3948 726 4039 ἀνακλωμένου
761 3953 797 4020 δέ
834 3947 925 4032 ὄντος
963 3945 1077 4031 αὐτοῦ,
1120 3977 1247 4039 προτα-

104 4064 230 4144 χθεῖοα
270 4055 408 4149 λαμβικὴ
442 4055 606 4147 ἑξάοημος
635 4054 658 4148 ἢ
685 4053 876 4145 ἓνττάσημος
910 4059 1004 4122 ποιεῖ
1030 4052 1069 4121 τὸ
1096 4058 1247 4123 τοιοῦτον
1296 4143 1302 4155 .

105 4164 193 4251 (scil.
213 4158 253 4228 τὸ
276 4154 333 4226 ἀπ’
359 4158 531 4241 ἐλάττονος
559 4156 735 4227 ε’ττιωνικδν
756 4157 927 4246 τρίμετρον
949 4151 1181 4247 ἀκατάληκτον,
1206 4160 1246 4224 de

105 4289 171 4355 quo
195 4265 293 4330 modo
316 4265 425 4352 dixit),
448 4255 519 4332 οἷον
541 4261 634 4351 παρὰ
660 4268 799 4352 Σαπφοῖ
823 4285 911 4350 seqq.
934 4264 972 4329 fr.
989 4266 1039 4328 58.
1059 4268 1113 4338 59;
1136 4265 1246 4351 paullo

1008 4369 1038 4422 ll
