2962 4800
219 257 258 318 12
467 342 469 346 ι
747 259 815 343 [ra]

217 447 365 532 quodque
396 448 607 514 sacerdotium
637 472 709 515 cum
742 451 820 516 alias
854 451 1009 516 vendendi
1046 453 1277 520 condiciones
1314 466 1382 521 tum

217 551 303 614 illam
327 555 373 629 (v.
402 555 476 633 107)
500 552 673 639 descriptas
704 554 800 619 fuisso
823 563 920 640 puto;
954 555 1088 620 venditis
1114 557 1247 623 deinde
1273 581 1381 625 sacer·

218 656 312 721 dotiis
335 662 430 740 atquc
454 664 631 742 emptorum
655 659 886 745 praediumque
909 659 1088 724 nominibus
1116 662 1236 726 eidem
1264 686 1379 730 exem·

216 760 298 843 plari
320 759 435 823 additis
458 762 570 825 titulus
600 765 644 826 ita
672 772 741 828 crat
772 764 994 845 conficiendus,
1025 772 1061 826 ut
1091 785 1214 830 omnes
1251 769 1377 852 ubique

218 864 418 928 condiciones
455 867 685 931 omitterentur.
736 866 803 930 Illis
837 866 919 929 enim
954 869 985 929 in
1019 868 1125 931 verbis
1159 871 1377 954 explicandis

217 967 309 1032 valde
333 969 450 1032 erravit
465 969 618 1053 Rayetus,
636 972 724 1034 cuius
746 971 935 1034 sententiam
951 971 1250 1056 Dittenbergerusl
1277 975 1373 1060 sequi

218 1071 351 1138 videtur.
398 1072 444 1138 cf.
469 1073 549 1137 iufra
571 1097 601 1158 p.
626 1076 677 1139 20.

320 1176 450 1241 Summa
479 1180 560 1242 inest
592 1178 762 1243 difficultas
792 1181 823 1242 in
854 1180 937 1244 tituli
967 1180 1143 1260 clausula,‘²
1175 1202 1268 1265 quae
1300 1205 1369 1268 quo

218 1286 352 1364 spectet,
376 1281 460 1345 haud
483 1282 576 1347 facile
599 1292 782 1366 cognoscas:
819 1283 912 1346 Unde
932 1282 1096 1367 praedium
1112 1304 1214 1348 causa
1231 1286 1368 1351 titulum

220 1391 383 1449 exaratum
407 1409 477 1451 esse
501 1389 556 1468 ita,
579 1395 614 1451 ut
637 1389 697 1452 nisi
719 1410 757 1453 oa
779 1387 964 1468 sacerdotia,
987 1407 1123 1472 quorum
1147 1391 1258 1472 pretia
1284 1411 1368 1454 non·

219 1487 296 1553 dum
329 1492 392 1555 siut
425 1493 601 1576 persoluta,
635 1493 722 1555 nulla
758 1492 920 1573 exhibeat,
955 1511 1030 1555 cave
1053 1491 1243 1557 concludas.
1292 1493 1365 1560 Nec

217 1592 371 1678 lapicidae
395 1596 493 1660 errori
517 1595 567 1659 hic
590 1618 702 1660 versus
724 1595 912 1659 tribuendus
936 1601 992 1660 est.
1037 1595 1139 1658 immo
1172 1602 1250 1677 post
1281 1624 1363 1677 πρα-

219 1698 348 1779 dadam
379 1721 532 1763 summam
568 1700 725 1785 quandam
760 1697 969 1784 supplendam
1004 1719 1072 1763 esse
1106 1719 1239 1782 censeo,
1274 1722 1362 1784 quae

218 1804 324 1866 nescio
349 1825 413 1888 qua
435 1824 531 1867 causa
552 1824 572 1866 a
593 1803 763 1887 praedibus
786 1808 896 1866 coacta
918 1803 967 1867 sit.

321 1907 430 1993 Atque
453 1909 546 1973 etiam
571 1909 625 1993 qui
647 1908 780 1992 primam
804 1907 886 1969 tituli
919 1912 1043 1991 partem
1073 1905 1223 1986 confecit,
1252 1906 1287 1969 in
1321 1928 1361 1970 ea

218 2011 317 2073 semel
339 2033 487 2097 peccasse
510 2011 647 2076 videtur.
684 2010 966 2094 Interrumpuntur
989 2009 1127 2092 quidem,
1151 2028 1236 2091 quae
1258 2011 1359 2074 sacri·

219 2114 313 2178 ficulo
330 2114 545 2179 Phanotinro3
568 2115 647 2177 fiunt
670 2111 891 2189 ὃιοοοστάσεις,
915 2111 1099 2176 sacerdotiis
1114 2133 1197 2175 anno
1213 2111 1360 2176 Hermo-

222 2216 307 2280 cliti⁴
341 2218 506 2282 sacrificuli
540 2217 684 2283 venditis.
742 2217 856 2301 Neque
887 2218 970 2280 enim
1002 2216 1169 2280 verisimile
1205 2223 1265 2296 est,
1301 2224 1359 2281 aut

221 2320 280 2383 sub
303 2327 440 2406 utroque
455 2322 646 2387 Phanotimo
669 2329 794 2405 praeter
810 2319 1022 2396 ὃιοσοστάσεις
1038 2319 1235 2384 venditiones
1252 2319 1358 2384 factas

221 2445 291 2489 esse
315 2426 416 2490 nullas
448 2434 503 2490 aut
537 2427 670 2490 eundem
703 2427 910 2490 sacrificulum
942 2425 1058 2490 iterum
1088 2422 1204 2487 adiisse
1237 2445 1359 2488 munus

221 2529 395 2593 iterationis
419 2531 508 2614 signo
534 2532 659 2608 omiss03
690 2537 756 2593 tum
781 2537 930 2614 utroque,
963 2528 1003 2590 de
1038 2547 1100 2611 quo
1132 2526 1249 2610 agitur,
1283 2528 1358 2591 loco

220 2633 351 2716 pluralis
384 2635 554 2699 numerus⁵
586 2642 766 2721 usurpatur,
801 2652 992 2718 quamquam
1025 2631 1148 2715 singula
1172 2629 1358 2695 sacerdotia

221 2745 518 2802 commemorantur.

325 2840 419 2905 Nunc
442 2843 504 2938 iapn
527 2841 567 2905 ad
591 2865 621 2906 v.
640 2844 676 2904 11
702 2862 769 2925 sqq.
793 2862 850 2905 nos
873 2847 1111 2903 convertamus:
1133 2857 1230 2920 quem
1245 2837 1357 2901 locum

220 2946 265 3010 ita
288 2946 376 3009 dedit
391 2946 506 3030 Rayet.
524 2946 605 3011 Rev.
622 2946 708 3010 arch.
728 2943 881 3009 XXXIII
897 2964 928 3026 p.
947 2944 1022 3005 109:
1046 2936 1206 3023 ἐγγυητὴς]
1227 2944 1360 3023 Πρηξᾶς

224 3047 389 3130 Εὐβούλου,
414 3053 462 3113 καὶ
485 3048 648 3130 ὲπεπροίθη
669 3050 673 3128 l
694 3048 732 3130 [ρ’
749 3101 755 3112 .
775 3100 781 3113 .
800 3099 806 3111 .
822 3047 846 3129 ,]
870 3045 999 3110 ἕποῖνιον
1013 3045 1046 3122 ε’,
1066 3042 1235 3121 Ἠράκλεος
1257 3042 1360 3109 Ἀντι-

221 3151 576 3236 πάτοο[ο,1ἐγγοητ]η“ς
614 3151 786 3235 Ἐπίκουρος
825 3149 1002 3235 Στεφάνουε
1048 3147 1183 3212 eundem
1228 3148 1361 3213 Ditten·

222 3257 373 3340 bergerus
404 3259 424 3321 l.
449 3278 475 3320 c.
498 3258 556 3319 ita:
602 3306 609 3319 .
635 3306 641 3319 .
667 3306 672 3316 .
699 3254 721 3338 .]
757 3257 881 3335 Πρηξᾶς
916 3250 1074 3334 Εὐβούλου
1107 3252 1155 3312 καὶ
1188 3252 1363 3336 ἐπεπράθη

224 3410 426 3426 .......
661 3357 787 3422 ἐπώνιον
831 3357 863 3420 a'.
906 3354 1091 3434 Ἡρακλέος·
1137 3353 1364 3442 Ἀντίπατρο[ς

222 3471 279 3527 τοῦ
309 3469 403 3541 δεῖνος
434 3471 496 3528 κτλ.
541 3455 648 3549 Atque
682 3462 948 3543 Dittenbergerus
979 3458 1128 3524 solitum⁶
1162 3463 1262 3543 atquc
1296 3465 1365 3528 usi·

327 3642 335 3674 ¹
355 3641 392 3691 of.
405 3639 431 3691 S.
445 3641 465 3691 I.
480 3639 512 3691 G.
526 3639 619 3693 37026:
651 3637 813 3703 „ignoratur
834 3637 860 3686 in
880 3633 1044 3699 praesentia,
1062 3639 1153 3684 utrum
1172 3632 1208 3682 sit
1221 3636 1366 3691 sacerdos

223 3741 316 3777 necne.
353 3726 444 3786 Quare
463 3725 644 3777 sacerdotium
663 3740 696 3774 ea
719 3722 880 3773 condicione
900 3719 981 3783 venit,
1006 3723 1035 3769 ut
1059 3717 1182 3783 prolium,
1208 3720 1231 3769 si
1261 3734 1367 3787 postea

223 3820 388 3878 compertum
403 3813 438 3864 sit
451 3829 510 3864 csse
522 3810 702 3871 sacerdotem,
715 3808 750 3861 ad
763 3809 834 3859 huno
848 3806 1000 3873 pervoniat,
1013 3805 1054 3855 sin
1067 3805 1163 3863 minus.
1177 3806 1205 3855 in
1220 3811 1369 3864 aerarium

223 3898 362 3964 publicum
381 3896 544 3964 redigatur.“

326 3986 337 4020 ²
355 3985 389 4038 ol.
409 4004 433 4037 v.
455 3984 517 4037 lssss:
554 3980 658 4054 dyydiala
676 3981 797 4050 ἶερητοοῖν
814 3980 863 4033 τῶν
881 3974 1042 4046 πραθειο[ὦν.

327 4069 391 4122 ³cl.
411 4087 434 4122 r.
455 4071 487 4124 13
504 4087 563 4137 sqq.
582 4067 616 4122 36
633 4084 692 4135 sqq.

328 4158 391 4208 ⁴ol.
411 4174 435 4208 r.
451 4156 484 4207 24
503 4171 561 4223 sqq.

329 4242 391 4294 5οἵ.
410 4257 434 4293 r.
456 4241 488 4295 13
505 4258 545 4309 sq.
563 4239 611 4294 36:
648 4238 811 4298 διασοστάοος
830 4236 957 4304 ἱεροποιῶν.

326 4328 389 4381 tot.
408 4345 432 4396 p.
451 4327 475 4381 b.
