2962 4800
662 305 730 391 [aa]
1220 311 1260 376 aa

127 492 278 588 temporis
302 503 462 566 notionem
487 501 628 567 adderet.
674 501 789 587 Itaque
812 524 882 566 cnm
906 524 1007 587 neque
1024 504 1054 566 in
1072 504 1260 587 praeceden-

126 608 210 672 tibus
241 608 345 672 verbis
380 608 547 691 quicquam
579 605 665 690 quod
699 605 738 668 ad
770 609 921 692 temporis
953 608 1115 672 notionem
1151 608 1259 672 defini-

126 713 241 776 endam
265 712 415 777 idoneum
439 711 478 774 sit
500 711 635 793 legatur,
660 730 764 794 neque
788 712 887 774 ullum
907 713 1059 797 temporis
1075 711 1260 775 adverbium

126 815 166 879 ad
190 814 314 879 dicendi
337 814 472 880 verbnm
494 815 651 878 adiectum
676 816 725 893 sit,
749 813 851 878 forma
876 816 992 878 dicerit
1024 815 1114 879 nimis
1144 835 1260 896 anceps

126 920 225 983 videri
251 919 378 999 debuit;
403 939 474 981 nam
498 918 525 981 si
548 918 663 981 dicerit
685 919 862 1002 scripsisset
878 920 1021 998 Plautus,
1044 921 1127 983 banc
1149 940 1190 983 ex
1206 920 1259 982 illo

126 1026 290 1088 enuntiato
314 1023 427 1087 elicere
451 1023 643 1086 sententiam
659 1029 805 1106 poteras:
827 1044 930 1087 vocam
952 1045 1008 1107 cpe
1031 1031 1059 1087 tc
1083 1024 1260 1104 edoceam,

125 1130 160 1190 ui
179 1127 266 1208 forte
278 1126 347 1208 flet,
370 1133 404 1189 ut
425 1126 533 1205 frater
557 1146 643 1188 meus
666 1126 792 1190 dicerit.
840 1127 976 1210 Propter
1007 1128 1064 1191 has
1097 1148 1175 1212 quas
1205 1149 1260 1192 ex·

126 1233 217 1314 posui
247 1252 358 1295 causas
389 1231 523 1293 Plautus
553 1231 867 1315 plusquamperfecto
897 1232 1028 1296 elisisset
1059 1235 1104 1296 uti
1138 1232 1259 1312 maluit,

126 1357 208 1420 quaa
238 1334 339 1398 forma
369 1333 479 1399 formis
505 1334 584 1396 dicit
614 1322 663 1398 vel
689 1335 814 1398 diceret
837 1335 1024 1419 respondet,
1056 1343 1092 1399 ut
1108 1328 1154 1401 'ne
1183 1335 1258 1420 quid

125 1441 264 1523 ambigui
297 1441 328 1503 in
366 1440 508 1503 oratioue
540 1439 665 1503 inesset.
724 1437 835 1503 Vocem
872 1447 979 1503 auteur
1022 1440 1258 1503 coniunctivum

123 1544 307 1628 praesentis,
337 1563 401 1607 non
424 1563 566 1606 nocerem
595 1542 703 1606 tribuit
726 1543 859 1607 Plautus
889 1543 917 1607 ei
947 1563 1026 1627 quae
1056 1544 1153 1608 verbe
1183 1543 1260 1606 facit

124 1669 289 1733 personae,
312 1648 386 1731 quia
408 1647 487 1710 haec
512 1647 551 1710 de
573 1653 717 1730 ternpore
747 1647 884 1731 quodam
908 1649 1038 1730 cogitat,
1069 1648 1151 1732 quod
1179 1657 1258 1711 tarn-

124 1743 218 1836 qu‘am
242 1761 316 1816 ante
339 1754 440 1836 ipsam
463 1753 556 1815 situm
581 1759 639 1833 est,
664 1773 726 1814 non
749 1762 821 1835 post
845 1754 953 1835 ipsam.

227 1856 337 1920 Altera
360 1863 466 1920 autern
491 1856 551 1937 via,
575 1877 636 1941 qna
656 1856 957 1940 plusquamperfecti
974 1856 1163 1921 coniunctiui
1180 1878 1256 1921 usus

125 1969 379 2040 commutaretur,
411 1980 448 2022 ea
471 1959 546 2023 mihi
570 1959 668 2024 fuisse
696 1960 829 2037 videtur,
861 1969 896 2023 ut
920 1963 1139 2025 coniunctivus
1173 1962 1257 2044 plns-

122 2064 351 2148 quamperfecti
375 2065 489 2128 sensim
514 2064 598 2126 vices
622 2064 811 2127 coniunctivi
827 2063 1003 2147 imperfecti
1026 2070 1144 2147 ageret,
1169 2074 1256 2150 post·

123 2188 217 2251 qnam
235 2169 285 2231 hic
309 2169 413 2250 coepit
437 2168 475 2230 ad
501 2167 715 2231 condicionem
742 2169 969 2252 inpraesentia
987 2169 1257 2252 valentemsigni·

122 2272 277 2336 ficaudem
293 2273 447 2356 usurpari.
486 2271 566 2335 Nam
584 2272 677 2335 etiam
694 2273 723 2335 in
743 2273 855 2356 eisqui
874 2273 934 2336 buc
950 2275 1110 2356 pertinent
1132 2272 1256 2336 casibus

121 2398 218 2462 saepe
249 2377 441 2459 ambiguitas
464 2377 644 2440 necessario
675 2377 874 2455 nascebatur,
905 2398 999 2461 quam
1024 2385 1058 2441 ut
1087 2379 1256 2455 evitarent,

121 2481 321 2545 coniunctivo
354 2480 655 2565 plusquamperfecti
692 2481 873 2545 maluerunt
907 2481 1042 2545 Romani
1077 2482 1123 2544 uti
1161 2500 1253 2564 qnam

122 2585 321 2648 coniunctivo
344 2583 528 2669 imperfecti.
1106 2642 1109 2648 ,

224 2688 370 2772 Denique
392 2687 612 2771 potentissima
643 2687 696 2749 illa
724 2689 902 2771 linguarum
932 2686 1133 2766 dominatrix,
1159 2708 1254 2770 quam

119 2787 282 2872 ἀναλογίαν
305 2790 461 2854 vocabant
478 2789 602 2869 Gracci,
625 2792 747 2876 etipsa
771 2791 909 2874 aliquam
932 2800 1056 2874 partem
1080 2792 1148 2854 eins
1178 2798 1254 2854 tem-

120 2915 230 2978 porum
255 2893 507 2957 commutationis
531 2896 670 2977 suscepit
694 2895 901 2979 perfecitque.

221 2995 289 3061 Nec
312 2997 506 3061 dissimiliter
529 2998 717 3061 coniunctivi
750 2999 923 3082 imperfecti
955 3020 1033 3062 usus
1062 2999 1106 3062 ita
1136 3000 1252 3063 sensinr

118 3104 324 3166 mutationem
348 3122 461 3185 passus
484 3109 540 3179 est,
572 3109 607 3165 nt
629 3100 708 3165 haee
731 3102 834 3164 forma
856 3102 896 3164 ad
928 3103 1105 3185 praesentis
1136 3104 1253 3186 signifi·

118 3206 272 3269 caticncm
296 3204 509 3270 delaberetur.
556 3206 681 3270 Etenim
705 3208 803 3271 verba
825 3209 853 3270 si
876 3206 1015 3286 babeam,
1047 3207 1115 3270 dam
1138 3214 1170 3270 et
1192 3208 1252 3271 lroc

117 3310 293 3392 significare
325 3317 487 3393 poterant:
521 3310 551 3373 'si
583 3310 664 3374 forte
688 3311 732 3387 lit,
763 3320 799 3374 ut
829 3333 912 3375 nunc
945 3312 1077 3374 habeam
1109 3309 1190 3392 (sive
1220 3333 1254 3375 re

118 3435 193 3478 vera
216 3414 251 3476 fit
273 3413 340 3477 sive
363 3435 424 3478 non
449 3411 508 3496 fit)'
530 3423 562 3477 et
585 3416 661 3478 hoc:
685 3413 718 3477 ‘si
740 3416 823 3480 forte
846 3417 891 3495 fit,
916 3423 950 3478 nt
973 3414 1083 3479 futuro
1111 3422 1252 3500 tempore

116 3513 269 3580 habeam'.
315 3517 423 3581 Sicubi
446 3519 525 3584 haec
548 3540 642 3603 quam
665 3522 841 3604 posteriore
864 3520 935 3583 loco
953 3520 1045 3603 posui
1061 3519 1251 3602 significatio

115 3621 213 3685 futuri
237 3623 387 3707 temporis
410 3622 609 3686 excludenda
632 3623 808 3688 videbatur.
834 3629 889 3686 eut
911 3624 957 3685 ita
978 3623 1041 3686 dici
1055 3628 1193 3707 poterat,
1217 3631 1252 3686 ut

115 3727 254 3809 escnrpli
278 3726 380 3808 gratia
403 3726 438 3789 fit
463 3727 494 3789 in
518 3727 688 3792 Asinariae
712 3728 881 3793 Plautinae
905 3747 933 3789 v.
960 3729 1020 3790 188
1044 3748 1106 3811 sq:

374 3829 410 3893 Si
432 3838 554 3894 ecastor
576 3852 680 3894 itanc
708 3831 831 3911 babeas,
861 3832 941 3914 quod
972 3832 1034 3911 dcc,
1067 3833 1132 3895 elie
1160 3831 1250 3895 uerba

952 3934 1147 4017 praeniteas.

372 4036 488 4101 Nem
520 4040 616 4122 quin
646 4039 708 4102 eil
740 4038 879 4118 bobes,
910 4039 1084 4102 rnalcdictis
1118 4045 1146 4101 te
1182 4058 1249 4101 caru

830 4143 962 4206 dotatore
982 4145 1126 4225 postules
1135 4163 1147 4223 ;

113 4254 168 4310 aut
190 4247 245 4323 ita,
270 4252 303 4308 ut
325 4247 355 4309 in
382 4245 522 4310 eiusdem
545 4254 660 4332 potitae
685 4246 883 4315 Curculionis
908 4268 935 4311 v.
957 4251 1015 4310 164
1040 4246 1159 4311 factum
1177 4267 1246 4312 esso

118 4351 252 4429 videtur,
275 4350 328 4414 ubi
353 4350 432 4414 haec
455 4352 604 4436 leguntur
630 4352 740 4416 verba:
