2948 4808
554 296 767 357 ..41-

92 478 267 550 Λνκίσκοα
291 476 446 570 ἄρχοντος
469 482 699 563 &acclamante
721 484 777 550 καὶ
802 483 1067 575 στεφανωθέντες
1088 478 1156 550 lind
1172 484 1231 550 aori

92 582 198 676 δήμου
226 590 285 654 τοῦ
311 582 499 676 Ἀθηναίων
527 587 735 677 δικαιοσύνης
763 589 864 656 ἕνεκα.
910 591 991 656 Inde
1022 613 1087 655 non
1118 590 1229 654 dubito

93 693 169 777 quin
193 700 282 758 reete
307 691 597 757 c.1.A.117410
622 696 659 757 13
684 715 703 757 a
726 693 893 760 Koeblero
919 696 1076 758 insertum
1100 694 1142 758 sit
1167 687 1231 782 [Ἔχ

97 793 243 882 opulans
254 791 348 882 παρὰ
363 791 566 883 [ἱεροποιῶν
579 792 695 878 (χίλιαι
712 792 828 863 ἑκατὸν
843 792 1044 886 ὀγδοήκοντα
1061 802 1176 882 τρεῖς·
1189 797 1229 882 -),

93 899 245 985 idemque
262 899 340 966 ib.d
357 904 376 963 6
392 898 609 985 supplendum
627 902 669 965 sit
682 894 736 983 Ἔχ
755 900 888 988 epau
904 897 1009 989 [παρὰ
1032 898 1229 988 ἱεροποιῶν]

177 1000 210 1085 ζ)
250 1002 572 1089 Quinquennalia
604 1026 720 1069 sacra
755 1006 797 1069 ab
839 1003 1022 1091 ἔεροιιοιοῖς
1059 1011 1232 1092 procurata

93 1112 260 1170 enumerat
295 1107 414 1171 Pollux
438 1106 521 1170 VIII
549 1110 624 1187 107,
663 1129 759 1193 quem
798 1111 905 1174 locum
937 1131 1035 1195 supra
1069 1113 1142 1196 pb
1171 1131 1230 1174 ex-

93 1210 220 1295 scripsi.
265 1209 316 1275 De
341 1210 392 1274 his
416 1211 519 1275 fusius
543 1212 645 1276 verba
667 1211 819 1276 facienda
843 1219 927 1279 sunt.
978 1213 1088 1297 Atque
1118 1213 1232 1277 ultima

92 1320 194 1384 verba
216 1313 275 1408 τὴν
293 1311 450 1383 Ἐλευσῖνι
474 1318 607 1381 minime
631 1318 673 1381 ad
696 1339 815 1401 magna
838 1320 994 1403 mysteria
1016 1325 1130 1404 utpote
1147 1340 1231 1404 quae

94 1445 202 1489 annua
229 1424 350 1488 fuerint
373 1421 546 1487 referenda
569 1442 642 1486 esse
666 1428 755 1486 recte
780 1423 915 1508 exponit
938 1422 1174 1487 Mommsenius
1199 1423 1231 1486 in

93 1529 228 1594 heortol.
258 1551 288 1615 p.
306 1530 378 1593 243.
429 1527 522 1590 Idem
552 1525 627 1590 inde
657 1527 844 1611 agnoscitur
874 1527 958 1612 quod
989 1527 1122 1612 reliquis
1146 1549 1229 1613 quae

98 1637 333 1698 enumerantur·
362 1631 461 1695 sacris
490 1629 784 1716 quinquennalibus
808 1631 985 1695 auctoritas
1010 1636 1080 1695 crat
1103 1631 1229 1695 illorum

95 1739 290 1802 auctoritate
312 1736 415 1800 multo
433 1735 573 1800 inferior.
612 1735 682 1799 Iam
706 1735 889 1817 Proerosia,
914 1757 997 1821 quae
1015 1737 1086 1820 ipsa
1102 1756 1231 1821 quoquo

93 1842 250 1907 Eleusine
268 1841 529 1919 celebrabantur,
546 1839 720 1904 statuenda
736 1861 810 1905 esse
831 1840 1043 1926 probabiliter
1059 1841 1232 1927 opinantur

94 1946 331 2012 Mommsenius
345 1945 422 2012 ibid.
437 1949 538 2031 pale
552 1945 625 2010 adn.
641 1948 703 2008 243
715 1966 854 2031 eumque
868 1952 998 2010 secutus
1016 1945 1231 2010 Stoientinius

94 2052 133 2116 de
159 2052 235 2116 Iulii
259 2051 403 2116 Pollucis
432 2051 465 2114 in
488 2049 576 2136 publ.
601 2050 722 2115 Athen.
746 2056 812 2115 ant.
838 2051 1010 2115 enarrand.
1035 2051 1231 2115 auctoritate

93 2177 125 2241 p.
142 2157 194 2220 36.
250 2154 356 2240 Atque
388 2154 625 2218 Mommsenius
655 2153 735 2217 haee
770 2175 862 2219 saera
891 2174 965 2219 eum
997 2154 1112 2219 eodem
1137 2154 1232 2219 modo

94 2281 156 2344 quo
189 2258 287 2323 Delia
322 2258 471 2344 primitus
508 2259 682 2343 quotannis
717 2265 791 2322 aeta
825 2257 889 2320 sint
932 2257 1102 2344 paullatim
1138 2259 1231 2342 quin-

93 2364 269 2448 quennalia
300 2363 389 2427 facta
420 2383 495 2427 esse
527 2363 698 2426 coniectat.
757 2360 874 2446 Neque
906 2385 925 2426 a
953 2384 1032 2427 vero
1063 2362 1140 2426 mihi
1172 2362 1229 2426 ab·

17 2537 19 2539 ,
91 2467 222 2532 horrere
257 2467 385 2531 videtur
419 2467 481 2531 hoe
513 2466 565 2532 die
602 2468 688 2532 festo
723 2471 910 2534 immolasse
944 2470 1141 2535 sacrificulos
1176 2491 1231 2533 eas

92 2571 218 2636 hostias
242 2571 359 2656 quibus
389 2570 584 2635 reducendis
614 2571 759 2658 ephebos
784 2573 912 2638 Atticos
936 2596 1070 2661 operam
1103 2573 1231 2639 dedisse

94 2675 210 2740 docent
233 2675 296 2740 titt.
320 2675 355 2740 O.
375 2675 401 2737 l.
417 2674 456 2738 A.
482 2674 590 2739 11471
619 2698 665 2740 vs.
682 2680 798 2757 9-10,
823 2681 883 2741 467
910 2700 953 2743 vs.
974 2681 1024 2744 28.

182 2778 284 2842 Sacra
305 2779 370 2843 τῶν
381 2771 585 2863 Ἡρακλείων
602 2782 634 2843 in
650 2780 815 2845 Heracleo
832 2781 1037 2847 Marathonio
1054 2784 1142 2846 facta
1158 2803 1231 2846 esse

94 2890 167 2971 post
189 2883 372 2948 Cominium
396 2884 469 2948 fast.
487 2883 587 2948 Attio.
604 2884 639 2948 ΙΙ
656 2907 685 2971 p.
701 2888 762 2948 336
787 2885 964 2951 arbitratur
978 2886 1232 2952 Lenormantius

95 2988 263 3053 recherch.
281 2987 422 3053 archdol.
447 2988 466 3051 h
487 2987 616 3054 Eleusis
631 3011 661 3075 p.
680 2991 741 3052 280
766 3011 837 3053 eam
863 2990 904 3054 ob
928 3012 1005 3070 rem,
1029 2991 1104 3076 quia
1128 2991 1160 3053 in
1183 2990 1231 3053 in-

98 3099 270 3185 scriptione
295 3095 487 3160 Marathone
512 3101 645 3182 reperta
669 3089 833 3180 ἱερονιοιοί
857 3095 1024 3178 leguntur:

476 3250 609 3264 ......
633 3197 690 3263 καὶ
714 3194 855 3263 Διναίου

225 3306 369 3389 ὁδεῖνα]
394 3300 581 3370 Ιοοκλείδον
605 3355 790 3369 ........

226 3410 243 3476 ὁ
266 3407 369 3495 δεῖνα]
396 3459 530 3474 ......
554 3433 608 3487 νος
634 3403 848 3493 Τρικορῦσιος

226 3514 244 3580 ὁ
266 3513 357 3579 δεῖνα
377 3506 582 3599 ’Avdloaidov
607 3514 648 3596 (l)
673 3507 917 3598 lllopodcdvclog

226 3619 244 3685 ὁ
266 3616 368 3705 δεῖνα]
395 3669 479 3683 ....
503 3612 605 3682 σάλον
626 3611 832 3704 Οἱναιήσιο[ς

228 3775 235 3790 .
253 3775 260 3789 .
278 3774 310 3788 ..
335 3718 421 3808 τοὺς]
446 3716 633 3806 ἱεροποιοὺς
658 3718 726 3806 [καὶ
751 3716 996 3806 Παν]έλλ[ηνας]
1022 3741 1095 3782 νικα
1112 3768 1119 3782 .
1137 3768 1143 3781 .
1161 3765 1169 3782 .

185 3830 251 3894 Sed
275 3849 347 3892 cum
369 3848 466 3890 versu
490 3826 592 3890 altero
613 3845 725 3888 vocem
743 3822 1067 3887 ΠΡΟΒΑΛΙΣΙΟΣ
1079 3820 1253 3907 suppleo?

101 3934 172 3997 dam
202 3955 275 3997 esse
307 3929 462 3995 credibile
493 3931 533 3993 sit
562 3952 604 3993 cx
626 3928 834 3992 Lenormanti
867 3926 1036 4011 opinione,
1067 3925 1234 3990 hominum

101 4044 251 4122 quattuor
284 4037 447 4101 demotica
482 4036 534 4100 bie
576 4040 690 4099 extant
731 4056 813 4118 quae
849 4033 890 4097 od
925 4054 1028 4117 pagos
1066 4034 1235 4118 tetrapolis
1346 4093 1349 4101 .

102 4142 228 4205 Atticae
262 4141 437 4227 pertinent.
492 4140 582 4236 Quos
620 4161 710 4204 suos
747 4137 947 4202 sacrificulos
981 4136 1135 4201 habuisse
1170 4138 1233 4201 iam

105 4250 229 4310 constat
260 4265 302 4309 ex
331 4245 379 4308 tit.
407 4243 514 4309 Mitth.
545 4242 595 4306 III
624 4266 653 4330 p.
679 4245 753 4305 261:
793 4243 847 4326 qui
879 4240 976 4305 iidem
1008 4242 1083 4326 quin
1114 4241 1172 4304 hoc
1202 4242 1235 4303 in
