3030 4816
672 311 763 397 [341]
1244 316 1287 381 cc

153 524 216 568 non
240 505 421 569 stetissent:
444 504 528 589 quod
553 526 648 589 quam
669 504 807 570 alienum
831 506 871 570 sit
893 506 935 571 ab
957 506 1055 592 ipsius
1071 507 1200 572 oonsilio
1218 528 1287 572 ver·

147 607 260 690 bisque
282 607 549 691 praecedentibus
571 628 639 673 mea
662 630 763 674 caasa
787 630 918 674 causam
932 611 1065 693 accipite
1080 631 1125 695 sq.
1149 609 1285 696 (Hecyr.

149 713 230 797 prol.
263 710 295 776 ll
327 734 358 778 v.
389 710 462 794 47),
491 719 604 798 sponte
636 719 778 798 apparet.
831 713 914 778 Nam
944 735 1079 800 quarum
1108 715 1286 780 aestimatio

147 822 359 902 spectatorum
387 818 504 902 plausu
535 818 744 903 comprobata
776 823 857 901 erat,
890 839 1001 883 earum
1031 825 1118 884 certe
1149 819 1286 904 pretium

147 922 235 986 nullo
258 928 351 1006 pacto
376 921 590 1006 repetebatur.
635 922 738 1007 Atqui
762 921 860 986 verba
882 921 1024 987 Ambivii
1046 922 1078 987 in
1103 923 1283 987 universum
1372 946 1376 954 ·

146 1025 255 1090 valent
286 1030 319 1088 et
349 1025 489 1089 maxime
524 1025 564 1088 de
594 1024 697 1107 novis,
732 1028 823 1109 quas
843 1025 977 1110 probare
1011 1026 1131 1110 populo
1167 1026 1285 1110 cupiat.

146 1128 263 1214 Itaque
291 1148 332 1192 ne
361 1127 546 1192 Ruhnkenii
575 1128 701 1213 quidem
733 1128 855 1193 ratione
878 1129 1014 1192 multum
1038 1129 1209 1212 proficitur,
1232 1129 1286 1213 qui

147 1231 203 1315 (ad
227 1231 309 1297 Hec.
333 1232 414 1316 prol.
438 1233 473 1296 ΙΙ
497 1255 527 1297 v.
551 1232 620 1312 49),
653 1232 727 1296 licet
759 1234 948 1317 plerumque
978 1231 1098 1296 aediles
1122 1254 1149 1296 a
1180 1234 1286 1318 poetis

145 1335 271 1400 fabulas
293 1336 436 1418 emerint,
460 1336 632 1422 aliquando
656 1343 765 1403 tamen
788 1343 911 1402 actores
935 1358 1063 1423 quoque
1078 1336 1206 1402 fabulas
1221 1359 1280 1403 suo

145 1439 248 1525 pretio
272 1439 387 1505 emisse
411 1461 453 1506 ex
474 1437 636 1506 Iuvenalis
659 1448 718 1506 sat.
742 1440 808 1505 VII
832 1445 872 1506 st

274 1620 388 1686 Esurit
410 1623 562 1686 intactam
586 1622 706 1688 Paridi
727 1624 790 1687 nisi
813 1624 921 1688 cendit
945 1623 1080 1708 Apacea

146 1795 228 1861 effici
251 1795 334 1859 vult:
356 1795 428 1860 loco
447 1801 577 1881 propter
596 1797 696 1882 ipsam
713 1798 865 1883 temporis
881 1797 1035 1861 rationem
1058 1798 1099 1863 ab
1116 1820 1165 1882 eo,
1189 1819 1283 1882 quem

146 1905 329 1980 tractamus,
356 1900 559 1966 alienissimo.

248 2028 416 2115 Equidem,
446 2051 520 2095 num
544 2051 657 2095 verum
680 2030 720 2095 sit
751 2030 841 2109 illud,
874 2031 1124 2097 aestimationem
1155 2031 1285 2098 fabulae

147 2139 283 2200 exactae
305 2154 325 2197 a
347 2133 475 2198 domino
499 2135 608 2219 gregis
639 2135 741 2220 repeti
769 2135 895 2200 solitam
926 2147 1006 2218 esse,
1037 2135 1067 2200 in
1099 2134 1204 2200 medio
1235 2157 1284 2200 re·

144 2240 272 2324 linquo:
297 2246 383 2303 certe
400 2238 499 2302 verba
514 2235 624 2323 ‘pretio
642 2245 765 2324 emptas
782 2239 861 2304 meo'
876 2260 940 2304 non
956 2239 996 2303 ad
1013 2240 1149 2326 pretium
1165 2247 1281 2324 poetae

144 2343 342 2429 persolutum
369 2342 506 2407 arbitror
528 2342 696 2408 referenda
719 2363 789 2409 esse
811 2342 913 2429 (quod
931 2345 972 2409 ab
988 2343 1144 2409 aedilibus
1160 2343 1283 2409 facturn
1336 2346 1338 2349 ’

21 2455 29 2478 “
144 2470 214 2513 esse
236 2446 394 2530 constat),
426 2446 484 2513 sed
514 2448 621 2535 potius
648 2447 688 2511 ad
718 2447 899 2513 fabularum
929 2449 1073 2514 actiones
1105 2469 1124 2512 a
1155 2446 1282 2514 domino

143 2550 248 2637 gregis
280 2550 472 2636 redemptas.
519 2550 602 2614 Nam
634 2572 842 2637 quaecunque
875 2553 915 2616 ad
948 2553 1083 2617 actionis
1116 2552 1282 2616 scaenicae

145 2662 291 2722 ornatum
316 2662 350 2721 et
371 2662 571 2740 apparatum,
596 2655 636 2720 ad
659 2656 827 2721 histriones
849 2656 982 2722 alendos
1006 2661 1038 2721 et
1067 2653 1282 2736 instruendos,

143 2761 183 2826 ad
206 2761 268 2825 alia
291 2759 447 2825 eiusmodi
471 2761 646 2844 pertinent,
677 2780 715 2825 ea
738 2760 856 2826 aediles
879 2780 944 2826 non
968 2759 1093 2844 singula
1117 2758 1281 2841 curabant,

143 2886 252 2931 verum
277 2864 406 2928 domino
429 2864 537 2947 gregis
560 2864 605 2928 ita
627 2863 788 2947 locabant,
811 2870 846 2928 ut
869 2885 908 2928 ex
933 2870 1026 2949 pacto
1051 2869 1169 2929 certam
1197 2882 1282 2927 sum·

123 2991 226 3034 ‹mam
254 2970 284 3033 ei
312 2966 507 3052 penderent,
541 2967 628 3032 unde
660 2968 713 3033 ille
747 2975 893 3053 sumptus
925 2967 1058 3033 laceret.
1110 2966 1143 3031 Is
1173 2972 1281 3031 autem

141 3079 313 3159 apparatus
343 3066 507 3135 scaenicus
530 3091 603 3135 cum
636 3069 765 3135 domino
795 3071 902 3154 gregis
930 3070 1025 3135 etiam
1053 3069 1085 3134 in
1115 3073 1281 3155 posterum

140 3175 292 3241 inservire
314 3178 424 3259 posset
455 3173 497 3238 ad
526 3173 652 3238 fabulas
681 3175 798 3240 iterum
829 3174 1006 3258 iterumque
1039 3174 1107 3239 sive
1136 3173 1169 3236 in
1201 3171 1280 3237 urbe

140 3282 246 3346 Roma
269 3279 381 3345 sivein
396 3279 574 3363 municipiis
591 3277 752 3344 docendas
774 3278 829 3359 (cf.
845 3299 876 3364 p.
894 3278 949 3359 14)
973 3276 1092 3342 atinde
1113 3282 1279 3361 quaestum

140 3385 247 3450 lacere
280 3384 309 3449 ei
342 3384 468 3465 liceret,
509 3383 682 3448 verisimile
719 3390 768 3447 est
805 3384 837 3448 in
868 3383 939 3467 ipsa
970 3381 1192 3467 redemptione
1225 3381 1280 3446 illa

140 3509 268 3575 quoque
292 3487 381 3554 lucra
403 3508 444 3552 ex
467 3486 584 3552 fabulis
610 3493 643 3551 et
663 3486 742 3552 actis
768 3491 801 3551 et
826 3485 970 3570 repetitis
999 3485 1217 3551 redundatura
1247 3484 1278 3549 in

143 3614 273 3660 censum
297 3593 435 3658 venisse.
471 3590 594 3666 Quodsi
616 3590 727 3656 tabula
749 3611 812 3655 non
830 3591 978 3675 placeret,
1002 3590 1069 3655 fieri
1085 3595 1221 3673 poterat,
1245 3593 1281 3652 ut

138 3697 216 3761 nihil
250 3697 331 3761 lucri
365 3697 556 3782 perciperet,
592 3694 648 3759 sed
683 3695 833 3759 damnum
866 3693 985 3759 faceret
1020 3691 1203 3777 redemptor
1238 3713 1278 3757 ex

138 3800 263 3866 actione
285 3822 342 3866 suo
366 3807 499 3886 sumptu
522 3804 663 3886 peraeta.
698 3799 814 3884 Itaque
837 3803 926 3863 recte
945 3818 1002 3862 suo
1019 3796 1122 3881 pretio
1139 3800 1278 3880 emptam

137 3904 279 3970 fabulam
297 3903 451 3991 appellat,
475 3904 563 3969 euius
578 3900 723 3987 agendae
743 3908 777 3967 et
792 3921 865 3986 spes
882 3907 914 3965 et
929 3899 1102 3987 periculum
1118 3897 1279 3983 adipsum

137 4007 259 4075 redeat.
569 4021 571 4025 ·

241 4138 307 4205 Sed
329 4138 377 4203 his
393 4157 475 4223 quae
491 4136 585 4202 modo
603 4135 809 4222 exposuimus
825 4135 887 4198 iam
905 4131 1131 4217 occupavimus
1146 4130 1279 4196 alteram

138 4246 368 4330 quaestionem,
399 4264 482 4328 quae
511 4241 655 4307 homines
680 4240 793 4305 doctos
821 4238 854 4303 in
882 4237 1024 4303 diversas
1055 4236 1121 4319 egit
1153 4241 1277 4322 partes:

140 4348 279 4430 fabulae,
302 4348 358 4413 ubi
381 4348 519 4434 primum
545 4345 659 4411 doctae
681 4351 766 4429 sunt,
781 4345 872 4409 cuius
888 4343 920 4406 in
937 4339 1076 4407 dominio
1093 4339 1276 4407 manserint.
1320 4420 1323 4425 ἱ
