2948 4808
542 281 754 343 ..59-

164 469 200 553 β)
225 469 353 554 Opera
375 468 563 534 facienda
586 490 746 533 unacum
770 469 919 554 epistatis
942 470 1052 532 locant
1075 467 1110 532 (l.
1127 467 1154 535 Ι.
1171 467 1211 533 G.

77 571 268 657 1122661),
297 574 352 637 ubi
373 594 421 636 vs.
445 576 480 637 12
512 594 580 659 sqq.
604 572 757 637 definitur
778 574 860 636 ratio
884 572 1044 659 pecuniae
1068 593 1087 636 a
1110 572 1210 636 saeri-

79 675 186 739 fieulis
211 683 244 740 et
267 677 417 762 epistatis
442 676 640 761 redemptori
663 678 777 762 templi
801 674 995 741 solvendae:
1019 669 1155 740 ἐπειδὰν
1177 671 1213 739 δὲ

77 775 156 857 τούς
175 775 329 866 ἐγγυητὰς
350 776 538 868 καταστήσῃ
562 774 579 846 δ
603 776 739 867 ἕργώννγς
756 773 1015 867 [ἀξι]ο[χρέοοςὶ,
1039 774 1213 866 ἀφελόντες

79 879 112 948 οἱ
141 879 306 967 ἱεροποιοὶ
334 882 391 948 καὶ
422 881 453 949 οἱ
482 879 658 949 ἐπιστάται
683 877 767 970 ἀπλό
790 886 849 950 τοῦ
870 877 1066 973 ἀλφήματος
1088 876 1214 960 παντὸς

79 983 118 1054 τὸ
141 986 338 1054 ἐπιδέκατον
358 990 418 1054 τοῦ
440 990 560 1054 λοιποῦ
588 982 742 1075 ἀργυρίου
765 982 958 1056 ἀποδόντων
980 983 1019 1055 τὸ
1042 984 1144 1076 ἥμισυ
1166 989 1214 1074 τῷ

80 1087 208 1179 ἒργώνῃ·
232 1088 368 1158 ε’πειδοὶν
390 1092 426 1158 δὲ
447 1091 527 1179 μέρη
549 1089 619 1179 [δύο
640 1088 744 1158 λοιπὰ
764 1082 784 1181 ᾗ
805 1094 869 1158 τῶν
889 1089 997 1179 ἔργων,
1021 1086 1214 1158 ἀποδόντων

79 1196 138 1261 τοῦ
160 1187 297 1284 ἡμίσεος
318 1196 374 1282 τ]ὀ
397 1191 514 1284 ἥμισυ·
538 1191 674 1262 ἐπειδὰν
696 1195 732 1262 δὲ·
753 1192 792 1263 τὸ
814 1193 924 1282 τρίτον
938 1194 1036 1283 μέρος
1051 1195 1171 1261 λοιπὸν
1193 1184 1214 1282 ᾗ

80 1300 144 1364 τῶν
175 1295 289 1385 ἔργων,
320 1293 513 1367 ἀποδόντων
542 1296 579 1366 τὸ
608 1296 736 1367 λοιπόν.
767 1295 836 1368 ἀπὸ
862 1300 923 1390 [δ]ε“
943 1353 951 1367 .
968 1353 1002 1368 ..
1024 1306 1106 1367 aod?
1138 1295 1215 1365 ἐπι-

81 1399 218 1470 δεκάτοο
241 1405 301 1469 τοῦ
322 1397 574 1491 ἀμγαιρεθέντος
589 1398 659 1471 ἀπὸ
682 1407 742 1471 τοῦ
762 1398 957 1495 ἀλιγήμοπος
978 1399 1211 1492 ἀφελόλντωνὶ,

80 1502 216 1572 ἐπειδὰν
244 1508 442 1596 σοντελεσδῇ
463 1504 502 1575 τὸ
526 1504 617 1594 ἔργον
639 1504 731 1574 ἅπαν
753 1509 809 1574 καὶ
834 1510 1025 1597 δοκιμασθῇ
1047 1503 1132 1574 κατὰ
1154 1503 1213 1596 τὴν

80 1609 283 1701 συγγραφ[ὴν
303 1609 446 1701 τοιόλτην,
470 1609 657 1699 ε’πιτίμημοι
682 1608 774 1700 [δτμγ
797 1609 837 1678 div
854 1612 884 1700 [-
900 1652 916 1663 -
931 1653 948 1662 -
963 1653 996 1679 -.
1021 1608 1059 1680 τό
1083 1611 1119 1678 δὲ
1144 1613 1215 1678 λοι-

80 1712 145 1783 πδν
174 1711 338 1805 ἀργό]ριον
366 1710 560 1784 ἀποδόντων
588 1719 635 1805 τῷ
661 1713 779 1805 ἕργώνγγ
807 1756 848 1766 -
877 1741 926 1783 το.
944 1721 983 1783 16
1007 1740 1077 1804 sqq.
1099 1712 1156 1783 s'oiv
1178 1716 1215 1783 δὲ

80 1816 125 1907 μὴ
154 1821 291 1887 διδῶσιν
319 1817 351 1888 οἱ
384 1819 548 1907 ἱεροποιοὶ
575 1820 632 1887 καὶ
661 1818 839 1888 ἐπιστάται
871 1817 934 1908 [api
959 1815 1146 1909 [ἀ]ργάριον,
1171 1814 1216 1900 ὡς

79 1921 269 2010 γέγραπται,
293 1919 315 2015 ἢ
337 1919 415 1991 ἀλλο
446 1925 489 2012 [τι
513 1964 529 1973 -
546 1964 562 1972 -
579 1964 595 1972 -
611 1965 627 1972 -
642 1923 671 2011 ]ν
693 1918 890 2012 ὀφειλόντων
909 1924 941 1991 οἱ
967 1922 1132 2010 ἱεροποιοὶ
1155 1922 1219 1990 καὶ

82 2025 112 2094 οἱ
143 2025 323 2094 ἐπιστάται
354 2031 401 2116 τῷ
429 2024 547 2116 ἐργώνργ
581 2024 640 2118 τὴν
669 2024 743 2116 ἴσην
769 2025 947 2117 ἐπιφοράν,
976 2027 1033 2094 καὶ
1061 2021 1079 2095 ὃ
1107 2017 1216 2115 [ὦμος

81 2130 240 2217 ἐπίμονος
261 2129 345 2199 ἔστω
367 2132 424 2199 καὶ
447 2127 467 2222 ἡ
491 2134 612 2220 πρᾶξις
633 2129 726 2199 ἔστω.

167 2237 294 2302 Similia
327 2239 532 2302 eontinentur
571 2238 658 2303 Bull.
688 2237 736 2300 VI
763 2261 794 2324 p.
816 2241 857 2302 29
885 2258 954 2323 sqq.
984 2259 1031 2303 rs.
1053 2239 1115 2299 216
1145 2256 1214 2320 sqq.

83 2339 163 2429 [Kal
194 2337 273 2407 τάδε
306 2336 382 2428 ἔργα
410 2340 561 2425 ε’ξίδομεν
591 2339 674 2425 μετὰ
716 2343 781 2407 τῶν
814 2340 1018 2427 ἐπιμελητῶν
1055 2334 1139 2405 κατὰ
1176 2334 1215 2404 τὸ

80 2440 240 2534 ψήφισμα
262 2446 321 2510 τοῦ
344 2441 481 2533 δήλμοο,
504 2444 561 2511 καὶ
584 2445 643 2524 τοὶς
665 2443 775 2523 δόσεις
796 2440 925 2528 ἔδομεν,
949 2437 1135 2521 κελεύοντος
1157 2439 1214 2507 καὶ

78 2549 137 2612 τοῦ
164 2545 401 2632 ἀρχιτέκτονος
442 2547 497 2611 ubi
533 2569 596 2612 non
624 2569 720 2612 secus
749 2557 846 2633 atque
875 2549 908 2611 in
936 2549 992 2612 illo
1020 2548 1113 2611 titulo
1145 2551 1213 2610 tres

81 2647 189 2731 δόσεις
213 2652 469 2738 praecipiuntur.
493 2651 542 2716 of.
566 2651 649 2717 Bull.
675 2652 709 2715 II
733 2653 795 2715 340
819 2672 866 2736 sq.
890 2672 937 2715 vs.
959 2653 995 2715 13
1020 2671 1089 2736 sqq.

435 2768 438 2773 ⁴
486 2769 515 2838 d)
533 2769 716 2824 Donarioram
736 2786 809 2825 eura

165 2859 302 2924 Praeter
340 2859 497 2943 pecunias
532 2880 641 2923 sacras
674 2857 867 2944 publioasre
895 2858 1030 2922 donaria
1060 2880 1145 2944 quae
1172 2858 1214 2922 ad

79 2963 271 3027 thesaurum
285 2961 449 3048 Apollinis
466 2967 500 3026 et
514 2961 641 3026 Dianae
665 2963 830 3048 pertinent
849 2957 1025 3047 ἱεροποιῶν
1044 2961 1212 3026 custodiae

80 3067 255 3131 commissa
278 3071 367 3129 sunt:
403 3067 457 3151 qui
482 3087 522 3131 ea
546 3086 588 3128 ex
611 3064 772 3129 indicibus
802 3065 965 3151 accipiunt
995 3071 1029 3130 et
1058 3085 1215 3150 recogno-

80 3176 186 3250 seunt,
203 3191 286 3233 nova
302 3169 434 3234 donaria
450 3171 482 3233 in
499 3169 624 3234 indices
640 3169 802 3255 redigunt,
826 3190 955 3234 omnem
972 3170 1216 3234 anathematum

81 3275 208 3360 copiam
232 3293 290 3359 per
314 3272 414 3337 aedos
438 3294 549 3338 sacras
573 3274 602 3336 ei
623 3273 670 3338 rei
685 3272 864 3338 destinatas
882 3273 1059 3358 disponunt
1077 3295 1215 3359 eamque

80 3378 243 3462 integram
267 3383 408 3456 servant,
432 3375 472 3441 de
499 3377 586 3440 vasis
609 3377 845 3463 fragmentisvo
868 3376 1045 3441 conflandis
1061 3376 1102 3441 ad
1120 3398 1215 3441 sena-

81 3488 150 3545 tum
180 3480 326 3546 referunt
356 3487 454 3565 atque
478 3479 618 3544 donariis
642 3481 733 3545 novis
757 3481 867 3566 populi
891 3480 983 3545 iussu
1007 3478 1216 3545 conficiendis

81 3607 214 3674 operam
237 3584 326 3650 dant.
371 3585 470 3649 Plura
493 3606 532 3650 aa
555 3584 595 3650 de
616 3607 651 3651 re
675 3584 861 3650 Homollius
882 3586 1037 3671 exposuit
1058 3585 1145 3650 Bull.
1168 3582 1218 3648 Vl

81 3714 112 3777 p.
129 3694 170 3755 87
195 3711 265 3776 sqq.

280 3794 305 3857 e)
329 3790 454 3845 Tabulae
472 3795 558 3860 atquo
577 3790 743 3846 traditiones
761 3809 853 3846 rerum
871 3809 1020 3846 sacrarum.

169 3879 350 3945 Saorifiouli
372 3885 448 3944 ante
470 3881 614 3945 muneris
635 3901 755 3944 annum
772 3886 925 3945 exactum
945 3878 1074 3943 tabulas
1091 3878 1218 3964 accepti

83 3993 116 4051 et
147 3984 287 4071 expensi
316 3983 490 4048 conficiunt
513 3985 546 4047 in
570 3983 687 4069 quibus
712 3985 810 4048 etiam
834 3983 984 4049 residuae
1008 3983 1165 4068 pecuniae
1190 3983 1217 4045 si

154 4161 175 4224 ¹)
200 4157 240 4211 cf.
265 4154 408 4209 Fabricius
430 4155 459 4208 in
481 4155 583 4208 Herma
604 4154 682 4208 XVII
700 4175 726 4224 p.
740 4155 838 4219 4-53
857 4154 894 4208 id.
914 4154 948 4207 de
967 4153 1154 4208 architectura
1172 4153 1217 4207 Gr.

82 4245 230 4300 comment.
251 4241 397 4311 epigraph.
433 4241 522 4295 Berol.
541 4242 616 4306 1881,
635 4260 662 4310 p.
682 4243 713 4294 17
732 4259 791 4310 sqq.
