2954 4822
516 303 554 315 -
601 259 690 355 [ec]
736 302 777 314 -
1173 266 1214 333 ιο

78 454 179 519 elficit
214 453 376 520 diiambus
410 476 483 520 curn
516 456 793 541 praecedentibus
825 454 952 521 duobus
984 455 1098 520 ionicis
1125 463 1213 522 cata·

77 558 202 622 lecticis
242 559 408 645 ephymnii
443 560 551 624 locum
585 559 715 625 videtur
746 567 870 626 tenere.
927 559 1146 625 Oberdickius
1182 567 1216 625 et

78 664 220 729 Weilius
248 666 281 729 in
311 665 443 751 stropha
473 666 636 751 synizosin
659 667 692 730 in
716 660 853 745 πόλεων,
883 666 916 730 in
945 666 1150 753 antistropha
1181 667 1215 730 in

76 762 261 854 λεωπόροις
283 790 341 854 pro
364 763 546 853 λινοπόροις
567 770 674 855 posito
700 770 810 834 inesse
834 790 891 856 pro
910 774 999 834 certo
1020 769 1158 846 habent;
1181 775 1216 835 at

77 893 119 937 ne
143 873 286 958 synizesi
310 870 440 958 quidem
464 872 609 937 admisaa
632 873 714 938 alius
739 893 854 940 versus
872 871 1012 939 eflicitur
1034 873 1097 939 nisi
1118 871 1172 938 hic

79 1146 141 1212 qno
166 1122 299 1210 quidem
323 1124 490 1189 schemate
514 1145 579 1188 nou
603 1123 789 1188 efficiuntur
813 1123 940 1187 numeri
964 1122 1214 1208 probabiliores.

163 1245 338 1310 Difficilius
360 1251 414 1310 est
436 1245 595 1333 Aeschyli
618 1244 809 1332 Supplicunr
835 1264 968 1309 carmen

417 1393 589 1456 866—872
605 1423 645 1446 =
661 1393 829 1457 876-881
844 1392 871 1476 ¹)

116 1513 191 1580 ΧΟ.
420 1506 495 1578 αἰαῖ
517 1508 592 1578 αἰαῖ
650 1552 652 1557 ,

207 1613 238 1684 cl
259 1611 320 1704 γὰρ
342 1612 570 1700 δυσπαλάμως
593 1609 684 1683 ὄλοιο

416 1713 456 1787 δι’
483 1714 655 1806 ἁλίρρυτον
676 1714 784 1801 ι’ίλοος,

209 1824 296 1891 κατὰ
319 1819 545 1913 Σαρπηδόνιον
566 1825 667 1909 χῶμαΙ
684 1819 914 1910 πολύψαμμον
935 1818 1076 1905 ἀλαθεὶς
1167 1856 1213 1898 aro

413 1922 555 2014 εὐρείαις
576 1924 625 1996 εἰν
646 1922 771 2016 αὔραις.

78 2439 204 2515 Quodsi
233 2440 411 2505 recesseris
435 2459 455 2504 a
484 2439 588 2525 primo
619 2459 716 2504 versu
743 2438 988 2506 interiectiones
1018 2441 1217 2522 continente,

79 2547 112 2610 in
127 2567 157 2609 v.
175 2542 351 2632 2'praeter
372 2545 551 2608 molossum
573 2545 670 2609 ionici
690 2545 763 2609 loco
783 2544 940 2609 insertum
962 2544 1110 2610 clausula
1132 2573 1216 2613 os,

79 2641 170 2715 ὄλοιο
188 2647 333 2713 notanda
355 2654 416 2728 est,
439 2647 616 2734 praecipue
639 2655 750 2713 autem
770 2639 911 2734 εὐρείαις
929 2643 978 2713 εἶν
1000 2640 1117 2733 αὔραις
1130 2707 1147 2715 -
1160 2707 1176 2716 ,
1190 2698 1216 2730 ,,

80 2811 96 2818 -
109 2811 124 2818 -
137 2811 155 2819 -
176 2752 210 2817 in
229 2752 292 2816 line
311 2749 476 2838 strophae.
515 2751 579 2815 Pro
603 2752 721 2837 quibus
744 2751 854 2816 verbis
874 2772 949 2816 enm
962 2753 996 2816 in
1015 2752 1218 2838 antistropha

82 2866 192 2940 -ψιιεν
207 2847 322 2922 ἄλοπον
332 2849 425 2940 ὕβριν
436 2897 629 2933 .......
641 2877 662 2924 2
680 2856 818 2940 legatur,
835 2856 1013 2942 quaeritur,
1030 2861 1105 2921 utra
1117 2855 1220 2920 verba

82 2960 147 3023 sint
162 2958 336 3034 mutanda;
359 2959 513 3046 strophae
530 2958 631 3023 verba
647 2958 693 3022 sic
709 2960 778 3023 fere
796 2966 921 3025 mutare
938 2960 1052 3024 liceat:
1077 2952 1219 3046 εὗρεΐαις

82 3055 253 3149 &cilones
274 3107 400 3142 m„
417 3106 511 3142 οη,
535 3061 594 3127 sed
616 3082 657 3127 ns
681 3061 762 3128 haec
793 3061 924 3149 quidem
947 3063 1046 3129 lectio
1069 3063 1219 3149 graviore

82 3165 263 3230 offensione
286 3172 387 3230 caret.
767 3189 770 3195 ¹

168 3283 384 3349 Seuerissima
406 3289 516 3349 autem
539 3284 614 3368 lege
634 3284 816 3370 composita
837 3289 888 3349 est
911 3283 1046 3370 stropha
1062 3281 1220 3367 Aeschyli

83 3388 273 3475 Supplicum
299 3389 510 3453 loca-1057
524 3418 565 3443 =
585 3388 831 3474 toea-*loom

288 3539 421 3601 ΗΜΛ.
445 3534 463 3601 ὁ
483 3532 585 3620 μέγας
606 3530 688 3615 Ζεὺς
710 3528 876 3617 ἀπαλέξαι

442 3632 547 3724 γάμοι
568 3633 804 3728 Αἰγυπτογενῆ
824 3662 894 3724 μοι.

288 3744 415 3807 ΗΜΒ.
441 3736 480 3808 τὸ
501 3739 561 3826 μὲν
584 3736 624 3807 ἂν
644 3741 800 3827 βέλτατον
822 3738 882 3831 εἴη.
1153 3771 1216 3815 roes

289 3849 430 3910 ΗΜΛ·
447 3845 486 3911 σύ
511 3844 547 3911 δὲ
568 3844 702 3932 θέλγοις
723 3840 763 3913 ἂν
785 3840 954 3914 ἄθελκτον.

288 3954 415 4016 ΗΜΒ.
442 3945 483 4017 σὺ
507 3949 543 4017 δὲ
564 3945 590 4038 γ’
610 3945 669 4019 οὐκ
691 3945 796 4021 οἶσθα
818 3953 857 4023 τὰ
881 3951 1008 4044 μέλλον.

80 4076 286 4084 ...---—--—

153 4160 174 4221 1)
194 4155 324 4226 Gonradt,
341 4157 392 4226 lyr.
412 4157 498 4212 Versa
516 4175 543 4227 p.
564 4159 604 4213 19.
623 4160 667 4226 20,

151 4245 174 4314 ¹)
192 4241 293 4309 Christ,
310 4243 436 4306 Metrik¹
454 4262 481 4324 p.
499 4244 557 4307 527,
