2970 4814
563 290 605 303 -
650 247 739 342 [ειη
785 288 827 302 -
1217 179 1290 320 ιιΙ

121 442 214 528 παρὰ
235 437 274 510 τὸ
297 433 357 507 ὑπ’
378 433 477 530 αὐτὴν
495 435 674 529 Ιὁρμᾶσθαι
697 438 754 532 τὴν
775 439 908 533 τροφήν,
932 440 1015 533 ἐρωὴ
1039 441 1100 532 γὰρ
1121 447 1140 533 ἡ
1157 439 1242 534 ὁρμή
1249 465 1256 481 ·

120 533 384 633 η”μετενηνεκται
408 539 478 613 άπὸ
500 549 564 612 τῶν
586 541 743 635 ὑπερῴων
766 544 1037 636 οἰκοδομημάτων
1058 549 1114 615 καὶ
1135 573 1258 634 μετεω-

121 646 279 734 ρισμένων
302 643 385 737 ὑπὲρ
407 645 464 738 τὴν
491 646 575 736 έραν,
609 650 756 719 τουτέστι
786 649 844 741 τὴν
875 655 992 741 γηνῑῧ).
1037 655 1134 720 τοῖτο
1163 648 1257 719 δὲτὸ

120 750 218 838 μέρος
244 751 301 818 καὶ
324 749 479 841 φάρυγξ
501 755 666 836 καλεῖται,
698 751 792 843 παρὰ
814 753 852 822 τὸ
875 756 973 844 φέρω,
998 750 1037 823 δι’
1062 745 1103 846 ἧς
1124 755 1256 843 φέρεται

120 850 158 923 τὸ
185 857 333 941 πνεῦμα·
375 855 478 945 φέρω,
513 857 623 946 φέρος,
661 854 766 947 φάρος
798 858 854 925 καὶ
889 855 1087 947 παρώνυμον
1115 856 1256 948 φάρυγξ·

121 956 177 1023 καὶ
200 955 261 1046 γὰρ
283 959 302 1025 δ
322 956 511 1048 Λυκόφρων
533 961 632 1049 φησὶν

326 1077 524 1167 ,,έτόμβευσε
546 1078 662 1170 φάριμ“
685 1083 860 1172 (Lycophr.
887 1084 961 1171 154)
974 1084 1015 1168 *)‚

121 1189 140 1255 δ
162 1189 198 1257 δέ
219 1189 433 1278 Καλλίμαχος

75 1285 84 1344 λ
327 1308 475 1404 ’,ἔφαρον
498 1311 687 1405 φαρόωσιν“
711 1315 762 1401 (fr.
790 1318 849 1380 183
874 1315 1067 1403 Schneider)
1077 1316 1127 1402 **)

121 1433 202 1522 φησὶ
229 1430 288 1524 τὴν
313 1436 413 1522 μηδέν
439 1436 601 1524 φέρουσαν
624 1432 837 1525 φάρυγγαῑθ).
891 1429 1089 1524 άνθερεὼν
1111 1435 1147 1503 δέ
1168 1434 1257 1523 λέγε-

120 1562 175 1603 ται
203 1535 259 1603 διὰ
290 1535 327 1606 τὸ
359 1544 472 1626 θορεῖν
498 1533 543 1606 δι’
570 1534 670 1607 αὐτοῦ
697 1536 735 1607 τὸ
763 1542 912 1625 πνεῦμα·
946 1534 969 1630 ἢ
998 1531 1069 1606 οἷον
1090 1535 1256 1627 ένθερειόν,

122 1636 171 1707 ὅτι
195 1639 279 1708 κατὰ
301 1639 360 1733 τὴν
380 1639 510 1709 ἔνθεσιν
533 1646 592 1733 τῆς
614 1646 738 1733 τροφης
761 1648 897 1710 κινεῖται
921 1643 977 1709 καὶ
1000 1642 1034 1710 έν
1048 1645 1096 1731 τῷ
1111 1640 1257 1710 καταπί-

122 1768 187 1810 νειν
209 1738 392 1832 άνατρέχει·
421 1742 465 1826 ὡς
488 1747 524 1814 δέ
546 1742 655 1830 άλλοι,
685 1744 778 1835 παρὰ
799 1744 859 1838 τὴν
881 1742 1021 1835 άνθησιν
1042 1749 1107 1813 τῶν
1128 1749 1255 1834 τριχῶν,

121 1844 173 1914 διὸ
194 1849 252 1914 καὶ
273 1853 485 1938 κατηγοροῦσι
505 1853 564 1918 τοῦ
583 1845 791 1939 Εὐφορίωνος
806 1852 857 1938 (fr.
872 1857 905 1916 51
925 1853 1090 1937 Meineke)
1106 1847 1258 1931 εἰπόντος

144 1968 284 2052 ,,τέκνον,
306 1967 353 2061 μὴ
376 1967 418 2037 σό
440 1996 475 2058 γε
496 1968 618 2060 μητρὸς
639 1967 700 2039 ὑπ’
727 1967 999 2060 άνθερεῶνος***)
1022 1965 1235 2062 άμησηςίίῖθ).

120 2095 266 2184 λαιμὸς
299 2099 335 2167 δέ
369 2099 424 2166 καὶ
458 2097 603 2189 λάρυγξ
636 2108 707 2181 τοῖς
740 2096 879 2187 ὀνόμασι
911 2100 1104 2190 διαφέρουσι
1139 2096 1256 2186 μόνον·

122 2199 214 2290 παρὰ
229 2199 290 2291 γὰρ
305 2200 343 2271 τὸ
358 2200 456 2286 λάειν,
480 2200 633 2295 ἢλαόειν,
658 2202 781 2273 δέστιν
806 2200 994 2288 ἀπολαύων,
1018 2199 1086 2274 κατ’
1106 2198 1257 2292 >Αριστό-

122 2331 210 2374 νικυν
246 2301 417 2397 άμφότερα
447 2305 645 2397 παράγεται·
685 2305 809 2395 ὁμοίως
846 2306 907 2396 γὰρ
942 2306 998 2376 διὰ
1025 2305 1158 2389 τούτων,
1194 2309 1252 2374 τοῦ

120 2411 240 2496 λαιμοῦ
268 2411 326 2478 καὶ
349 2409 519 2501 λάρυγγος,
548 2411 607 2503 τὴν
635 2407 822 2481 ἀπόλαυσιν
844 2412 957 2499 ἔχομεν
978 2415 1042 2479 τῶν
1064 2413 1256 2502 τροφῶνῊ).

121 2512 256 2582 δόναται
283 2515 319 2584 δὲ
349 2514 404 2582 καὶ
435 2516 590 2603 λέγεσθαι
618 2514 738 2605 λάρυγξ
764 2511 834 2585 άπὸ
863 2519 921 2585 τοῦ
948 2514 1022 2582 λίαν
1053 2510 1255 2602 άναρόεσθαι

120 2615 158 2685 τὸ
181 2621 327 2704 πνεῦμα·
357 2615 379 2709 ἢ
405 2613 474 2687 άπὸ
504 2623 563 2687 τοῦ
585 2621 694 2687 λαλεῖν
724 2615 764 2688 δι’
790 2614 953 2708 αὐτοῦ-22).
1006 2617 1191 2689 λευκανέα
1221 2618 1257 2685 δέ

123 2722 259 2809 λέγεται,
284 2720 400 2814 ἐπειδὴ
424 2721 498 2789 λίαν
519 2723 655 2812 κέχηνεν,
680 2717 750 2791 οἷον
770 2722 939 2807 λευχανόά
961 2722 1106 2814 Ὅμηρος

174 2841 413 2934 ,,λιυκανιἠς’τ),
437 2847 490 2911 ἵνα
512 2870 548 2911 τε
571 2847 678 2935 ψυχῆς
701 2839 839 2926 ὤκιστος
862 2840 999 2933 όλεθρος
1022 2847 1074 2932 (Il.
1093 2851 1129 2911 X
1143 2845 1235 2928 325)·

122 2971 346 3063 διαιρεθείσης
374 2970 435 3061 γὰρ
468 2968 569 3064 αότης
595 2975 613 3040 δ
639 2977 699 3064 τῆς
725 2977 848 3064 τροφῆς
871 2968 1064 3063 ἀφανίζεται
1087 2969 1254 3061 πόρσςλθ).

122 3075 350 3168 οἱσοφάγος
378 3078 492 3146 δὲκαὶ
516 3074 614 3159 αὐτὸς
636 3077 740 3165 πόρος
761 3077 832 3146 ἐστὶ
854 3081 913 3169 τῆς
934 3075 1085 3166 γαστρός,
1117 3075 1150 3145 έν
1172 3072 1255 3166 αὐτῇ

120 3179 179 3271 τὴν
200 3178 325 3272 τροφὴν
347 3181 588 3270 προσκομίζων,
612 3182 648 3249 ἐκ
667 3184 726 3249 τοῦ
743 3177 812 3264 οἴω,
836 3177 873 3249 τὸ
889 3179 1024 3267 κομίζω,
1048 3178 1151 3261 οὕτως
1174 3175 1255 3247 ὠνο-

120 3281 248 3374 μάσθη,
278 3281 381 3371 παρέ
389 3291 440 3351 σθ
446 3311 518 3370 μια
535 3285 571 3352 δέ
585 3279 662 3352 καθ’
675 3280 897 3374 Ἡρακλείδην
913 3281 997 3351 οότω
1013 3285 1139 3372 λέγεται
1162 3281 1255 3370 παρὰ

120 3385 159 3455 τὸ
182 3394 411 3476 παρακεῖσθαι
438 3392 484 3478 τῷ
513 3387 690 3478 λσθμηῖῊ).
740 3386 888 3476 ἰσθμὸς
916 3389 953 3456 δέ
980 3389 1068 3457 έστιν
1099 3391 1117 3456 δ
1146 3385 1256 3468 στενὸς

121 3489 235 3574 τόπος,
259 3488 303 3559 δι’
326 3481 365 3560 οδ
386 3489 474 3560 ἔστιν
498 3490 581 3560 ἱέναι
602 3490 662 3583 τὴν
684 3491 797 3583 πνοήν.
831 3490 1027 3580 παρίσθμια
1051 3492 1087 3560 δέ
1108 3493 1253 3579 λέγονται

121 3595 178 3662 καὶ
201 3588 385 3678 άντιάδες
410 3593 466 3664 διὰ
489 3594 528 3665 τὸ
550 3591 758 3665 ἀντικεῖσθαι
782 3591 994 3690 άλληλαιςῖλ).
1033 3595 1117 3676 τινές
1139 3595 1176 3661 δέ
1198 3596 1254 3662 καὶ

121 3697 271 3789 βράγχη
294 3703 450 3769 καλοῦσιν
467 3695 566 3770 αότά·
590 3701 719 3769 ἐκεῖθεν
741 3698 801 3790 γὰρ
824 3702 880 3768 καὶ
904 3697 942 3769 τὸ
965 3702 1123 3788 βραγχιᾶν
1138 3697 1255 3786 πάθος

207 3911 231 3976 ¹¹)
249 3910 296 3965 cfr.
315 3927 388 3979 quae
406 3910 524 3965 adnotat
541 3910 642 3965 Scheer
659 3911 695 3965 αδ
712 3911 786 3966 hunc
804 3911 895 3966 locum
915 3909 1061 3980 (Lycophr.
1080 3910 1149 3977 154).

191 4006 230 4073 **)
250 4006 296 4059 cfr.
316 4005 400 4061 etiam
419 4005 462 4060 Et,
482 4006 519 4059 M.
539 4007 597 4077 788,
609 4008 651 4061 24.

178 4102 230 4169 m)
250 4096 425 4174 ιῖνθερεῶνας
442 4101 571 4157 Meineke
591 4102 670 4158 Anal.
690 4103 767 4157 AleX.
787 4120 813 4171 p.
826 4102 867 4156 92.

85 4239 90 4249 .
206 4199 233 4264 †)
252 4198 301 4250 cfr.
319 4214 391 4266 quae
409 4197 527 4252 adnotat
545 4197 584 4251 La
602 4198 695 4251 Roche
712 4197 748 4251 ad
766 4197 840 4251 hunc
857 4197 957 4251 locum.
