2954 4822
220 291 261 352 ao
667 323 709 335 -
755 281 822 372 [οε]
869 321 909 332 -

218 479 292 544 Ηοο
315 479 385 543 loco
409 479 567 566 septimus
590 485 624 543 st
647 483 783 543 octavus
807 475 959 562 strophae
982 494 1098 539 versus

219 773 442 838 choriambum
474 772 623 837 iambicis
653 770 793 858 dipodiis
823 770 1002 836 admixtum
1027 771 1208 847 continent;
1240 791 1356 835 versus

218 877 373 964 strophae
397 876 493 940 vicini
517 877 631 961 generi
665 875 912 941 ascendentium
941 880 1017 938 sunt
1038 874 1247 942 attribuendi.

304 997 369 1062 Hie
403 1003 575 1084 praeterea
610 997 730 1061 mentio
762 994 914 1061 habenda
949 1001 999 1061 cst
1031 994 1205 1080 fragmenti
1241 996 1355 1079 tragici

208 1100 387 1165 cuiusdam
412 1105 528 1188 poetae

540 1225 578 1290 fr.
603 1223 717 1310 adesp.
745 1226 804 1287 149
828 1222 879 1288 cd.
902 1220 1035 1286 Nauck:

416 1330 458 1401 οἳ
476 1332 662 1422 Κυθερείας
684 1325 845 1400 ἐπῃνεῖτ’
872 1325 966 1420 ὄργια
988 1329 1183 1398 λευκωλένου

219 1561 329 1627 Facile
341 1560 472 1646 quidem
486 1559 633 1624 accidere
646 1559 762 1646 potuit,
774 1565 810 1623 ut
821 1581 860 1624 oo
872 1556 1094 1644 diphthongus
1108 1564 1183 1621 ante
1196 1557 1357 1643 syllabam

218 1667 324 1732 vocali
347 1667 558 1753 incipientem
582 1665 806 1750 corriperetur.
851 1661 1050 1727 Moncndum
1073 1668 1185 1726 tannen
1215 1670 1266 1726 est
1297 1663 1357 1727 hoc

219 1771 437 1855 fragmentum
461 1771 502 1834 ab
519 1768 767 1854 Hephaestione
791 1789 821 1853 p.
839 1770 879 1831 30
902 1767 941 1831 iis
965 1767 1109 1842 attribui,
1134 1786 1216 1851 quac
1235 1768 1356 1832 cretico

219 1874 382 1951 finiantur,
406 1878 442 1935 ut
465 1872 555 1936 illum
572 1927 591 1934 -
607 1930 624 1942 ,
640 1926 657 1933 -
674 1871 706 1934 in
730 1872 793 1935 dne
819 1870 937 1953 legisse
953 1868 1161 1933 manifestum
1179 1871 1230 1934 sit.
1265 1869 1357 1934 Idem

220 1976 437 2060 fragmentum
473 1998 492 2039 a
523 1975 666 2060 Bergkio
699 1977 730 2039 in
763 1975 939 2040 editionem
975 1982 1146 2061 poetarum
1181 1979 1357 2063 lyricorum

220 2078 419 2143 Graecorum
444 2077 496 2142 III
519 2100 550 2164 p.
570 2081 630 2142 708
654 2078 693 2142 l'r.
710 2077 822 2164 adesp.
841 2082 877 2143 71
905 2086 1073 2165 receptum
1097 2086 1158 2145 est.
1202 2081 1356 2144 Fortasse

220 2182 395 2247 choriambi
419 2181 659 2247 descendentes
683 2183 715 2264 (L
729 2240 747 2254 ,
761 2240 779 2254 ,
792 2223 811 2253 2
829 2204 887 2269 pro
904 2229 923 2254 L
937 2241 955 2255 ,
968 2224 987 2256 ,«
1002 2182 1036 2268 )
1057 2183 1257 2268 agnoscendi
1282 2190 1358 2247 sunt

219 2286 410 2350 catalectice
434 2286 464 2349 in
522 2343 539 2356 ,
559 2326 574 2357 2
600 2285 672 2372 (pro
696 2333 714 2356 ,,,
728 2346 744 2358 ,
760 2328 779 2356 2
792 2287 824 2371 ‚l
849 2287 1015 2353 cadentes.

306 2509 402 2574 Haud
430 2511 525 2574 aliter
552 2530 649 2594 quarn
678 2510 792 2595 tragici
820 2518 938 2597 poetae
961 2532 1062 2576 courcr
1091 2512 1279 2576 choriambo
1304 2512 1356 2574 usi
1428 2549 1432 2558 ‚

219 2619 294 2677 sunt
311 2615 342 2677 in
360 2614 515 2678 variando
539 2613 696 2687 diiambo;
720 2614 824 2677 rarius
849 2614 879 2678 in
898 2615 1046 2678 iambicis
1067 2615 1209 2702 strophis
1226 2623 1360 2702 practer

219 2717 344 2782 iambos
359 2740 459 2782 unum
477 2719 697 2783 choriambum
714 2718 756 2783 ad
776 2719 964 2783 variandum
983 2719 1156 2784 iambicum
1174 2719 1358 2805 rhythmum

219 2821 447 2889 adhibuerunt.
485 2823 652 2909 Inprimis
676 2825 783 2911 poetis
807 2824 940 2901 veteris,
964 2845 1059 2910 quam
1083 2824 1204 2900 dicunt.
1229 2846 1357 2888 comoe-

220 2924 292 2989 diae
317 2925 534 2991 Errenaurross
558 2935 618 3009 est,
641 2931 695 3013 qui
719 2929 756 2993 ir.
781 2932 800 2993 3
824 2930 906 2995 haee
929 2930 1051 3015 profert
1065 2930 1089 3013 ²)

513 3060 588 3133 ulle
609 3062 790 3149 κισσοχαῖε’
817 3062 907 3150 ἅναξ,
930 3073 1032 3155 χαῖρε,

221 3278 277 3341 ubi
299 3279 445 3363 syllabas
469 3337 519 3350 ,-
544 3282 576 3345 in
601 3282 664 3345 line
691 3281 899 3347 desideratae
922 3282 1019 3347 facile
1042 3284 1245 3369 supplentur.
1285 3283 1359 3348 Hoc

220 3382 404 3466 fragmento
428 3405 506 3448 usus
530 3393 581 3448 est
605 3385 757 3449 Cratinus
782 3388 819 3453 ir.
844 3389 937 3450 324a
957 3386 1007 3450 ed.
1032 3387 1136 3454 Kock.

310 3505 404 3569 Haud
421 3509 522 3571 multo
544 3514 618 3593 post
633 3507 872 3595 Ecphantidem
890 3508 1050 3574 Onarmus
1067 3510 1189 3574 vixisse
1206 3508 1359 3572 traditum

223 3616 282 3687 est,
307 3610 399 3674 cuius
423 3610 461 3676 lr.
486 3615 505 3674 9
528 3611 774 3676 memorandum
797 3620 860 3675 cst:

414 3740 589 3830 ὠμολίνοις
611 3743 695 3836 κόμη
718 3741 860 3835 βρύουσ’,
884 3742 1020 3833 ἀτιμίας
1042 3747 1152 3827 artace

223 3970 264 4034 de
284 3972 476 4058 supplendis
498 3974 632 4059 syllabis
650 4033 667 4046 ,
683 4031 701 4040 -
718 3974 781 4038 vid.
793 3974 955 4061 Ecphant.
972 3976 1010 4042 fr.
1027 3979 1045 4038 3
1063 3997 1161 4061 supra
1183 3975 1360 4040 laudatum.

296 4165 315 4227 ¹)
333 4162 483 4232 Hephaest.
511 4181 536 4232 p.
556 4165 597 4216 aa.
640 4162 729 4226 Koch,
757 4164 855 4232 fragm.
883 4182 953 4219 com.
980 4167 1032 4219 att..
1061 4183 1086 4234 p.
1107 4164 1148 4220 10.
1191 4164 1360 4232 Bernhardy,

224 4248 394 4316 griechisehe
414 4249 728 4319 histor-crrugeschiehto
748 4251 797 4304 11²
815 4269 841 4320 p.
861 4253 919 4303 blf).
