2954 4822
365 834 508 873 .‚—U-
539 850 556 859 .-

125 895 260 961 Duobus
287 897 367 962 loeis
395 901 581 983 corruptam
607 851 806 961 eirburnferri
830 899 923 962 metri
947 900 1085 963 formam
1114 908 1264 988 apparet:

125 1000 276 1065 versibus
294 1005 387 1067 3-4,
406 1004 501 1068 5-6.
536 999 620 1065 Nam
636 1021 665 1063 v.
681 1002 699 1064 3
716 999 861 1085 abundat
883 1003 1011 1089 syllaba
1027 1004 1125 1089 longa
1142 1005 1174 1068 in
1191 1005 1265 1084 fine,

125 1112 190 1172 al
213 1107 245 1172 in
269 1105 371 1188 initio,
395 1107 541 1193 adquae
565 1105 713 1170 conferas
738 1105 902 1191 spondeos
926 1107 1022 1171 simili
1045 1110 1116 1173 loeo
1139 1109 1264 1196 positos

125 1210 261 1296 Lysistr.
292 1211 354 1274 323
370 1241 411 1265 =
429 1212 490 1274 337
520 1208 634 1295 (supra
656 1230 687 1294 p.
712 1212 766 1292 30)
794 1217 828 1274 et
857 1209 974 1297 Oedip.
1000 1233 1024 1277 r.
1056 1215 1117 1276 493
1135 1244 1174 1267 =
1193 1217 1266 1280 503.

125 1297 163 1361 In
195 1301 268 1362 ab
304 1296 440 1362 offendit
474 1297 602 1381 syllaba
640 1297 738 1382 longa
775 1298 808 1361 in
843 1298 907 1363 fine
946 1298 1126 1366 abundans.
1183 1299 1266 1365 (lum

127 1401 333 1466 choriambus
356 1422 430 1465 oum
453 1401 579 1486 syllaba
602 1406 698 1466 tonos
722 1401 859 1467 artifieio
876 1402 1036 1488 producta
1050 1424 1115 1467 uno
1132 1403 1265 1469 eodem·
1293 1476 1296 1479 ,

126 1528 189 1592 qne
221 1507 294 1571 eolo
327 1507 517 1571 coniunctus
545 1526 693 1591 perraro
709 1506 848 1591 legatur,
878 1507 978 1572 finem
1002 1508 1065 1572 ooli
1088 1515 1162 1595 post
1185 1502 1264 1592 ἱαύΙ

125 1611 157 1673 in
182 1610 327 1698 stropha,
350 1617 426 1697 post
440 1607 503 1676 ἕπε’
520 1607 524 1695 l
541 1609 574 1673 in
592 1611 798 1696 antistropha
813 1617 958 1676 statuere
975 1612 1086 1677 malim
1103 1613 1265 1698 syllabas-

125 1736 188 1800 que
205 1738 252 1780 ειν
269 1721 302 1779 et
318 1737 394 1780 σται
419 1715 617 1799 coniungere
641 1734 714 1778 cunr
738 1715 989 1800 insequentibus
1006 1717 1126 1796 verbis,
1151 1738 1264 1802 quam-

126 1818 172 1882 vis
192 1818 226 1881 in
244 1818 379 1904 stropha
394 1824 531 1903 puncto,
551 1818 582 1881 in
598 1818 804 1904 antistropha
819 1819 1082 1904 interrogationis
1099 1820 1191 1904 signo
1209 1843 1266 1907 po·

125 1924 187 1986 sito
203 1921 291 2008 prior
306 1943 421 1987 versus
440 1944 460 1987 a
474 1922 654 2008 posteriore
670 1929 849 2008 separetur.
881 1922 1082 1987 Manendum
1099 1932 1150 1988 ost
1166 1945 1263 2010 proo-

126 2033 218 2092 terea
239 2025 300 2091 hos
323 2047 439 2090 versus
462 2047 528 2090 non
552 2047 648 2090 seeus
673 2032 771 2111 atque
798 2027 1008 2112 insequentes
1035 2027 1046 2102 l
1053 2030 1263 2092 taos-¹210

125 2128 411 2215 =1218-1222)

433 2235 546 2315 κεῖμαι
569 2226 600 2298 δ’
623 2228 801 2319 ἇμὲριμνος
824 2229 935 2315 οὕτως,

434 2329 486 2401 clei
511 2341 667 2416 ποκιναῖς
689 2333 821 2424 δρόσοις

433 2435 623 2526 πινόμενος
644 2437 759 2526 κόμας,

434 2544 553 2630 λυγρᾶς
573 2540 730 2633 μνήματα
757 2543 893 2632 Τροίας·

125 2656 335 2741 logeoedieos
359 2656 475 2722 baberi
497 2678 608 2744 posse.

210 2814 250 2878 In
272 2815 399 2880 duabus
429 2814 570 2902 strophis
593 2814 760 2880 Euairinss
787 2816 975 2881 choriambo
1002 2819 1098 2882 simul
1127 2824 1159 2883 ot
1187 2826 1263 2883 tone
1337 2836 1339 2839 ·

124 2941 204 2984 usus
229 2926 296 2985 est:

402 3006 527 3072 Alcest.
544 3008 715 3071 213-225
733 3038 773 3061 =
791 3009 976 3071 tao-237:

127 3122 258 3183 ΗΜΛ.
295 3113 334 3183 lul
352 3119 408 3204 (an
433 3106 498 3204 eil)
522 3119 596 3199 Ζεῦ,
619 3113 671 3197 τίς
694 3111 734 3183 ἂν
755 3112 861 3204 πόρος
882 3120 991 3184 κακῶν

290 3220 415 3307 γένοιτο
437 3219 494 3288 καὶ
517 3216 610 3300 λύσις
630 3216 732 3303 τύχας
754 3211 777 3286 ἃ
798 3217 940 3308 πάρεστι
963 3218 1143 3309 κοιράνοιςς

126 3329 251 3391 ΗΜΒ.
290 3320 393 3405 ἐξεισί
415 3350 482 3405 τις,·
503 3319 527 3414 ἢ
547 3323 636 3409 τέμω
658 3322 754 3411 τρίχα
1215 3359 1261 3398 ιιι

289 3427 346 3495 καὶ
369 3427 494 3513 μέλανα
517 3424 659 3513 στολμὸν
681 3428 820 3495 πέπλων
842 3422 1103 3517 &balbul-olyra?
1125 3423 1205 3518 ἥδρς

126 3537 258 3598 ΗΜΛ.
293 3533 377 3623 δῆλα
398 3531 467 3618 μὲν,
491 3529 595 3620 φίλοι,
619 3529 702 3622 δῆλά
724 3527 762 3619 y',
783 3525 850 3598 ἀλλ’
870 3527 959 3617 ὅμως

290 3642 421 3705 θεοῖσιν
444 3631 655 3725 εὐχώμεσθα·
678 3640 767 3706 θεῶν
789 3634 850 3727 γὰρ
873 3635 1011 3726 δύναμις
1033 3635 1182 3725 μεχίστα.

184 3744 257 3808 ΧΟ.
293 3731 380 3823 ὦναξ
401 3737 522 3824 Παιὰν,
1214 3774 1260 3812 rso

291 3841 398 3931 ἔξευρε
420 3841 566 3936 μηχανήν
587 3839 645 3912 τιν’
660 3839 815 3936 Ἀδμήτῳ
838 3849 955 3928 κακῶν,

291 3943 407 4034 πόριζε
434 3944 474 4037 δὴ
499 3942 628 4033 πόριζε·
651 3947 708 4014 καὶ
732 3945 840 4034 πόρος
861 3944 922 4035 γὰρ

344 4045 434 4118 τοῦδ’
460 4050 601 4139 ε’φεῦρες,
624 4050 681 4117 καὶ
704 4053 759 4117 νῦν

292 4150 444 4243 λυτήριος
466 4152 502 4220 ἐκ
523 4151 674 4222 θανάτου
697 4158 799 4242 γενοῦ,

292 4253 407 4347 φόνιόν
428 4252 454 4324 τ’
474 4251 676 4326 όπόπαυσον
692 4254 818 4326 Ἅιδαν.
