<?xml version="1.0" encoding="UTF-8"?>
<!DOCTYPE html PUBLIC "-//W3C//DTD XHTML 1.0 Transitional//EN"
    "http://www.w3.org/TR/xhtml1/DTD/xhtml1-transitional.dtd">
<html xmlns="http://www.w3.org/1999/xhtml" xml:lang="en" lang="en">
 <head>
  <title>
</title>
<meta http-equiv="Content-Type" content="text/html;charset=utf-8" />
  <meta name='ocr-system' content='tesseract 3.04.00' />
  <meta name='ocr-capabilities' content='ocr_page ocr_carea ocr_par ocr_line ocrx_word'/>
</head>
<body>
  <div class='ocr_page' id='page_1' title='image "./dissertationesp00stragoog/dissertationesp00stragoog_0118.png"; bbox 0 0 2954 4822; ppageno 0'>
   <div class='ocr_carea' id='block_1_1' title="bbox 551 247 814 339">
    <p class='ocr_par' dir='ltr' id='par_1_1' title="bbox 551 247 814 339">
     <span class='ocr_line' id='line_1_1' title="bbox 551 247 814 339; baseline 0.011 -23"><span class='ocrx_word' id='word_1_1' title='bbox 551 287 590 299; x_wconf 90' lang='grc'><strong>-</strong></span> <span class='ocrx_word' id='word_1_2' title='bbox 638 247 725 339; x_wconf 81' lang='lat'><strong>[109]</strong></span> <span class='ocrx_word' id='word_1_3' title='bbox 771 291 814 304; x_wconf 74' lang='lat'><strong><em>.-</em></strong></span> 
     </span>
    </p>
   </div>
   <div class='ocr_carea' id='block_1_2' title="bbox 425 436 920 842">
    <p class='ocr_par' dir='ltr' id='par_1_2' title="bbox 425 436 920 842">
     <span class='ocr_line' id='line_1_2' title="bbox 425 436 809 532; baseline 0.018 -28"><span class='ocrx_word' id='word_1_4' title='bbox 425 436 635 529; x_wconf 76' lang='grc' dir='ltr'><strong><em>μισθοφόροι</em></strong></span> <span class='ocrx_word' id='word_1_5' title='bbox 657 438 809 532; x_wconf 77' lang='grc' dir='ltr'><strong><em>τριήρεις,</em></strong></span> 
     </span>
     <span class='ocr_line' id='line_1_3' title="bbox 426 539 920 635; baseline 0.016 -27"><span class='ocrx_word' id='word_1_6' title='bbox 426 542 606 631; x_wconf 78' lang='grc' dir='ltr'><strong><em>μειρακίων</em></strong></span> <span class='ocrx_word' id='word_1_7' title='bbox 628 539 662 611; x_wconf 73' lang='grc' dir='ltr'><strong><em>θ’</em></strong></span> <span class='ocrx_word' id='word_1_8' title='bbox 690 542 812 630; x_wconf 79' lang='grc' dir='ltr'><strong><em>ἅμιλλα</em></strong></span> <span class='ocrx_word' id='word_1_9' title='bbox 835 551 920 635; x_wconf 80' lang='grc' dir='ltr'><strong><em>λαμ-</em></strong></span> 
     </span>
     <span class='ocr_line' id='line_1_4' title="bbox 428 646 858 739; baseline 0.019 -27"><span class='ocrx_word' id='word_1_10' title='bbox 428 646 638 733; x_wconf 77' lang='grc' dir='ltr'><strong><em>πρυνομένων</em></strong></span> <span class='ocrx_word' id='word_1_11' title='bbox 659 648 693 715; x_wconf 76' lang='grc' dir='ltr'><strong><em>ἐν</em></strong></span> <span class='ocrx_word' id='word_1_12' title='bbox 715 647 858 739; x_wconf 72' lang='grc' dir='ltr'><strong><em>ἅρμασιν</em></strong></span> 
     </span>
     <span class='ocr_line' id='line_1_5' title="bbox 426 752 843 842; baseline 0.022 -24"><span class='ocrx_word' id='word_1_13' title='bbox 426 752 482 819; x_wconf 84' lang='grc' dir='ltr'><strong><em>καὶ</em></strong></span> <span class='ocrx_word' id='word_1_14' title='bbox 506 755 843 842; x_wconf 73' lang='grc' dir='ltr'><strong><em>βαρυδαιμονούντων,</em></strong></span> 
     </span>
    </p>
   </div>
   <div class='ocr_carea' id='block_1_3' title="bbox 115 1421 1252 1719">
    <p class='ocr_par' dir='ltr' id='par_1_3' title="bbox 115 1421 1252 1719">
     <span class='ocr_line' id='line_1_6' title="bbox 115 1421 1252 1500; baseline 0.01 -18"><span class='ocrx_word' id='word_1_15' title='bbox 115 1440 227 1484; x_wconf 86' lang='lat' dir='ltr'>versus</span> <span class='ocrx_word' id='word_1_16' title='bbox 240 1425 260 1485; x_wconf 78' lang='lat'><strong>2</strong></span> <span class='ocrx_word' id='word_1_17' title='bbox 276 1421 414 1488; x_wconf 86' lang='lat' dir='ltr'>eandem</span> <span class='ocrx_word' id='word_1_18' title='bbox 435 1426 694 1492; x_wconf 86' lang='lat' dir='ltr'>coniunctionem</span> <span class='ocrx_word' id='word_1_19' title='bbox 713 1428 978 1493; x_wconf 89' lang='lat' dir='ltr'>choriambicum</span> <span class='ocrx_word' id='word_1_20' title='bbox 991 1489 1007 1498; x_wconf 89' lang='lat'><em>.</em></span> <span class='ocrx_word' id='word_1_21' title='bbox 1020 1491 1036 1500; x_wconf 82' lang='lat'>.</span> <span class='ocrx_word' id='word_1_22' title='bbox 1051 1475 1072 1499; x_wconf 64' lang='grc' dir='ltr'><strong><em>ο</em></strong></span> <span class='ocrx_word' id='word_1_23' title='bbox 1084 1490 1100 1500; x_wconf 93' lang='grc'><em>.</em></span> <span class='ocrx_word' id='word_1_24' title='bbox 1114 1430 1252 1494; x_wconf 83' lang='lat' dir='ltr'>exhibet</span> 
     </span>
     <span class='ocr_line' id='line_1_7' title="bbox 115 1530 1252 1619; baseline 0.01 -33"><span class='ocrx_word' id='word_1_25' title='bbox 115 1530 212 1608; x_wconf 86' lang='lat' dir='ltr'>atquc</span> <span class='ocrx_word' id='word_1_26' title='bbox 233 1547 324 1611; x_wconf 87' lang='lat' dir='ltr'>vesp.</span> <span class='ocrx_word' id='word_1_27' title='bbox 342 1531 415 1594; x_wconf 81' lang='lat'>540.</span> <span class='ocrx_word' id='word_1_28' title='bbox 434 1533 550 1593; x_wconf 78' lang='lat'>542=</span> <span class='ocrx_word' id='word_1_29' title='bbox 565 1533 638 1596; x_wconf 86' lang='grc'><strong>644.</strong></span> <span class='ocrx_word' id='word_1_30' title='bbox 656 1534 718 1595; x_wconf 86' lang='grc'><strong><em>646</em></strong></span> <span class='ocrx_word' id='word_1_31' title='bbox 743 1539 777 1597; x_wconf 89' lang='lat' dir='ltr'><strong><em>et</em></strong></span> <span class='ocrx_word' id='word_1_32' title='bbox 800 1533 967 1619; x_wconf 80' lang='lat' dir='ltr'>Aristoph.</span> <span class='ocrx_word' id='word_1_33' title='bbox 991 1532 1107 1619; x_wconf 81' lang='lat' dir='ltr'><strong>fragm.</strong></span> <span class='ocrx_word' id='word_1_34' title='bbox 1132 1537 1187 1610; x_wconf 81' lang='lat'><strong><em>963</em></strong></span> <span class='ocrx_word' id='word_1_35' title='bbox 1212 1532 1252 1597; x_wconf 93' lang='lat' dir='ltr'><strong><em>de</em></strong></span> 
     </span>
     <span class='ocr_line' id='line_1_8' title="bbox 115 1629 617 1719; baseline 0.02 -29"><span class='ocrx_word' id='word_1_36' title='bbox 115 1647 180 1711; x_wconf 88' lang='lat' dir='ltr'><strong><em>qua</em></strong></span> <span class='ocrx_word' id='word_1_37' title='bbox 203 1629 243 1693; x_wconf 84' lang='lat' dir='ltr'><strong><em>cf.</em></strong></span> <span class='ocrx_word' id='word_1_38' title='bbox 268 1652 367 1716; x_wconf 83' lang='lat' dir='ltr'>supra</span> <span class='ocrx_word' id='word_1_39' title='bbox 389 1655 464 1719; x_wconf 89' lang='lat' dir='ltr'>pag.</span> <span class='ocrx_word' id='word_1_40' title='bbox 488 1637 539 1699; x_wconf 82' lang='lat'><strong><em>28.</em></strong></span> <span class='ocrx_word' id='word_1_41' title='bbox 565 1636 617 1700; x_wconf 79' lang='lat'><strong><em>29.</em></strong></span> 
     </span>
    </p>
   </div>
   <div class='ocr_carea' id='block_1_4' title="bbox 116 1732 1251 1904">
    <p class='ocr_par' dir='ltr' id='par_1_4' title="bbox 116 1732 1251 1904">
     <span class='ocr_line' id='line_1_9' title="bbox 202 1732 1251 1826; baseline 0.007 -30"><span class='ocrx_word' id='word_1_42' title='bbox 202 1732 431 1801; x_wconf 82' lang='lat' dir='ltr'>Choriambum</span> <span class='ocrx_word' id='word_1_43' title='bbox 449 1744 513 1805; x_wconf 82' lang='lat' dir='ltr'><strong><em>et.</em></strong></span> <span class='ocrx_word' id='word_1_44' title='bbox 528 1795 543 1804; x_wconf 92' lang='lat'>.</span> <span class='ocrx_word' id='word_1_45' title='bbox 556 1780 577 1811; x_wconf 58' lang='lat' dir='ltr'><em>u</em></span> <span class='ocrx_word' id='word_1_46' title='bbox 590 1797 606 1805; x_wconf 85' lang='lat'><em>-</em></span> <span class='ocrx_word' id='word_1_47' title='bbox 621 1739 653 1802; x_wconf 91' lang='lat' dir='ltr'><strong><em>in</em></strong></span> <span class='ocrx_word' id='word_1_48' title='bbox 670 1738 787 1804; x_wconf 88' lang='lat' dir='ltr'>eodem</span> <span class='ocrx_word' id='word_1_49' title='bbox 804 1760 898 1803; x_wconf 86' lang='lat' dir='ltr'>versu</span> <span class='ocrx_word' id='word_1_50' title='bbox 915 1740 1062 1804; x_wconf 85' lang='lat' dir='ltr'>invenies</span> <span class='ocrx_word' id='word_1_51' title='bbox 1078 1746 1251 1826; x_wconf 81' lang='lat' dir='ltr'>praeterea</span> 
     </span>
     <span class='ocr_line' id='line_1_10' title="bbox 116 1838 404 1904; baseline 0.01 -3"><span class='ocrx_word' id='word_1_52' title='bbox 116 1838 192 1904; x_wconf 92' lang='lat' dir='ltr'>nub.</span> <span class='ocrx_word' id='word_1_53' title='bbox 216 1842 404 1904; x_wconf 70' lang='lat' dir='ltr'>arr-516:</span> 
     </span>
    </p>
   </div>
   <div class='ocr_carea' id='block_1_5' title="bbox 218 1945 1249 2404">
    <p class='ocr_par' dir='ltr' id='par_1_5' title="bbox 218 1945 1249 2404">
     <span class='ocr_line' id='line_1_11' title="bbox 218 1945 974 2042; baseline 0.005 -27"><span class='ocrx_word' id='word_1_54' title='bbox 218 1945 350 2033; x_wconf 76' lang='grc' dir='ltr'><strong><em>εὐτυχία</em></strong></span> <span class='ocrx_word' id='word_1_55' title='bbox 372 1950 497 2038; x_wconf 80' lang='grc' dir='ltr'><strong><em>γένοιτο</em></strong></span> <span class='ocrx_word' id='word_1_56' title='bbox 519 1946 720 2040; x_wconf 80' lang='grc' dir='ltr'><strong><em>τάνθρώπῳ,</em></strong></span> <span class='ocrx_word' id='word_1_57' title='bbox 746 1948 796 2019; x_wconf 82' lang='grc' dir='ltr'><strong><em>ὅτι</em></strong></span> <span class='ocrx_word' id='word_1_58' title='bbox 820 1948 974 2042; x_wconf 78' lang='grc' dir='ltr'><strong><em>προήκων</em></strong></span> 
     </span>
     <span class='ocr_line' id='line_1_12' title="bbox 477 2052 859 2148; baseline 0.005 -26"><span class='ocrx_word' id='word_1_59' title='bbox 477 2053 510 2137; x_wconf 76' lang='grc' dir='ltr'><strong><em>ἐς</em></strong></span> <span class='ocrx_word' id='word_1_60' title='bbox 532 2055 624 2144; x_wconf 70' lang='grc' dir='ltr'><strong><em>βαθὺ</em></strong></span> <span class='ocrx_word' id='word_1_61' title='bbox 646 2061 706 2148; x_wconf 84' lang='grc' dir='ltr'><strong><em>τής</em></strong></span> <span class='ocrx_word' id='word_1_62' title='bbox 728 2052 859 2148; x_wconf 85' lang='grc' dir='ltr'><strong><em>ήλικίας</em></strong></span> 
     </span>
     <span class='ocr_line' id='line_1_13' title="bbox 220 2156 1249 2251; baseline 0.01 -28"><span class='ocrx_word' id='word_1_63' title='bbox 220 2157 387 2245; x_wconf 77' lang='grc' dir='ltr'><strong><em>νεωτέροις</em></strong></span> <span class='ocrx_word' id='word_1_64' title='bbox 407 2162 467 2251; x_wconf 85' lang='grc' dir='ltr'><strong><em>τήν</em></strong></span> <span class='ocrx_word' id='word_1_65' title='bbox 489 2158 587 2250; x_wconf 73' lang='grc' dir='ltr'><strong><em>φύσιν</em></strong></span> <span class='ocrx_word' id='word_1_66' title='bbox 610 2156 713 2230; x_wconf 73' lang='grc' dir='ltr'><strong><em>αὑτοῦ</em></strong></span> <span class='ocrx_word' id='word_1_67' title='bbox 734 2158 926 2250; x_wconf 81' lang='grc' dir='ltr'><strong><em>πράγμασιν</em></strong></span> <span class='ocrx_word' id='word_1_68' title='bbox 947 2159 1137 2249; x_wconf 79' lang='grc' dir='ltr'><strong><em>χρωτίζεται</em></strong></span> <span class='ocrx_word' id='word_1_69' title='bbox 1203 2197 1249 2235; x_wconf 74' lang='grc' dir='ltr'><strong><em>σιτ</em></strong></span> 
     </span>
     <span class='ocr_line' id='line_1_14' title="bbox 476 2263 850 2356; baseline 0.005 -25"><span class='ocrx_word' id='word_1_70' title='bbox 476 2266 534 2333; x_wconf 83' lang='grc' dir='ltr'><strong><em>καὶ</em></strong></span> <span class='ocrx_word' id='word_1_71' title='bbox 557 2263 679 2356; x_wconf 82' lang='grc' dir='ltr'><strong><em>σοφίαν</em></strong></span> <span class='ocrx_word' id='word_1_72' title='bbox 700 2265 850 2334; x_wconf 76' lang='grc' dir='ltr'><strong><em>ἐπασκεῖ.</em></strong></span> 
     </span>
     <span class='ocr_line' id='line_1_15' title="bbox 578 2379 627 2404; baseline 0.02 -1"><span class='ocrx_word' id='word_1_73' title='bbox 578 2379 599 2403; x_wconf 69' lang='lat' dir='ltr'>V</span> <span class='ocrx_word' id='word_1_74' title='bbox 612 2396 627 2404; x_wconf 82' lang='grc'><strong>-</strong></span> 
     </span>
    </p>
   </div>
   <div class='ocr_carea' id='block_1_6' title="bbox 112 2664 1253 3065">
    <p class='ocr_par' dir='ltr' id='par_1_6' title="bbox 112 2664 1253 3065">
     <span class='ocr_line' id='line_1_16' title="bbox 114 2664 1253 2752; baseline 0.001 -23"><span class='ocrx_word' id='word_1_75' title='bbox 114 2664 232 2730; x_wconf 82' lang='lat' dir='ltr'>Eidem</span> <span class='ocrx_word' id='word_1_76' title='bbox 260 2667 359 2752; x_wconf 86' lang='lat' dir='ltr'>igitur</span> <span class='ocrx_word' id='word_1_77' title='bbox 381 2667 491 2731; x_wconf 86' lang='lat' dir='ltr'>versui</span> <span class='ocrx_word' id='word_1_78' title='bbox 514 2667 659 2752; x_wconf 83' lang='lat' dir='ltr'>quidem,</span> <span class='ocrx_word' id='word_1_79' title='bbox 688 2688 753 2731; x_wconf 86' lang='lat' dir='ltr'><strong><em>non</em></strong></span> <span class='ocrx_word' id='word_1_80' title='bbox 783 2666 904 2747; x_wconf 80' lang='lat' dir='ltr'>eidem,</span> <span class='ocrx_word' id='word_1_81' title='bbox 936 2668 988 2732; x_wconf 86' lang='lat' dir='ltr'><strong><em>cui</em></strong></span> <span class='ocrx_word' id='word_1_82' title='bbox 1019 2666 1253 2746; x_wconf 82' lang='lat' dir='ltr'>choriambum,</span> 
     </span>
     <span class='ocr_line' id='line_1_17' title="bbox 114 2770 1253 2857; baseline -0.002 -21"><span class='ocrx_word' id='word_1_83' title='bbox 114 2773 185 2836; x_wconf 87' lang='lat' dir='ltr'>eolo</span> <span class='ocrx_word' id='word_1_84' title='bbox 214 2814 324 2839; x_wconf 61' lang='grc' dir='ltr'><strong><em>--ο.</em></strong></span> <span class='ocrx_word' id='word_1_85' title='bbox 351 2772 532 2836; x_wconf 86' lang='lat' dir='ltr'>admixtum</span> <span class='ocrx_word' id='word_1_86' title='bbox 564 2771 646 2836; x_wconf 83' lang='lat' dir='ltr'>haec</span> <span class='ocrx_word' id='word_1_87' title='bbox 674 2770 809 2856; x_wconf 87' lang='lat' dir='ltr'>stropha</span> <span class='ocrx_word' id='word_1_88' title='bbox 838 2771 958 2850; x_wconf 80' lang='lat' dir='ltr'>habet‚&#39;</span> <span class='ocrx_word' id='word_1_89' title='bbox 987 2793 1051 2857; x_wconf 90' lang='lat' dir='ltr'><strong><em>quo</em></strong></span> <span class='ocrx_word' id='word_1_90' title='bbox 1083 2775 1119 2834; x_wconf 89' lang='lat' dir='ltr'><strong><em>ut</em></strong></span> <span class='ocrx_word' id='word_1_91' title='bbox 1148 2772 1253 2835; x_wconf 87' lang='lat' dir='ltr'>minus</span> 
     </span>
     <span class='ocr_line' id='line_1_18' title="bbox 113 2875 1252 2960; baseline 0.001 -20"><span class='ocrx_word' id='word_1_92' title='bbox 113 2878 362 2958; x_wconf 84' lang='lat' dir='ltr'>offenderemur,</span> <span class='ocrx_word' id='word_1_93' title='bbox 385 2878 417 2941; x_wconf 91' lang='lat' dir='ltr'><strong><em>in</em></strong></span> <span class='ocrx_word' id='word_1_94' title='bbox 434 2876 528 2940; x_wconf 89' lang='lat' dir='ltr'>binos</span> <span class='ocrx_word' id='word_1_95' title='bbox 543 2897 657 2940; x_wconf 85' lang='lat' dir='ltr'>versus</span> <span class='ocrx_word' id='word_1_96' title='bbox 675 2897 704 2941; x_wconf 89' lang='lat' dir='ltr'><strong><em>v.</em></strong></span> <span class='ocrx_word' id='word_1_97' title='bbox 722 2878 792 2940; x_wconf 84' lang='lat'>513.</span> <span class='ocrx_word' id='word_1_98' title='bbox 818 2879 879 2938; x_wconf 83' lang='lat'><strong><em>515</em></strong></span> <span class='ocrx_word' id='word_1_99' title='bbox 905 2875 1149 2960; x_wconf 79' lang='lat' dir='ltr'>discerpserunt</span> <span class='ocrx_word' id='word_1_100' title='bbox 1164 2875 1252 2941; x_wconf 89' lang='lat' dir='ltr'>Her·</span> 
     </span>
     <span class='ocr_line' id='line_1_19' title="bbox 112 2972 691 3065; baseline 0 -20"><span class='ocrx_word' id='word_1_101' title='bbox 112 3003 261 3062; x_wconf 81' lang='lat' dir='ltr'>mannus,</span> <span class='ocrx_word' id='word_1_102' title='bbox 285 2972 493 3061; x_wconf 56' lang='lat' dir='ltr'>Meinekius‚&#39;</span> <span class='ocrx_word' id='word_1_103' title='bbox 516 2979 691 3065; x_wconf 85' lang='lat' dir='ltr'>Bergkius.</span> 
     </span>
    </p>
   </div>
   <div class='ocr_carea' id='block_1_7' title="bbox 200 3151 1250 3237">
    <p class='ocr_par' dir='ltr' id='par_1_7' title="bbox 200 3151 1250 3237">
     <span class='ocr_line' id='line_1_20' title="bbox 200 3151 1250 3237; baseline -0.002 -18"><span class='ocrx_word' id='word_1_104' title='bbox 200 3155 327 3235; x_wconf 79' lang='lat' dir='ltr'>Restat,</span> <span class='ocrx_word' id='word_1_105' title='bbox 341 3160 377 3218; x_wconf 90' lang='lat' dir='ltr'><strong><em>ut</em></strong></span> <span class='ocrx_word' id='word_1_106' title='bbox 389 3154 430 3219; x_wconf 86' lang='lat' dir='ltr'><strong><em>de</em></strong></span> <span class='ocrx_word' id='word_1_107' title='bbox 440 3153 606 3218; x_wconf 88' lang='lat' dir='ltr'>Ranarum</span> <span class='ocrx_word' id='word_1_108' title='bbox 618 3153 761 3217; x_wconf 85' lang='lat' dir='ltr'>carmine</span> <span class='ocrx_word' id='word_1_109' title='bbox 772 3154 937 3216; x_wconf 76' lang='lat' dir='ltr'>tce-221</span> <span class='ocrx_word' id='word_1_110' title='bbox 952 3172 1055 3236; x_wconf 84' lang='lat' dir='ltr'>pauca</span> <span class='ocrx_word' id='word_1_111' title='bbox 1066 3151 1202 3216; x_wconf 85' lang='lat' dir='ltr'>adiciam</span> <span class='ocrx_word' id='word_1_112' title='bbox 1211 3176 1216 3216; x_wconf 96' lang='lat'><strong>:</strong></span> <span class='ocrx_word' id='word_1_113' title='bbox 1225 3153 1250 3237; x_wconf 88' lang='lat'><strong><em>¹)</em></strong></span> 
     </span>
    </p>
   </div>
   <div class='ocr_carea' id='block_1_8' title="bbox 319 3267 1248 4194">
    <p class='ocr_par' dir='ltr' id='par_1_8' title="bbox 319 3267 1248 4194">
     <span class='ocr_line' id='line_1_21' title="bbox 469 3267 882 3362; baseline -0.012 -20"><span class='ocrx_word' id='word_1_114' title='bbox 469 3272 667 3362; x_wconf 74' lang='grc' dir='ltr'><strong><em>[βρεκεκεκὲξ</em></strong></span> <span class='ocrx_word' id='word_1_115' title='bbox 686 3268 768 3354; x_wconf 86' lang='grc' dir='ltr'><strong><em>κοὰξ</em></strong></span> <span class='ocrx_word' id='word_1_116' title='bbox 790 3267 882 3352; x_wconf 82' lang='grc' dir='ltr'><strong><em>κοὰξ,</em></strong></span> 
     </span>
     <span class='ocr_line' id='line_1_22' title="bbox 466 3372 1248 3467; baseline -0.01 -20"><span class='ocrx_word' id='word_1_117' title='bbox 466 3378 653 3467; x_wconf 77' lang='grc' dir='ltr'><strong><em>βρεκεκεκὲξ</em></strong></span> <span class='ocrx_word' id='word_1_118' title='bbox 674 3374 758 3459; x_wconf 83' lang='grc' dir='ltr'><strong><em>κοὰξ</em></strong></span> <span class='ocrx_word' id='word_1_119' title='bbox 779 3372 870 3458; x_wconf 81' lang='grc' dir='ltr'><strong><em>κοάξ.</em></strong></span> <span class='ocrx_word' id='word_1_120' title='bbox 1202 3410 1248 3449; x_wconf 69' lang='lat'><strong><em>210</em></strong></span> 
     </span>
     <span class='ocr_line' id='line_1_23' title="bbox 465 3479 873 3568; baseline -0.01 -19"><span class='ocrx_word' id='word_1_121' title='bbox 465 3484 602 3567; x_wconf 85' lang='grc' dir='ltr'><strong><em>λιμναῖα</em></strong></span> <span class='ocrx_word' id='word_1_122' title='bbox 624 3483 746 3568; x_wconf 81' lang='grc' dir='ltr'><strong><em>κρηνῶν</em></strong></span> <span class='ocrx_word' id='word_1_123' title='bbox 767 3479 873 3566; x_wconf 68' lang='grc' dir='ltr'><strong><em>τέκνα,</em></strong></span> 
     </span>
     <span class='ocr_line' id='line_1_24' title="bbox 467 3581 867 3671; baseline -0.005 -19"><span class='ocrx_word' id='word_1_124' title='bbox 467 3583 623 3668; x_wconf 79' lang='grc' dir='ltr'><strong><em>ξύναυλον</em></strong></span> <span class='ocrx_word' id='word_1_125' title='bbox 644 3583 752 3669; x_wconf 74' lang='grc' dir='ltr'><strong><em>ὕμνων</em></strong></span> <span class='ocrx_word' id='word_1_126' title='bbox 773 3581 867 3671; x_wconf 77' lang='grc' dir='ltr'><strong><em>βοὰν]</em></strong></span> 
     </span>
     <span class='ocr_line' id='line_1_25' title="bbox 319 3682 954 3780; baseline -0.009 -22"><span class='ocrx_word' id='word_1_127' title='bbox 319 3684 544 3780; x_wconf 78' lang='grc' dir='ltr'><strong><em>φθεγξώμεθ’,</em></strong></span> <span class='ocrx_word' id='word_1_128' title='bbox 568 3684 699 3777; x_wconf 66' lang='grc' dir='ltr'><strong><em>εὔγηρυν</em></strong></span> <span class='ocrx_word' id='word_1_129' title='bbox 722 3685 804 3773; x_wconf 79' lang='grc' dir='ltr'><strong><em>ἐμὰν</em></strong></span> <span class='ocrx_word' id='word_1_130' title='bbox 827 3682 954 3770; x_wconf 78' lang='grc' dir='ltr'><strong><em>ἀοιδὰν,</em></strong></span> 
     </span>
     <span class='ocr_line' id='line_1_26' title="bbox 468 3790 676 3883; baseline -0.01 -22"><span class='ocrx_word' id='word_1_131' title='bbox 468 3791 562 3883; x_wconf 78' lang='grc' dir='ltr'><strong><em>[κοὰξ</em></strong></span> <span class='ocrx_word' id='word_1_132' title='bbox 584 3790 676 3875; x_wconf 82' lang='grc' dir='ltr'><strong><em>κοὰξ,</em></strong></span> 
     </span>
     <span class='ocr_line' id='line_1_27' title="bbox 466 3889 785 3989; baseline -0.003 -25"><span class='ocrx_word' id='word_1_133' title='bbox 466 3889 505 3989; x_wconf 82' lang='grc' dir='ltr'><strong><em>ήν</em></strong></span> <span class='ocrx_word' id='word_1_134' title='bbox 527 3891 615 3987; x_wconf 77' lang='grc' dir='ltr'><strong><em>ἀμφὶ</em></strong></span> <span class='ocrx_word' id='word_1_135' title='bbox 639 3893 785 3987; x_wconf 76' lang='grc' dir='ltr'><strong><em>Νυσήιον</em></strong></span> 
     </span>
     <span class='ocr_line' id='line_1_28' title="bbox 465 3998 796 4083; baseline -0.012 -13"><span class='ocrx_word' id='word_1_136' title='bbox 465 3999 549 4083; x_wconf 83' lang='grc' dir='ltr'><strong><em>Διὸς</em></strong></span> <span class='ocrx_word' id='word_1_137' title='bbox 571 3998 741 4069; x_wconf 82' lang='grc' dir='ltr'><strong><em>Διώνυσον</em></strong></span> <span class='ocrx_word' id='word_1_138' title='bbox 763 4000 796 4066; x_wconf 77' lang='grc' dir='ltr'><strong><em>ἓν</em></strong></span> 
     </span>
     <span class='ocr_line' id='line_1_29' title="bbox 464 4102 848 4194; baseline -0.013 -19"><span class='ocrx_word' id='word_1_139' title='bbox 464 4106 649 4192; x_wconf 77' lang='grc' dir='ltr'><strong><em>Λίμναισιν</em></strong></span> <span class='ocrx_word' id='word_1_140' title='bbox 674 4102 848 4194; x_wconf 77' lang='grc' dir='ltr'><strong><em>ἅχήσαμεν,</em></strong></span> 
     </span>
    </p>
   </div>
   <div class='ocr_carea' id='block_1_9' title="bbox 180 4247 567 4317">
    <p class='ocr_par' dir='ltr' id='par_1_9' title="bbox 180 4247 567 4317">
     <span class='ocr_line' id='line_1_30' title="bbox 180 4247 567 4317; baseline -0.003 -17"><span class='ocrx_word' id='word_1_141' title='bbox 180 4254 201 4311; x_wconf 77' lang='lat'><strong><em>¹)</em></strong></span> <span class='ocrx_word' id='word_1_142' title='bbox 223 4247 376 4317; x_wconf 67' lang='lat' dir='ltr'>westphst</span> <span class='ocrx_word' id='word_1_143' title='bbox 396 4248 443 4300; x_wconf 85' lang='lat'><strong><em>11²</em></strong></span> <span class='ocrx_word' id='word_1_144' title='bbox 463 4267 489 4316; x_wconf 81' lang='lat' dir='ltr'><strong><em>p.</em></strong></span> <span class='ocrx_word' id='word_1_145' title='bbox 507 4247 567 4300; x_wconf 75' lang='lat'>840.</span> 
     </span>
    </p>
   </div>
   <div class='ocr_carea' id='block_1_10' title="bbox 0 0 1482 4822">
    <p class='ocr_par' dir='ltr' id='par_1_10' title="bbox 0 0 1482 4822">
     <span class='ocr_line' id='line_1_31' title="bbox 0 0 1482 4822; baseline 0 1"><span class='ocrx_word' id='word_1_146' title='bbox 0 0 1482 4822; x_wconf 95' lang='lat' dir='ltr'><strong><em> </em></strong></span> 
     </span>
    </p>
   </div>
  </div>
 </body>
</html>
