2948 4808
202 299 222 360 ε
655 334 694 344 -
743 292 808 384 [ει]
854 334 895 345 -

202 508 235 550 n.
260 459 376 564 altero,
409 488 463 573 qui
491 486 532 553 de
562 487 751 553 choriambo
775 488 807 552 in
831 508 915 552 nono
940 488 1047 574 capit-e
1071 486 1240 552 enchiridii
1270 487 1339 572 egit

204 598 303 676 atque
337 590 387 654 his
421 592 530 656 verbis
564 592 690 655 initium
724 593 840 678 capitis
873 591 967 656 fecit:
984 593 1007 676 ¹)
1052 586 1090 658 τὸ
1124 590 1339 677 χοριαμβικόν

204 691 396 761 συντίθεται
417 694 477 778 μὲν
499 693 555 761 καί
586 691 751 781 καθαρόν,
783 691 974 761 συντίθεται
1006 693 1042 761 δὲ
1074 693 1131 761 καὶ
1165 691 1340 778 ἐπίμικτον

204 793 289 884 πρὸς
310 793 371 877 τὰς
386 793 553 883 ίαμβικοίς,
577 799 618 862 ed
642 820 726 884 quae
750 799 851 863 verba
874 798 999 863 scholia
1014 799 1193 862 vetustiora
1212 799 1242 862 A
1258 799 1339 864 haec

204 901 416 987 exhibent:²)
450 898 488 975 τὸ
515 897 729 988 χοριαμβικόν
756 901 882 983 δέχεται
904 897 961 966 τὸν
986 898 1166 987 χορίαμβον
1192 900 1249 966 καί
1280 896 1340 980 τὰς

205 999 363 1089 ίαμβικὰς
397 1001 560 1091 συζυγίας·
693 1002 823 1071 Γίνεται
862 1004 898 1071 δὲ
936 1003 992 1069 καὶ
1032 1002 1245 1091 διαλυομένης
1281 1005 1341 1093 τῆς

204 1104 336 1197 πρώτης
362 1109 490 1194 μακρᾶς
519 1104 567 1186 εἰς
593 1104 652 1173 δύο
679 1104 834 1193 βραχείας
861 1102 1127 1191 ντεντασίλλαβος
1147 1102 1185 1172 ἐκ
1206 1103 1335 1194 χορείου

205 1213 260 1280 καί
286 1210 423 1300 ἰάμβου·
447 1208 527 1280 ὅθεν
548 1209 629 1293 ἴσως
651 1212 707 1279 καί
730 1208 944 1299 χοριαμβικὸν
961 1208 1095 1302 ἐκλήθη.
1129 1212 1222 1280 Oonf.
1239 1216 1339 1279 ctiam

206 1319 307 1384 schol.
330 1319 371 1383 ad
403 1340 472 1405 cap.
498 1321 536 1382 16
564 1315 641 1404 περὶ
676 1314 1047 1405 πολυσχηματίστωνῑῧ)
1081 1310 1339 1402 ὑπερτιθεμένου

204 1418 264 1509 γὰρ
286 1424 345 1487 τοῦ
366 1423 426 1511 τῆς
446 1423 574 1507 μακρᾶς
596 1417 710 1508 χρόνου
732 1420 765 1486 ἐν
787 1423 834 1509 τῷ
857 1417 1003 1509 ἰαμβικῷ
1025 1418 1148 1508 γίνεται
1164 1428 1340 1507 χοριαμβι-

204 1520 260 1591 cdv
289 1526 409 1614 σχῆμα.
459 1525 555 1589 Hanc
585 1525 836 1611 explicationem
866 1525 1112 1591 Studemundus
1143 1548 1234 1591 suam
1266 1547 1340 1592 ease

205 1629 322 1708 voluit,
356 1628 419 1692 nisi
450 1627 536 1713 quod
564 1628 848 1714 Hephaestionem
880 1630 914 1693 in
942 1651 983 1694 co
1012 1630 1222 1717 vituperavit,
1256 1629 1341 1715 quod

207 1733 429 1797 choriambum
468 1753 511 1797 ex
542 1789 684 1803 ,,,,,
718 1739 824 1797 ortum
862 1754 937 1799 esse
981 1733 1162 1809 contendit;
1204 1735 1342 1820 figuram

207 1893 347 1908 ,,,,,
378 1836 463 1901 enirn
498 1857 562 1899 non
593 1842 659 1899 tarn
850 1837 1105 1921 intellegendam
1137 1859 1209 1902 esse
1245 1859 1340 1923 quarn

208 2000 227 2022 .,
241 1937 356 2021 ἕω,
379 1947 416 2005 ut
440 1946 527 2004 esset
549 1940 667 2003 solutio
691 1939 823 2004 diiambi
847 1997 865 2011 ,

293 2061 424 2150 Optime
448 2061 586 2148 quadrat
609 2060 650 2125 ad
673 2061 755 2126 haec
772 2061 1028 2149 Hephaestionis
1050 2061 1152 2126 verba
1171 2068 1342 2148 poetarum

207 2187 296 2233 usus.
342 2165 452 2231 Prima
474 2167 560 2231 inter
583 2187 640 2231 cos
662 2171 795 2252 poetas,
827 2187 962 2251 quorum
987 2165 1131 2231 carmina
1153 2165 1259 2230 adhuc
1284 2188 1342 2232 ex-

209 2276 294 2350 tant,
326 2270 452 2336 Saeruo
482 2292 542 2335 usa
565 2277 614 2335 est
638 2269 826 2334 choriambo
858 2277 955 2356 atque
983 2265 1149 2356 ἐπιμίκτῳ
1178 2264 1262 2353 πρὸς
1283 2265 1344 2349 τὰς

209 2369 370 2460 ίαμβικάς
392 2376 425 2440 in
449 2381 638 2441 tetrametro
661 2375 868 2439 catalectico:
892 2374 931 2441 fr.
955 2378 995 2438 60
1006 2373 1034 2459 ⁴)

325 2510 429 2578 Δεῦτέ·
449 2537 504 2578 νον
527 2503 626 2596 ίίβραι
652 2503 794 2596 Χάριτες
814 2506 1011 2595 καλλίκομοί
1032 2534 1068 2577 τε
1091 2514 1233 2577 Μοῖσαι.

328 2642 451 2680 -υυ-,
474 2640 599 2678 nav-5
623 2639 746 2678 .υυ-,
769 2630 866 2678 υ..;

207 2783 225 2797 ,
240 2779 288 2785 --
313 2722 399 2786 enirn
429 2719 508 2784 nihil
536 2718 624 2783 aliud
655 2725 706 2783 est
733 2719 796 2792 nisi
825 2717 959 2806 dipodia
986 2718 1125 2793 iambica
1153 2718 1344 2784 catalectico

213 2820 293 2898 .-ζ
316 2845 374 2913 pro
530 2822 661 2887 cadens.

298 2945 383 3011 Item
405 2946 444 3010 fr.
468 2949 506 3009 61

211 3240 418 3307 choriambus
442 3261 515 3305 cum
538 3239 670 3326 dipodia
688 3238 828 3303 iambica
851 3237 1041 3301 catalectiea
1064 3236 1255 3301 coniunctus
1278 3240 1345 3304 cst:

210 3345 388 3412 secundum
424 3342 560 3428 Bergkii
596 3343 792 3408 sententiam
824 3341 886 3405 hoc
922 3341 1140 3426 fragmentum
1176 3338 1218 3404 ad
1257 3337 1344 3402 idern

211 3472 342 3516 carmen
365 3449 509 3536 pertinet
531 3447 572 3513 ad
595 3447 681 3532 quod
703 3446 742 3512 fr.
765 3449 817 3509 60.

295 3554 418 3629 Quater
448 3553 509 3618 iste
549 3551 730 3616 versiculus
762 3597 889 3630 -..-‚
1016 3553 1192 3634 usurpatus
1223 3552 1274 3610 est
1311 3546 1343 3609 in

212 3675 251 3740 fr.
276 3679 316 3740 99
568 3664 684 3757 ’Όλβιε
705 3665 838 3758 γάμβρε,
862 3667 915 3735 σοί
938 3667 998 3753 μὲν

570 3770 611 3864 δὴ
634 3773 747 3861 γάμος,
770 3766 815 3853 ὥς
837 3766 931 3859 docto,

281 3918 300 3979 ¹)
318 3913 469 3983 Hephaest.
494 3930 521 3981 p.
546 3912 581 3965 30
604 3912 645 3966 ed.
664 3911 826 3980 Westphol‚
853 3928 938 3979 quma
967 3909 1118 3963 editionem
1146 3907 1175 3962 in
1203 3906 1344 3961 laudando

209 3999 418 4069 Hephaestione
436 3997 541 4066 ubique
559 4001 671 4052 secutus
689 4016 757 4051 sum.

282 4088 304 4153 ²)
322 4084 471 4154 Hephaest.
491 4102 518 4153 p.
538 4085 597 4137 179.

281 4176 302 4237 ¹)
320 4172 470 4241 Hephaest.
489 4189 515 4240 p.
533 4171 593 4226 212.

280 4261 301 4326 ⁴)
320 4259 469 4328 llephacat.
488 4277 514 4327 p.
533 4258 574 4310 31.
612 4254 758 4325 Westphal
778 4254 825 4308 ll²
844 4271 870 4324 p.
890 4253 946 4308 766.
