2954 4808
749 280 840 366 [140]

511 476 557 528 nu
576 475 801 528 Inessuacrl
821 476 1081 530 commotivo,

330 580 369 647 A.
404 580 630 666 Imperfectum
647 581 833 646 coniunctivi
848 602 907 666 pro
924 581 1280 668 plusquamperfecto,
1302 609 1401 671 prae·

226 688 318 772 cipue
348 688 381 752 in
412 685 681 752 condicionalibus
713 686 884 750 enuntiatis
914 687 1100 766 arealibus,
1137 710 1400 778 nonnunquam

225 792 314 876 quasi
339 813 396 877 per
418 791 743 878 repraesentationem
769 801 937 877 usurpatur
959 792 1013 873 itu,
1037 799 1072 856 ut
1097 794 1154 859 vel
1175 795 1213 860 in
1232 797 1400 879 primaria

224 898 275 962 vel
298 897 328 960 in
362 897 572 962 condicionali
602 897 653 961 vel
681 897 713 961 in
743 903 877 982 utraque
906 897 1062 962 sententia
1095 900 1272 982 temporis
1307 922 1399 967 com·

225 1002 358 1067 mutatio
381 1003 447 1068 fiat.
472 1002 599 1077 ‘Quam
623 1002 904 1066 commutationem
928 1003 988 1066 iam
1004 1000 1078 1066 inde
1095 1024 1116 1066 a
1133 1003 1258 1068 Plauti
1279 1013 1397 1071 aetate

226 1106 336 1190 optimi
359 1106 531 1191 scriptores
553 1126 616 1170 non
641 1127 713 1170 raro
745 1105 941 1170 admiserunt
971 1105 1135 1189 vulgarem
1169 1113 1289 1175 secuti
1325 1133 1395 1177 ser·

225 1230 361 1276 monem.
406 1209 532 1294 Vulgus
556 1210 651 1291 enim,
681 1232 752 1275 cum
776 1209 850 1274 inde
882 1210 1141 1275 aremotissimis
1169 1215 1392 1299 temporibus

224 1313 445 1397 differentiam,
481 1336 563 1400 quae
590 1316 671 1379 inter
693 1313 915 1398 imperfectum
951 1320 982 1379 et
1012 1314 1390 1401 plusquamperfectum

224 1418 402 1500 intercedit,
432 1440 496 1484 non
526 1420 650 1504 penitus
678 1418 897 1499 intellexisset,
927 1417 1022 1482 modo
1052 1418 1292 1504 imperfectum
1326 1445 1388 1509 pro

225 1522 537 1608 plusquamperfecto
554 1523 712 1596 collocari,
724 1521 818 1587 modo
836 1521 898 1586 lroc
912 1542 970 1606 pro
985 1522 1039 1585 illo
1051 1541 1187 1606 passum
1203 1532 1267 1606 est,
1282 1536 1388 1615 atque

223 1626 269 1689 ita
291 1626 429 1712 quidem,
460 1635 496 1692 ut
519 1628 678 1711 prioribus
701 1627 896 1711 temporibus
922 1625 1009 1707 illud,
1038 1633 1151 1711 postea
1188 1629 1256 1693 hoc
1293 1653 1385 1697 com·

224 1731 408 1796 mutationis
440 1753 541 1815 genus
570 1732 787 1817 praevaluerit
819 1730 968 1817 idemque
996 1732 1029 1796 in
1057 1731 1261 1799 Romanicas
1296 1760 1383 1824 quas

224 1835 356 1902 dicimus
379 1837 506 1921 linguas
522 1837 692 1902 transierit.
730 1837 919 1901 Ammianus
936 1836 1084 1921 exempla
1099 1839 1281 1925 utriusque
1298 1863 1380 1908 usus
1421 1823 1424 1831 ,

224 1941 357 2025 praebet
385 1939 439 2022 (cf.
462 1963 534 2026 pag.
561 1943 600 2006 14
624 1939 705 2027 sq.):
738 1961 833 2025 saepe
857 1941 920 2020 illo,
942 1939 1028 2005 haud
1052 1961 1122 2005 raro
1155 1942 1223 2008 hoc
1259 1948 1377 2013 utitur.

327 2067 355 2111 a
401 2044 439 2110 In
461 2046 610 2131 primaria
632 2046 805 2111 sententia:
828 2048 879 2111 29.
906 2048 933 2126 l,
958 2047 996 2109 17
1020 2044 1102 2110 atter
1218 2050 1257 2112 in
1289 2051 1379 2116 cubi·

224 2151 294 2215 calc
308 2152 414 2215 iacens
429 2150 663 2233 confoderetur,
686 2153 721 2216 ni
736 2151 859 2216 tulisset
874 2151 1037 2235 suppetias
1049 2150 1144 2234 filius
1157 2152 1373 2236 adulescmrs;

223 2255 275 2318 24.
299 2258 329 2335 4,
353 2256 394 2318 24
416 2276 485 2319 cnm
507 2276 539 2321 se
561 2257 644 2321 uitro
667 2255 804 2340 offerret,
835 2256 864 2319 si
889 2255 976 2319 mites
996 2254 1120 2340 fuisset
1149 2258 1373 2325 memorabilis

224 2361 366 2423 conscius
380 2359 480 2444 facti.

326 2461 357 2528 b.
402 2462 439 2526 In
464 2462 652 2529 secundaria
674 2463 847 2529 sententia:
876 2464 927 2529 22.
953 2464 1003 2543 10,
1026 2464 1045 2526 6
1069 2461 1112 2527 Et
1132 2466 1372 2532 aestimabatur

224 2616 283 2631 ...
307 2572 392 2631 cetus
414 2566 470 2631 itta
492 2565 625 2631 Iustitia
649 2612 705 2632 ...
727 2566 902 2650 imperante
923 2585 956 2630 eo
979 2563 1138 2650 (Iuliano)
1160 2588 1297 2634 reversa
1324 2571 1369 2635 cd

222 2676 337 2752 terras,
359 2671 395 2734 ni
415 2670 572 2756 maedam
594 2690 651 2734 suo
674 2677 792 2754 operat,
819 2691 883 2735 non
905 2672 1007 2754 tepum
1031 2669 1165 2734 arbitrio
1189 2692 1368 2761 erransque

223 2775 410 2856 aliquotiens
432 2772 627 2838 obnubilaret
649 2774 830 2858 ptoriarum
853 2774 1038 2858 multiplices
1061 2791 1192 2856 cursus3
1220 2777 1274 2843 15.
1302 2781 1364 2852 1‚4

221 2898 355 2964 namque
377 2879 500 2943 etiamsi
522 2879 712 2943 mundorum
732 2880 905 2963 infinitates
927 2879 1102 2945 Democriti
1121 2877 1366 2964 (Constantius)

221 2989 351 3066 reperet,
375 3032 382 3047 .
407 3033 414 3048 .
439 3032 446 3047 .
469 2983 506 3047 id
528 2988 723 3066 reputasset3
749 2985 799 3048 16.
824 2985 854 3066 l,
877 2987 896 3047 5
919 3004 1006 3069 quern
1035 2984 1064 3047 si
1086 2981 1244 3048 Constans
1266 2986 1364 3069 impe·

221 3092 312 3150 rotor
334 3135 393 3152 ...
417 3086 543 3152 audiret
565 3086 695 3151 honesta
717 3087 898 3152 suadentem
920 3093 948 3152 et
970 3092 1067 3168 recta,
1089 3086 1180 3150 nullo
1206 3137 1266 3154 ...
1292 3110 1362 3174 pec-

222 3197 339 3271 casset3
370 3191 421 3257 25.
446 3193 476 3270 4,
504 3193 540 3255 19
566 3192 602 3254 ni
623 3190 811 3269 oueuderet3
842 3192 893 3255 31.
928 3189 977 3272 10,
1004 3192 1042 3254 19
1071 3191 1101 3254 si
1129 3197 1270 3275 reperct3
1310 3197 1362 3262 l‘l.

224 3295 273 3375 13,
297 3296 327 3358 9.
1061 3296 1062 3301 ’

325 3417 351 3461 c.
385 3396 424 3460 In
441 3402 577 3481 utraque
599 3396 772 3462 sententia:
806 3401 855 3464 15.
872 3399 902 3478 6,
919 3399 938 3460 3
966 3394 1054 3462 Unde
1075 3396 1251 3482 apparebat
1267 3401 1362 3487 quod,

221 3501 250 3565 si
279 3520 479 3585 praesumere
511 3500 661 3575 fcmnnae
694 3501 868 3585 superioris
896 3502 1038 3586 insipnia
1068 3508 1252 3583 conaretur,
1286 3507 1363 3570 auri

221 3610 288 3667 tum
311 3624 408 3689 praue
429 3604 553 3688 pondus
575 3606 752 3688 tarpiretur
774 3611 808 3669 ut
828 3625 929 3670 suum.
975 3605 1039 3669 Pro
1061 3605 1257 3689 imperfectis
1273 3608 1362 3693 plus·

222 3708 462 3792 quamperfecta
486 3709 654 3774 Ammiano
686 3716 777 3774 erant
803 3708 980 3785 scribenda,
1011 3730 1083 3773 cum
1112 3708 1263 3775 Silvanus
1296 3733 1360 3777 non

220 3811 392 3896 largiturus
426 3814 594 3896 pecuniam
631 3821 714 3878 esset
750 3813 805 3878 sed
839 3813 900 3877 iam
943 3811 1063 3877 dudum
1100 3812 1245 3896 largitus.
1308 3818 1361 3884 25.

224 3917 272 3994 10,
295 3918 314 3981 5
340 3917 427 3980 cuius
450 3914 597 3999 (Iuliani)
622 3965 628 3980 .
653 3968 660 3983 .
687 3969 693 3982 .
722 3919 840 3982 cineres
861 3918 944 4003 siqui
965 3923 1039 3980 tnnc
1067 3917 1147 3980 iuste
1176 3920 1362 4003 consuleret,

220 4040 283 4084 non
299 4018 427 4101 Cydnus
449 4020 552 4085 uidere
574 4019 693 4085 deberet
716 4065 776 4086 ...
798 4021 854 4085 sed
877 4071 935 4086 ...
955 4019 1220 4104 praeterlambere
1242 4023 1361 4093 tiberis.

325 4122 542 4190 Commutatio
576 4124 754 4210 imperfecti
788 4133 821 4190 et
854 4123 1158 4209 plusquamperfecti
1191 4127 1296 4192 rarius
1328 4131 1361 4194 in

222 4229 336 4293 ceteris
360 4238 488 4314 praeter
510 4227 742 4293 condicionalis
765 4230 998 4294 enuntiatorum
1014 4227 1185 4312 generibus
1202 4234 1360 4299 occurrit:

225 4333 273 4395 14.
310 4333 344 4409 1,
377 4332 396 4396 6
430 4330 566 4395 relaturi
598 4352 677 4418 quae
711 4331 877 4416 audirent3
913 4333 963 4397 29.
995 4333 1030 4410 3,
1064 4334 1080 4395 7
1116 4351 1248 4419 cumque
1280 4335 1362 4402 nibil
