2956 4822
235 1399 280 1508 ln
303 1442 442 1508 Terentii
472 1444 640 1509 comoediis
672 1467 743 1509 cum
771 1445 966 1529 aliquamdiu
995 1445 1133 1510 studium
1167 1446 1259 1510 collo-

131 1569 262 1630 cassem,
292 1566 406 1632 operae
437 1548 572 1633 pretium
604 1549 745 1612 facturus
768 1571 835 1613 esse
858 1549 933 1613 mihi
957 1549 1098 1628 videbar,
1121 1550 1147 1613 si
1170 1549 1258 1634 quid·

132 1651 207 1735 quid
241 1673 281 1714 ex
311 1641 462 1735 'prologis
496 1650 693 1715 Terentianis
728 1652 768 1716 ad
811 1652 894 1715 illius
934 1655 1046 1716 aetatis
1083 1653 1260 1716 litterarum

133 1755 294 1819 historiam
318 1754 396 1818 lucis
412 1754 518 1817 afferri
534 1762 648 1837 posset,
671 1755 729 1819 sub
744 1777 805 1818 uno
823 1762 991 1839 conspeetu
1005 1776 1164 1840 ponerem.
1199 1755 1260 1830 Qui

131 1860 253 1944 prologi
283 1864 315 1923 et
344 1857 384 1922 ad
407 1859 656 1940 cognoscendam
681 1859 829 1944 temporis
852 1861 927 1932 eius,
960 1880 1022 1943 quo
1046 1857 1186 1921 Terentii
1209 1879 1260 1922 co·

133 1963 275 2026 moediae
306 1969 395 2025 actae
425 1970 506 2028 sunt.
538 1963 714 2026 litterarum
744 1961 963 2027 Romanarum
988 1962 1206 2026 condicionem
1229 1969 1260 2026 et

64 2159 65 2162 Ἴ
132 2065 171 2129 ad
189 2066 302 2145 studia,
326 2066 439 2150 quibus
461 2074 655 2149 spectatores
678 2066 801 2130 fabulas
824 2067 980 2151 prosecuti
1002 2074 1084 2145 suut,
1108 2072 1191 2128 recte
1214 2066 1260 2128 in·

134 2169 314 2253 tellcgenda
337 2169 422 2233 haud
445 2170 522 2234 levis
545 2178 616 2235 suut
632 2172 790 2234 momenti.
825 2171 931 2255 Atque
955 2171 1064 2233 iamin
1079 2170 1260 2232 universum

135 2273 274 2337 Terentii
297 2269 446 2358 prologos
469 2296 538 2338 cum
561 2276 704 2358 prologis
726 2284 901 2339 ceterorum
916 2282 1080 2359 poetarum
1097 2278 1128 2336 et
1144 2271 1261 2335 Roma·

132 2397 244 2441 norum
275 2384 306 2440 et
337 2377 528 2441 Graecorum
562 2380 818 2462 comparantibus
851 2379 1017 2442 discrimen
1047 2375 1174 2460 aliquod
1206 2395 1260 2459 ap·

133 2481 264 2566 parebit.
317 2480 410 2560 Nam,
440 2489 475 2544 ut
498 2483 641 2545 omittam
664 2481 812 2563 Graecos,
834 2482 1055 2545 Plautinarum
1079 2478 1258 2543 fabularum

132 2585 265 2670 prologi,
297 2604 428 2667 quorum
457 2592 493 2647 ut
523 2586 676 2667 originem
708 2587 752 2648 ita
774 2586 910 2650 rationes
932 2586 1007 2649 satis
1030 2584 1170 2647 diversas
1193 2602 1260 2647 esse

133 2689 284 2763 constat,¹
309 2693 364 2749 aut
387 2686 524 2751 breviter
546 2687 672 2750 titulum
696 2687 823 2751 fabulae
851 2686 898 2770 (et
921 2688 1112 2770 exemplaris
1135 2685 1261 2757 Graeci)

133 2811 310 2874 nomenque
339 2798 454 2874 poetae
487 2791 638 2854 exhibent
667 2799 722 2854 aut
751 2791 849 2854 fusius
880 2799 1101 2875 argumentum
1134 2790 1261 2853 fabulae

134 2895 313 2959 describunt
336 2902 391 2958 aut
414 2894 548 2978 denique
564 2895 721 2958 scaenicas
741 2916 801 2976 res,
824 2897 930 2978 gregis
945 2894 1117 2971 commoda,
1140 2899 1261 2977 specta·

134 3006 236 3062 torum
258 2998 363 3061 studia
385 3019 550 3082 moresque
578 2999 803 3082 perstringunt,
834 2999 979 3081 precibus
1000 2997 1186 3062 conviciisve
1209 3017 1262 3060 eos

132 3110 168 3165 ut
189 3124 260 3166 eum
283 3103 406 3166 silentio
430 3102 570 3166 fabulam
588 3102 718 3166 audiant
735 3103 909 3187 animisque
926 3102 1086 3167 benevolis
1101 3101 1262 3184 excipiant

133 3207 344 3286 cohortantur,
368 3206 490 3270 invidos
513 3206 756 3270 et.histrionum
779 3206 920 3270 fautores
942 3206 1067 3289 iniquos
1091 3205 1259 3269 deterrent.

235 3311 496 3374 Terentianorum
528 3310 729 3395 prologorum
763 3309 902 3375 condicio
936 3309 999 3372 alia
1031 3315 1087 3373 cst.
1149 3307 1261 3392 Neque

134 3413 217 3477 enim
231 3413 275 3476 ita
288 3412 462 3477 aTereutio
478 3420 718 3497 componuntur,
730 3421 765 3476 ut
780 3420 835 3476 aut
850 3419 1073 3496 argumentum
1084 3410 1262 3475 comoediae

134 3523 299 3580 enarretur
323 3524 378 3580 aut
401 3517 440 3579 de
463 3518 588 3580 nomine
618 3524 731 3600 poetae
754 3523 786 3580 et
808 3517 935 3581 fabulae
963 3517 1064 3599 deque
1087 3514 1263 3600 examplari

133 3619 410 3704 exemplaribusve
441 3620 571 3684 Graecis
595 3621 710 3685 diserte
732 3641 770 3684 ac
791 3620 898 3684 dedita
922 3640 1020 3704 opera
1042 3618 1139 3682 verba
1160 3616 1264 3701 fiant,²

236 3861 304 3914 ¹Ol.
327 3862 471 3920 Bitschelir'
496 3865 608 3929 Parerg.
635 3881 660 3929 p.
680 3862 730 3917 180
748 3880 787 3932 sq.
812 3881 839 3932 p.
857 3863 908 3917 233
928 3879 966 3931 sq.
1003 3864 1146 3928 Dziorzko,
1170 3862 1262 3914 Ueber
1333 3913 1335 3915 .

134 3949 177 3999 dio
197 3949 455 4014 PlautinProloga.
484 3951 602 4014 Allgem.
622 3951 864 4018 Gesiclrtspunkte.
890 3951 995 4002 Luzeru
1015 3949 1091 4004 1866.

236 4035 247 4068 ²
274 4033 396 4086 Fabulae
424 4051 520 4087 nomen
550 4037 694 4087 Terentius
722 4039 749 4087 in
777 4052 943 4103 unoquoque
972 4037 1096 4102 prologo,
1123 4036 1263 4100 exemplar

134 4121 207 4187 quod
226 4127 336 4170 secutus
356 4127 397 4172 est
416 4122 549 4174 Graecum
569 4123 637 4186 (uon
658 4125 778 4188 poetam)
797 4124 823 4174 in
844 4124 912 4188 prol.
932 4122 1033 4174 Heaut.
1053 4126 1080 4173 et
1100 4122 1216 4181 phorm,
1236 4127 1263 4171 et

134 4207 274 4272 exemplar
300 4212 327 4257 at
350 4216 457 4272 poetam
483 4208 618 4260 Graecum
644 4210 670 4260 in
697 4211 766 4275 prol.
792 4208 879 4261 Andr.
906 4214 933 4262 et
952 4207 1020 4260 Eun.
1039 4213 1066 4260 et
1085 4208 1113 4260 iu
1134 4207 1264 4273 Adelphis

134 4292 194 4360 (ubi
214 4309 330 4346 scaenae
349 4295 467 4347 insertae
487 4297 649 4349 mentionem
671 4294 746 4359 tacit)
765 4294 859 4347 refert.
