2954 4816
669 288 859 347 ..6-

195 478 365 556 nidebitur,
387 477 413 540 si
428 477 640 561 reputaueris,
662 497 756 561 quam
779 476 874 562 longe
891 496 1078 560 progressus
1101 477 1142 540 sit
1162 475 1332 542 Terentius

195 568 380 666 Scipionum
403 581 521 645 sodalis
545 582 577 644 in
593 581 751 644 latinitate
769 579 949 645 excolenda
972 587 1039 643 cta
1063 580 1166 664 prisco
1182 584 1330 666 squalore

194 686 424 772 promouenda.
482 686 519 750 ln
542 706 605 749 uno
637 686 741 768 eapite
770 694 895 769 quarto,
934 706 997 771 quo
1022 684 1146 749 Nonius
1176 687 1213 748 de
1236 688 1332 750 numo

127 812 129 815 ·
193 792 427 875 sipnifimtione
449 809 625 854 sermonum
650 789 726 872 agit,
742 790 833 853 cuius
856 789 979 854 indoles
1003 812 1021 853 a
1045 791 1158 856 ceteris
1175 791 1331 876 capitibus

194 895 320 979 longius
344 895 448 971 distat,
473 894 624 978 frequens
648 900 696 958 est
714 892 905 957 Terentiana
922 895 1081 970 inemoria,
1098 895 1187 959 cuius
1203 904 1332 979 poetae,

194 1001 220 1064 si
249 1001 417 1065 recesseris
448 1022 467 1062 a
498 998 690 1083 quibusdam
714 997 859 1061 uersibus
890 997 961 1082 plus
992 1019 1053 1062 uno
1084 998 1154 1064 loco
1183 1000 1330 1080 laudatis

194 1127 258 1171 non
281 1107 381 1169 multo
413 1106 484 1192 plus
515 1103 654 1167 ducenta
683 1103 865 1167 testimonia
896 1101 981 1187 apud
1016 1101 1155 1166 Nonium
1185 1113 1330 1171 exstant:

192 1212 224 1274 in
259 1211 307 1273 his
332 1231 373 1272 ex
396 1208 517 1272 Andria
540 1207 607 1271 iere
631 1207 871 1292 quinquaginta,
904 1227 944 1270 ex
968 1206 1124 1274 Eunucho
1154 1207 1222 1274 fere
1253 1231 1331 1295 qus·

194 1315 350 1399 draginta,
374 1334 414 1376 ex
438 1313 633 1376 Phormione
664 1312 730 1374 fere
761 1311 983 1396 quadraginta,
1015 1335 1055 1378 ex
1079 1313 1236 1397 Adelphis
1264 1315 1331 1378 fere

193 1418 414 1515 quadraginta,
438 1438 478 1481 ex
494 1416 862 1481 Heautontimorumeno
885 1416 952 1488 iere
974 1417 1113 1502 triginta,
1137 1438 1177 1481 ex
1202 1416 1331 1503 Hecyra

193 1523 429 1609 septemdecim.
486 1520 644 1584 Videntur
667 1520 771 1604 igitur‘
786 1521 878 1601 duae,
907 1543 986 1606 quas
1008 1523 1121 1587 ultimo
1152 1524 1224 1588 loco
1247 1544 1331 1587 eom-

195 1629 380 1704 memoraui,
403 1626 532 1690 fabulae
556 1625 628 1689 olim
660 1625 693 1688 in
716 1612 832 1689 scholis
856 1628 977 1690 minore
1010 1627 1117 1690 studio
1149 1628 1329 1710 explicatae

195 1755 265 1798 esse
290 1754 386 1817 quam
399 1731 532 1810 Andria,
548 1729 734 1806 Eunuchus,
760 1731 923 1812 Phormio,
940 1730 1118 1816 Adelphos.
1151 1732 1235 1797 Sane
1258 1753 1328 1797 cum

194 1838 224 1899 in
248 1834 364 1899 scholis
387 1836 478 1899 initia
501 1834 681 1898 fabularum
704 1834 939 1899 accuratissime
956 1845 1190 1912 enarrarentur,
1215 1839 1329 1902 mirum

194 1961 258 2004 non
284 1948 341 2016 cst,
365 1940 539 2025 quodcum
562 1961 581 2002 a
605 1941 717 2003 ceteris
732 1941 946 2024 grammaticis
970 1941 1076 2005 latinis
1100 1951 1168 2006 tum
1191 1942 1328 2007 aNonio

193 2045 319 2129 saepius
336 2045 433 2107 citata
448 2050 522 2106 sunt
537 2043 719 2106 fabularum
734 2044 824 2107 initia
839 2065 933 2129 quam
950 2051 1075 2108 ceterae
1090 2052 1213 2129 partes:
1240 2046 1328 2110 uelut

194 2148 335 2212 Andriae
358 2147 439 2211 initii
460 2146 538 2211 loeis
562 2147 673 2231 uiginti
702 2148 841 2233 quinque
865 2147 951 2233 apud
976 2147 1114 2212 Nonium
1138 2150 1254 2214 mentio
1279 2151 1328 2229 tit,

193 2274 255 2338 qua
279 2273 350 2315 eum
372 2274 407 2315 re
433 2251 510 2315 illud
544 2253 674 2337 egregie
708 2253 871 2334 congruit,
902 2251 987 2337 quod
1020 2253 1214 2317 scholiorum
1237 2256 1329 2339 copia

194 2357 352 2422 uberrima
368 2364 399 2420 et
415 2358 447 2420 in
462 2355 734 2421 codiecBembino
753 2363 785 2420 et
801 2356 961 2421 inDonati
975 2364 1153 2422 commento
1170 2356 1328 2444 adscripta

194 2468 242 2530 est
264 2460 305 2525 ad
328 2461 398 2545 ipsa
426 2449 604 2523 fabularum
627 2459 726 2524 initia.

722 2608 794 2690 §2

191 2707 195 2713 ’
295 2721 488 2786 Terentiana
511 2719 634 2785 Nonius
662 2722 851 2807 plerumque
875 2723 918 2785 ita
947 2722 1128 2803 introducit,
1168 2732 1203 2788 ut
1233 2746 1322 2812 prse-

191 2827 296 2890 mittat
319 2832 375 2912 aut
398 2824 562 2890 Terentius
584 2828 618 2889 in
626 2826 766 2904 Andria,
788 2824 952 2891 Terentius
974 2830 1008 2891 in
1024 2827 1189 2909 Eunucho,
1214 2828 1328 2893 Teren·

192 2934 254 2996 tius
276 2933 311 2994 in
332 2930 532 3008 For·nu'one,¹
557 2930 721 2995 Terentius
742 2933 776 2995 in
800 2930 943 3013 Hecyra,
960 2933 1124 2997 Terentius
1147 2937 1180 2997 in
1203 2935 1325 3019 Adelfis

190 3042 247 3098 aut
263 3035 426 3099 Terentius
442 3036 581 3117 Andria,
606 3036 769 3100 Terentius
785 3035 949 3112 Eunucho,
966 3034 1129 3101 Terentius
1145 3037 1323 3120 Formione,

192 3138 356 3203 Terentius
376 3139 517 3222 Hecyra,
535 3141 699 3206 Terentius
712 3143 841 3226 Aelelsis.
862 3141 923 3205 Vbi
941 3142 1327 3209 Heautontimorumenos

191 3242 351 3307 laudanda
377 3251 433 3325 est,
458 3245 524 3310 fere
548 3246 666 3330 ubique
691 3245 854 3310 Terentius
872 3247 1239 3332 Heautontimorumeno,
1261 3271 1325 3314 non

191 3346 263 3430 plus
293 3347 460 3432 quinquies
491 3349 655 3413 Terentius
685 3353 717 3414 in
747 3350 1105 3416 Heautontimorumeno
1135 3355 1325 3438 praemittit:

192 3452 244 3536 qui
279 3452 418 3536 quinque
450 3453 510 3518 loci
546 3456 603 3518 etsi
638 3456 670 3518 in
707 3477 770 3520 uno
805 3464 918 3540 quarto
954 3456 1057 3542 capite
1092 3458 1239 3542 legantur
1279 3462 1325 3544 (p.

191 3555 358 3637 264‚31.·-‘
382 3561 520 3635 211133.
546 3561 687 3637 278,3ἳ.
712 3563 854 3642 285,14.
879 3563 1035 3640 373,1‹1),
1060 3582 1135 3624 casu
1158 3561 1190 3625 id
1206 3561 1325 3626 facturn
1406 3630 1412 3636 ,

192 3681 262 3725 esse
286 3659 415 3725 credere
439 3662 554 3737 malim,
586 3684 679 3747 quam
703 3664 843 3730 Nonium
879 3688 920 3728 ex
955 3667 1180 3732 commentario
1216 3668 1324 3754 aliquo

295 3819 302 3854 ¹
323 3821 442 3886 Dignum
462 3820 595 3888 estquod
616 3827 726 3873 notetur
747 3836 887 3876 auctorem
914 3825 1092 3888 recensionis,
1113 3842 1194 3893 quam
1218 3842 1253 3876 ex
1271 3842 1320 3893 op·

191 3907 255 3956 tirno
276 3906 355 3957 huius
375 3905 480 3957 ordinis
499 3906 595 3958 codice
614 3907 775 3960 Victoriana
795 3910 846 3974 (ll)
865 3911 1005 3977 appellare
1023 3912 1105 3962 liceat
1124 3913 1324 3972 victorianum,

190 4008 250 4042 eum
270 3993 425 4044 fabularum
446 3993 568 4045 ordinem
588 3994 737 4048 secundnm
763 3998 872 4050 litteras
891 4004 1023 4049 statutum
1048 3998 1249 4059 introduceret,
1280 4001 1324 4051 lit·

191 4080 307 4130 terami
324 4096 373 4146 pro
393 4080 429 4146 ph
449 4082 533 4134 scribi
553 4083 681 4134 voluisse.
718 4084 753 4135 ei.
773 4084 828 4136 Lao
849 4085 876 4136 in
896 4084 964 4136 Mus.
989 4085 1077 4137 Rhea.
1097 4086 1151 4140 uol.
1171 4085 1323 4138 XXXVIII

188 4162 284 4230 (1883)
304 4183 329 4233 p.
347 4168 406 4221 319.
445 4169 480 4221 M.
500 4169 656 4235 Hoffmann,
675 4170 763 4224 Index
782 4173 977 4236 grammaticus
1003 4172 1037 4224 ad
1058 4173 1169 4225 Africae
1188 4182 1241 4224 etc.
1261 4175 1325 4225 titu-

189 4252 230 4301 los
249 4253 349 4304 latinos
367 4256 394 4305 in
414 4255 486 4306 Diss.
506 4257 603 4309 Philol.
623 4259 738 4323 Argunt.
758 4259 809 4310 sel.
828 4261 883 4311 uol.
902 4259 923 4312 I.
942 4257 1037 4325 (1879)
1056 4276 1080 4326 p.
1100 4257 1159 4312 293.

291 4340 302 4373 ²
321 4338 412 4392 Editio
432 4340 614 4403 Memoriana,
634 4344 746 4395 Parisiis
768 4346 832 4397 1614
853 4346 897 4410 (=
916 4344 1025 4412 Lipsiae
1045 4343 1132 4411 1826).
