<?xml version="1.0" encoding="UTF-8"?>
<!DOCTYPE html PUBLIC "-//W3C//DTD XHTML 1.0 Transitional//EN"
    "http://www.w3.org/TR/xhtml1/DTD/xhtml1-transitional.dtd">
<html xmlns="http://www.w3.org/1999/xhtml" xml:lang="en" lang="en">
 <head>
  <title>
</title>
<meta http-equiv="Content-Type" content="text/html;charset=utf-8" />
  <meta name='ocr-system' content='tesseract 3.04.00' />
  <meta name='ocr-capabilities' content='ocr_page ocr_carea ocr_par ocr_line ocrx_word'/>
</head>
<body>
  <div class='ocr_page' id='page_1' title='image "./dissertationesp00stragoog/dissertationesp00stragoog_0573.png"; bbox 0 0 2956 4822; ppageno 0'>
   <div class='ocr_carea' id='block_1_1' title="bbox 205 253 817 344">
    <p class='ocr_par' dir='ltr' id='par_1_1' title="bbox 205 253 817 344">
     <span class='ocr_line' id='line_1_1' title="bbox 205 253 817 344; baseline 0.002 -20"><span class='ocrx_word' id='word_1_1' title='bbox 205 260 246 325; x_wconf 85' lang='lat' dir='ltr'>ao</span> <span class='ocrx_word' id='word_1_2' title='bbox 726 253 817 344; x_wconf 75' lang='lat' dir='ltr'>[aas]</span> 
     </span>
    </p>
   </div>
   <div class='ocr_carea' id='block_1_2' title="bbox 204 447 1354 1368">
    <p class='ocr_par' dir='ltr' id='par_1_2' title="bbox 204 447 1354 1368">
     <span class='ocr_line' id='line_1_2' title="bbox 204 447 1339 537; baseline 0.003 -22"><span class='ocrx_word' id='word_1_3' title='bbox 204 453 436 537; x_wconf 87' lang='lat' dir='ltr'>prominentem</span> <span class='ocrx_word' id='word_1_4' title='bbox 474 450 535 513; x_wconf 89' lang='lat' dir='ltr'>sita</span> <span class='ocrx_word' id='word_1_5' title='bbox 572 447 674 513; x_wconf 90' lang='lat' dir='ltr'>tribus</span> <span class='ocrx_word' id='word_1_6' title='bbox 713 448 844 512; x_wconf 84' lang='lat' dir='ltr'>urbibus</span> <span class='ocrx_word' id='word_1_7' title='bbox 878 449 998 527; x_wconf 80' lang='lat' dir='ltr'>Lindo,</span> <span class='ocrx_word' id='word_1_8' title='bbox 1044 449 1169 536; x_wconf 89' lang='lat' dir='ltr'>Ialyso,</span> <span class='ocrx_word' id='word_1_9' title='bbox 1212 452 1339 518; x_wconf 78' lang='lat' dir='ltr'>Camino</span> 
     </span>
     <span class='ocr_line' id='line_1_3' title="bbox 206 552 1342 642; baseline 0 -22"><span class='ocrx_word' id='word_1_10' title='bbox 206 555 396 620; x_wconf 79' lang='lat' dir='ltr'>excellebat.</span> <span class='ocrx_word' id='word_1_11' title='bbox 451 553 541 627; x_wconf 80' lang='lat' dir='ltr'>Quae</span> <span class='ocrx_word' id='word_1_12' title='bbox 574 553 668 616; x_wconf 90' lang='lat' dir='ltr'>urbes</span> <span class='ocrx_word' id='word_1_13' title='bbox 703 573 774 615; x_wconf 88' lang='lat' dir='ltr'>cum</span> <span class='ocrx_word' id='word_1_14' title='bbox 806 552 1036 639; x_wconf 78' lang='lat' dir='ltr'>aTlepolemo</span> <span class='ocrx_word' id='word_1_15' title='bbox 1068 553 1256 637; x_wconf 88' lang='lat' dir='ltr'>Heraclida,</span> <span class='ocrx_word' id='word_1_16' title='bbox 1288 559 1342 642; x_wconf 92' lang='lat' dir='ltr'>qui</span> 
     </span>
     <span class='ocr_line' id='line_1_4' title="bbox 205 655 1354 757; baseline 0.003 -33"><span class='ocrx_word' id='word_1_17' title='bbox 205 668 333 746; x_wconf 92' lang='lat' dir='ltr'>propter</span> <span class='ocrx_word' id='word_1_18' title='bbox 356 658 485 741; x_wconf 80' lang='lat' dir='ltr'>cognati</span> <span class='ocrx_word' id='word_1_19' title='bbox 508 677 616 720; x_wconf 89' lang='lat' dir='ltr'>necem</span> <span class='ocrx_word' id='word_1_20' title='bbox 640 655 795 739; x_wconf 84' lang='lat' dir='ltr'>Tirynthe</span> <span class='ocrx_word' id='word_1_21' title='bbox 819 676 860 719; x_wconf 81' lang='lat' dir='ltr'>ex</span> <span class='ocrx_word' id='word_1_22' title='bbox 882 659 986 741; x_wconf 87' lang='lat' dir='ltr'>patria</span> <span class='ocrx_word' id='word_1_23' title='bbox 1012 660 1165 744; x_wconf 89' lang='lat' dir='ltr'>expulsus</span> <span class='ocrx_word' id='word_1_24' title='bbox 1187 661 1354 757; x_wconf 86' lang='lat' dir='ltr'>Apolline¹</span> 
     </span>
     <span class='ocr_line' id='line_1_5' title="bbox 205 759 1341 844; baseline 0.002 -17"><span class='ocrx_word' id='word_1_25' title='bbox 205 770 336 827; x_wconf 90' lang='lat' dir='ltr'>auctore</span> <span class='ocrx_word' id='word_1_26' title='bbox 359 762 508 826; x_wconf 88' lang='lat' dir='ltr'>Rhodum</span> <span class='ocrx_word' id='word_1_27' title='bbox 531 783 566 824; x_wconf 91' lang='lat' dir='ltr'>se</span> <span class='ocrx_word' id='word_1_28' title='bbox 592 759 782 843; x_wconf 80' lang='lat' dir='ltr'>contulerat,</span> <span class='ocrx_word' id='word_1_29' title='bbox 805 760 952 825; x_wconf 88' lang='lat' dir='ltr'>conditae</span> <span class='ocrx_word' id='word_1_30' title='bbox 975 761 1166 844; x_wconf 83' lang='lat' dir='ltr'>dicerentur,</span> <span class='ocrx_word' id='word_1_31' title='bbox 1182 764 1341 829; x_wconf 83' lang='lat' dir='ltr'>Pindarus</span> 
     </span>
     <span class='ocr_line' id='line_1_6' title="bbox 206 863 1342 951; baseline 0.003 -21"><span class='ocrx_word' id='word_1_32' title='bbox 206 867 260 931; x_wconf 92' lang='lat' dir='ltr'>ubi</span> <span class='ocrx_word' id='word_1_33' title='bbox 283 866 323 930; x_wconf 91' lang='lat' dir='ltr'>ad</span> <span class='ocrx_word' id='word_1_34' title='bbox 348 867 440 928; x_wconf 91' lang='lat' dir='ltr'>huius</span> <span class='ocrx_word' id='word_1_35' title='bbox 464 863 569 928; x_wconf 86' lang='lat' dir='ltr'>herois</span> <span class='ocrx_word' id='word_1_36' title='bbox 592 863 704 927; x_wconf 90' lang='lat' dir='ltr'>laudes</span> <span class='ocrx_word' id='word_1_37' title='bbox 729 866 852 946; x_wconf 84' lang='lat' dir='ltr'>transit,</span> <span class='ocrx_word' id='word_1_38' title='bbox 875 863 982 928; x_wconf 91' lang='lat' dir='ltr'>Rhodi</span> <span class='ocrx_word' id='word_1_39' title='bbox 1002 886 1119 930; x_wconf 91' lang='lat' dir='ltr'>nomen</span> <span class='ocrx_word' id='word_1_40' title='bbox 1135 868 1179 931; x_wconf 91' lang='lat' dir='ltr'>ita</span> <span class='ocrx_word' id='word_1_41' title='bbox 1195 869 1342 951; x_wconf 81' lang='lat' dir='ltr'>declinat,</span> 
     </span>
     <span class='ocr_line' id='line_1_7' title="bbox 205 965 1342 1052; baseline 0.003 -18"><span class='ocrx_word' id='word_1_42' title='bbox 205 970 315 1034; x_wconf 86' lang='lat' dir='ltr'>utillo</span> <span class='ocrx_word' id='word_1_43' title='bbox 339 970 422 1031; x_wconf 92' lang='lat' dir='ltr'>inv.</span> <span class='ocrx_word' id='word_1_44' title='bbox 446 970 487 1030; x_wconf 90' lang='lat'>30</span> <span class='ocrx_word' id='word_1_45' title='bbox 518 965 641 1031; x_wconf 89' lang='lat' dir='ltr'>dicatur</span> <span class='ocrx_word' id='word_1_46' title='bbox 669 969 762 1031; x_wconf 81' lang='grc' dir='ltr'><strong><em>τοῖσδε</em></strong></span> <span class='ocrx_word' id='word_1_47' title='bbox 788 965 908 1050; x_wconf 72' lang='grc' dir='ltr'><strong><em>χθονός</em></strong></span> <span class='ocrx_word' id='word_1_48' title='bbox 936 967 1080 1052; x_wconf 75' lang='grc' dir='ltr'>σίκισιήρ.</span> <span class='ocrx_word' id='word_1_49' title='bbox 1125 969 1207 1034; x_wconf 88' lang='lat' dir='ltr'>Nam</span> <span class='ocrx_word' id='word_1_50' title='bbox 1240 974 1342 1051; x_wconf 86' lang='lat' dir='ltr'>,hanc</span> 
     </span>
     <span class='ocr_line' id='line_1_8' title="bbox 205 1068 1341 1158; baseline 0.003 -20"><span class='ocrx_word' id='word_1_51' title='bbox 205 1072 342 1138; x_wconf 83' lang='lat' dir='ltr'>terram“</span> <span class='ocrx_word' id='word_1_52' title='bbox 367 1070 518 1134; x_wconf 88' lang='lat' dir='ltr'>Rhodum</span> <span class='ocrx_word' id='word_1_53' title='bbox 543 1091 611 1133; x_wconf 90' lang='lat' dir='ltr'>esse</span> <span class='ocrx_word' id='word_1_54' title='bbox 634 1068 727 1133; x_wconf 88' lang='lat' dir='ltr'>facile</span> <span class='ocrx_word' id='word_1_55' title='bbox 752 1072 961 1153; x_wconf 82' lang='lat' dir='ltr'>cognoscitur.</span> <span class='ocrx_word' id='word_1_56' title='bbox 1006 1073 1068 1136; x_wconf 86' lang='lat' dir='ltr'>Sed</span> <span class='ocrx_word' id='word_1_57' title='bbox 1092 1074 1123 1137; x_wconf 91' lang='lat' dir='ltr'>in</span> <span class='ocrx_word' id='word_1_58' title='bbox 1149 1095 1178 1139; x_wconf 90' lang='lat' dir='ltr'>v.</span> <span class='ocrx_word' id='word_1_59' title='bbox 1202 1079 1341 1158; x_wconf 80' lang='lat'>33-34,</span> 
     </span>
     <span class='ocr_line' id='line_1_9' title="bbox 206 1173 1342 1263; baseline 0.001 -21"><span class='ocrx_word' id='word_1_60' title='bbox 206 1200 279 1242; x_wconf 92' lang='lat' dir='ltr'>cum</span> <span class='ocrx_word' id='word_1_61' title='bbox 315 1175 477 1240; x_wconf 91' lang='lat' dir='ltr'>oraculum</span> <span class='ocrx_word' id='word_1_62' title='bbox 511 1173 699 1258; x_wconf 84' lang='lat' dir='ltr'>Tlepolemo</span> <span class='ocrx_word' id='word_1_63' title='bbox 737 1173 778 1236; x_wconf 93' lang='lat' dir='ltr'>ab</span> <span class='ocrx_word' id='word_1_64' title='bbox 811 1174 961 1259; x_wconf 88' lang='lat' dir='ltr'>Apolline</span> <span class='ocrx_word' id='word_1_65' title='bbox 997 1175 1118 1240; x_wconf 88' lang='lat' dir='ltr'>editum</span> <span class='ocrx_word' id='word_1_66' title='bbox 1154 1179 1342 1263; x_wconf 85' lang='lat' dir='ltr'>explicetur,</span> 
     </span>
     <span class='ocr_line' id='line_1_10' title="bbox 205 1278 1343 1368; baseline 0.004 -24"><span class='ocrx_word' id='word_1_67' title='bbox 205 1280 312 1368; x_wconf 90' lang='lat' dir='ltr'>paullo</span> <span class='ocrx_word' id='word_1_68' title='bbox 354 1278 518 1343; x_wconf 80' lang='lat' dir='ltr'>obscurius</span> <span class='ocrx_word' id='word_1_69' title='bbox 557 1278 757 1342; x_wconf 90' lang='lat' dir='ltr'>oraculorum</span> <span class='ocrx_word' id='word_1_70' title='bbox 797 1299 884 1343; x_wconf 88' lang='lat' dir='ltr'>more</span> <span class='ocrx_word' id='word_1_71' title='bbox 923 1289 1020 1365; x_wconf 87' lang='lat' dir='ltr'>poeta</span> <span class='ocrx_word' id='word_1_72' title='bbox 1057 1280 1208 1345; x_wconf 92' lang='lat' dir='ltr'>Rhodum</span> <span class='ocrx_word' id='word_1_73' title='bbox 1252 1294 1343 1348; x_wconf 90' lang='lat' dir='ltr'>vocat</span> 
     </span>
    </p>
   </div>
   <div class='ocr_carea' id='block_1_3' title="bbox 205 1378 1447 1472">
    <p class='ocr_par' dir='ltr' id='par_1_3' title="bbox 205 1378 1447 1472">
     <span class='ocr_line' id='line_1_11' title="bbox 205 1378 1447 1472; baseline 0.002 -24"><span class='ocrx_word' id='word_1_74' title='bbox 205 1381 446 1469; x_wconf 76' lang='grc' dir='ltr'><em>ἀμφιθάλασσον</em></span> <span class='ocrx_word' id='word_1_75' title='bbox 477 1378 585 1461; x_wconf 82' lang='grc' dir='ltr'><strong><em>νομόν,</em></strong></span> <span class='ocrx_word' id='word_1_76' title='bbox 615 1381 693 1443; x_wconf 70' lang='lat' dir='ltr'>avda</span> <span class='ocrx_word' id='word_1_77' title='bbox 725 1381 798 1444; x_wconf 78' lang='lat' dir='ltr'>nori</span> <span class='ocrx_word' id='word_1_78' title='bbox 825 1380 917 1465; x_wconf 75' lang='grc' dir='ltr'><em>βρέχε</em></span> <span class='ocrx_word' id='word_1_79' title='bbox 940 1389 1026 1446; x_wconf 71' lang='grc' dir='ltr'>θεῶν</span> <span class='ocrx_word' id='word_1_80' title='bbox 1048 1382 1186 1464; x_wconf 68' lang='grc' dir='ltr'>βασιλεῦς</span> <span class='ocrx_word' id='word_1_81' title='bbox 1207 1383 1223 1446; x_wconf 83' lang='grc' dir='ltr'><strong>ὁ</strong></span> <span class='ocrx_word' id='word_1_82' title='bbox 1246 1384 1343 1469; x_wconf 65' lang='grc' dir='ltr'><em>μέγας</em></span> <span class='ocrx_word' id='word_1_83' title='bbox 1445 1469 1447 1472; x_wconf 12' lang='lat' dir='ltr'>v</span> 
     </span>
    </p>
   </div>
   <div class='ocr_carea' id='block_1_4' title="bbox 139 1483 1346 4382">
    <p class='ocr_par' dir='ltr' id='par_1_4' title="bbox 139 1483 1344 3757">
     <span class='ocr_line' id='line_1_12' title="bbox 139 1483 1342 1572; baseline 0.002 -20"><span class='ocrx_word' id='word_1_84' title='bbox 139 1517 141 1522; x_wconf 93' lang='lat'>·</span> <span class='ocrx_word' id='word_1_85' title='bbox 202 1485 347 1572; x_wconf 80' lang='grc' dir='ltr'><strong><em>χρυσέαις</em></strong></span> <span class='ocrx_word' id='word_1_86' title='bbox 381 1484 537 1570; x_wconf 67' lang='grc' dir='ltr'><strong><em>νιφάδεσσι</em></strong></span> <span class='ocrx_word' id='word_1_87' title='bbox 573 1483 669 1547; x_wconf 78' lang='grc' dir='ltr'><strong><em>πόλιν.</em></strong></span> <span class='ocrx_word' id='word_1_88' title='bbox 732 1484 792 1548; x_wconf 93' lang='lat' dir='ltr'>His</span> <span class='ocrx_word' id='word_1_89' title='bbox 828 1486 910 1549; x_wconf 91' lang='lat' dir='ltr'>enim</span> <span class='ocrx_word' id='word_1_90' title='bbox 944 1488 1049 1553; x_wconf 89' lang='lat' dir='ltr'>verbis</span> <span class='ocrx_word' id='word_1_91' title='bbox 1089 1490 1266 1554; x_wconf 88' lang='lat' dir='ltr'>orationem</span> <span class='ocrx_word' id='word_1_92' title='bbox 1301 1491 1342 1555; x_wconf 92' lang='lat' dir='ltr'>ad</span> 
     </span>
     <span class='ocr_line' id='line_1_13' title="bbox 206 1588 1343 1681; baseline 0.002 -25"><span class='ocrx_word' id='word_1_93' title='bbox 206 1593 416 1657; x_wconf 89' lang='lat' dir='ltr'>vetustiorem</span> <span class='ocrx_word' id='word_1_94' title='bbox 434 1590 521 1653; x_wconf 90' lang='lat' dir='ltr'>illam</span> <span class='ocrx_word' id='word_1_95' title='bbox 537 1588 680 1652; x_wconf 86' lang='lat' dir='ltr'>fabulam</span> <span class='ocrx_word' id='word_1_96' title='bbox 696 1588 856 1652; x_wconf 89' lang='lat' dir='ltr'>Rhodiam</span> <span class='ocrx_word' id='word_1_97' title='bbox 873 1589 1021 1670; x_wconf 89' lang='lat' dir='ltr'>traducit,</span> <span class='ocrx_word' id='word_1_98' title='bbox 1045 1591 1219 1656; x_wconf 90' lang='lat' dir='ltr'>secundum</span> <span class='ocrx_word' id='word_1_99' title='bbox 1237 1616 1343 1681; x_wconf 88' lang='lat' dir='ltr'>quam,</span> 
     </span>
     <span class='ocr_line' id='line_1_14' title="bbox 206 1691 1342 1777; baseline 0.003 -17"><span class='ocrx_word' id='word_1_100' title='bbox 206 1718 278 1760; x_wconf 90' lang='lat' dir='ltr'>curn</span> <span class='ocrx_word' id='word_1_101' title='bbox 311 1696 454 1759; x_wconf 84' lang='lat' dir='ltr'>Minerva</span> <span class='ocrx_word' id='word_1_102' title='bbox 488 1701 563 1756; x_wconf 90' lang='lat' dir='ltr'>nata</span> <span class='ocrx_word' id='word_1_103' title='bbox 594 1702 697 1776; x_wconf 89' lang='lat' dir='ltr'>esset,</span> <span class='ocrx_word' id='word_1_104' title='bbox 730 1691 877 1777; x_wconf 91' lang='lat' dir='ltr'>Iuppiter</span> <span class='ocrx_word' id='word_1_105' title='bbox 905 1694 1022 1759; x_wconf 90' lang='lat' dir='ltr'>Rhodo</span> <span class='ocrx_word' id='word_1_106' title='bbox 1058 1696 1180 1761; x_wconf 91' lang='lat' dir='ltr'>insulae</span> <span class='ocrx_word' id='word_1_107' title='bbox 1211 1717 1342 1763; x_wconf 86' lang='lat' dir='ltr'>auream</span> 
     </span>
     <span class='ocr_line' id='line_1_15' title="bbox 207 1795 1343 1886; baseline 0.004 -23"><span class='ocrx_word' id='word_1_108' title='bbox 207 1801 347 1886; x_wconf 92' lang='lat' dir='ltr'>pluviam</span> <span class='ocrx_word' id='word_1_109' title='bbox 371 1798 506 1878; x_wconf 86' lang='lat' dir='ltr'>demisit,</span> <span class='ocrx_word' id='word_1_110' title='bbox 530 1805 561 1859; x_wconf 90' lang='lat' dir='ltr'>et</span> <span class='ocrx_word' id='word_1_111' title='bbox 578 1796 659 1860; x_wconf 83' lang='lat' dir='ltr'>Solis</span> <span class='ocrx_word' id='word_1_112' title='bbox 684 1796 738 1859; x_wconf 90' lang='lat' dir='ltr'>filii</span> <span class='ocrx_word' id='word_1_113' title='bbox 761 1795 853 1861; x_wconf 91' lang='lat' dir='ltr'>deam</span> <span class='ocrx_word' id='word_1_114' title='bbox 876 1798 971 1883; x_wconf 82' lang='lat' dir='ltr'>primi</span> <span class='ocrx_word' id='word_1_115' title='bbox 994 1800 1099 1863; x_wconf 90' lang='lat' dir='ltr'>colere</span> <span class='ocrx_word' id='word_1_116' title='bbox 1116 1822 1134 1864; x_wconf 88' lang='lat' dir='ltr'>a</span> <span class='ocrx_word' id='word_1_117' title='bbox 1151 1807 1242 1884; x_wconf 88' lang='lat' dir='ltr'>patre</span> <span class='ocrx_word' id='word_1_118' title='bbox 1264 1802 1343 1867; x_wconf 91' lang='lat' dir='ltr'>iussi</span> 
     </span>
     <span class='ocr_line' id='line_1_16' title="bbox 205 1903 1343 1989; baseline 0.002 -20"><span class='ocrx_word' id='word_1_119' title='bbox 205 1913 297 1984; x_wconf 89' lang='lat' dir='ltr'>sunt,</span> <span class='ocrx_word' id='word_1_120' title='bbox 321 1904 376 1989; x_wconf 90' lang='lat' dir='ltr'>qui</span> <span class='ocrx_word' id='word_1_121' title='bbox 399 1924 470 1966; x_wconf 92' lang='lat' dir='ltr'>cum</span> <span class='ocrx_word' id='word_1_122' title='bbox 493 1921 582 1965; x_wconf 88' lang='lat' dir='ltr'>sacra</span> <span class='ocrx_word' id='word_1_123' title='bbox 605 1903 707 1964; x_wconf 89' lang='lat' dir='ltr'>minus</span> <span class='ocrx_word' id='word_1_124' title='bbox 731 1910 817 1974; x_wconf 83' lang='lat' dir='ltr'>recte</span> <span class='ocrx_word' id='word_1_125' title='bbox 839 1903 1007 1985; x_wconf 83' lang='lat' dir='ltr'>iecissent,</span> <span class='ocrx_word' id='word_1_126' title='bbox 1034 1903 1173 1968; x_wconf 87' lang='lat' dir='ltr'>malebat</span> <span class='ocrx_word' id='word_1_127' title='bbox 1197 1904 1343 1971; x_wconf 89' lang='lat' dir='ltr'>lllinerva</span> 
     </span>
     <span class='ocr_line' id='line_1_17' title="bbox 205 2003 1344 2093; baseline 0.003 -22"><span class='ocrx_word' id='word_1_128' title='bbox 205 2007 341 2073; x_wconf 86' lang='lat' dir='ltr'>Athenis</span> <span class='ocrx_word' id='word_1_129' title='bbox 374 2006 529 2069; x_wconf 91' lang='lat' dir='ltr'>habitare.</span> <span class='ocrx_word' id='word_1_130' title='bbox 582 2003 706 2068; x_wconf 88' lang='lat' dir='ltr'>Deinde</span> <span class='ocrx_word' id='word_1_131' title='bbox 739 2012 910 2090; x_wconf 88' lang='lat' dir='ltr'>postquam</span> <span class='ocrx_word' id='word_1_132' title='bbox 942 2008 974 2068; x_wconf 93' lang='lat' dir='ltr'>in</span> <span class='ocrx_word' id='word_1_133' title='bbox 1007 2027 1035 2071; x_wconf 92' lang='lat' dir='ltr'>v.</span> <span class='ocrx_word' id='word_1_134' title='bbox 1069 2009 1110 2072; x_wconf 88' lang='grc'>56</span> <span class='ocrx_word' id='word_1_135' title='bbox 1142 2016 1256 2093; x_wconf 89' lang='lat' dir='ltr'>poeta,</span> <span class='ocrx_word' id='word_1_136' title='bbox 1290 2012 1344 2076; x_wconf 90' lang='lat' dir='ltr'>ubi</span> 
     </span>
     <span class='ocr_line' id='line_1_18' title="bbox 206 2108 1343 2196; baseline 0.003 -20"><span class='ocrx_word' id='word_1_137' title='bbox 206 2111 497 2196; x_wconf 86' lang='lat' dir='ltr'>antiquissimarum</span> <span class='ocrx_word' id='word_1_138' title='bbox 521 2108 560 2171; x_wconf 90' lang='lat' dir='ltr'>de</span> <span class='ocrx_word' id='word_1_139' title='bbox 582 2109 706 2172; x_wconf 85' lang='lat' dir='ltr'>insulae</span> <span class='ocrx_word' id='word_1_140' title='bbox 731 2109 854 2192; x_wconf 84' lang='lat' dir='ltr'>origine</span> <span class='ocrx_word' id='word_1_141' title='bbox 877 2110 1057 2174; x_wconf 85' lang='lat' dir='ltr'>fabularum</span> <span class='ocrx_word' id='word_1_142' title='bbox 1085 2113 1267 2178; x_wconf 87' lang='lat' dir='ltr'>memoriam</span> <span class='ocrx_word' id='word_1_143' title='bbox 1294 2137 1343 2179; x_wconf 89' lang='lat' dir='ltr'>re·</span> 
     </span>
     <span class='ocr_line' id='line_1_19' title="bbox 210 2214 1343 2304; baseline 0.004 -24"><span class='ocrx_word' id='word_1_144' title='bbox 210 2218 381 2299; x_wconf 86' lang='lat' dir='ltr'>dintegrat,</span> <span class='ocrx_word' id='word_1_145' title='bbox 406 2214 576 2304; x_wconf 19' lang='lat' dir='ltr'>alehodi</span> <span class='ocrx_word' id='word_1_146' title='bbox 601 2235 716 2278; x_wconf 87' lang='lat' dir='ltr'>nomen</span> <span class='ocrx_word' id='word_1_147' title='bbox 740 2218 885 2294; x_wconf 87' lang='lat' dir='ltr'>recurrit,</span> <span class='ocrx_word' id='word_1_148' title='bbox 909 2217 941 2280; x_wconf 93' lang='lat' dir='ltr'>in</span> <span class='ocrx_word' id='word_1_149' title='bbox 965 2237 992 2279; x_wconf 93' lang='lat' dir='ltr'>v.</span> <span class='ocrx_word' id='word_1_150' title='bbox 1018 2221 1059 2281; x_wconf 79' lang='lat' dir='ltr'>id</span> <span class='ocrx_word' id='word_1_151' title='bbox 1083 2219 1208 2284; x_wconf 84' lang='lat' dir='ltr'>victoris</span> <span class='ocrx_word' id='word_1_152' title='bbox 1239 2222 1343 2303; x_wconf 88' lang='lat' dir='ltr'>patria</span> 
     </span>
     <span class='ocr_line' id='line_1_20' title="bbox 208 2317 1342 2407; baseline 0.008 -24"><span class='ocrx_word' id='word_1_153' title='bbox 208 2327 298 2396; x_wconf 84' lang='grc' dir='ltr'><strong><em>νᾶσος</em></strong></span> <span class='ocrx_word' id='word_1_154' title='bbox 321 2320 444 2383; x_wconf 89' lang='lat' dir='ltr'>dicitnr.</span> <span class='ocrx_word' id='word_1_155' title='bbox 480 2318 542 2383; x_wconf 80' lang='lat' dir='ltr'>Sed</span> <span class='ocrx_word' id='word_1_156' title='bbox 560 2317 621 2381; x_wconf 91' lang='lat' dir='ltr'>iam</span> <span class='ocrx_word' id='word_1_157' title='bbox 637 2319 669 2380; x_wconf 92' lang='lat' dir='ltr'>in</span> <span class='ocrx_word' id='word_1_158' title='bbox 685 2338 714 2383; x_wconf 89' lang='lat' dir='ltr'>v.</span> <span class='ocrx_word' id='word_1_159' title='bbox 733 2322 769 2382; x_wconf 78' lang='lat' dir='ltr'>vl</span> <span class='ocrx_word' id='word_1_160' title='bbox 789 2319 923 2384; x_wconf 85' lang='lat' dir='ltr'>Rhodus</span> <span class='ocrx_word' id='word_1_161' title='bbox 940 2319 1046 2385; x_wconf 90' lang='lat' dir='ltr'>denuo</span> <span class='ocrx_word' id='word_1_162' title='bbox 1063 2323 1192 2407; x_wconf 90' lang='lat' dir='ltr'>proprio</span> <span class='ocrx_word' id='word_1_163' title='bbox 1216 2327 1342 2391; x_wconf 87' lang='lat' dir='ltr'>nomina</span> 
     </span>
     <span class='ocr_line' id='line_1_21' title="bbox 208 2422 1343 2512; baseline 0.007 -25"><span class='ocrx_word' id='word_1_164' title='bbox 208 2424 406 2509; x_wconf 89' lang='lat' dir='ltr'>appellatur,</span> <span class='ocrx_word' id='word_1_165' title='bbox 440 2423 493 2487; x_wconf 92' lang='lat' dir='ltr'>ubi</span> <span class='ocrx_word' id='word_1_166' title='bbox 524 2425 582 2486; x_wconf 92' lang='lat' dir='ltr'>etsi</span> <span class='ocrx_word' id='word_1_167' title='bbox 613 2443 677 2486; x_wconf 91' lang='lat' dir='ltr'>non</span> <span class='ocrx_word' id='word_1_168' title='bbox 709 2422 829 2505; x_wconf 90' lang='lat' dir='ltr'>insula,</span> <span class='ocrx_word' id='word_1_169' title='bbox 864 2423 920 2488; x_wconf 89' lang='lat' dir='ltr'>sed</span> <span class='ocrx_word' id='word_1_170' title='bbox 951 2425 1092 2510; x_wconf 89' lang='lat' dir='ltr'>nympha</span> <span class='ocrx_word' id='word_1_171' title='bbox 1125 2427 1343 2512; x_wconf 90' lang='lat' dir='ltr'>intellegenda</span> 
     </span>
     <span class='ocr_line' id='line_1_22' title="bbox 210 2525 1342 2613; baseline 0.005 -21"><span class='ocrx_word' id='word_1_172' title='bbox 210 2537 268 2609; x_wconf 90' lang='lat' dir='ltr'>est,</span> <span class='ocrx_word' id='word_1_173' title='bbox 292 2536 397 2591; x_wconf 90' lang='lat' dir='ltr'>tamen</span> <span class='ocrx_word' id='word_1_174' title='bbox 414 2547 485 2589; x_wconf 89' lang='lat' dir='ltr'>cum</span> <span class='ocrx_word' id='word_1_175' title='bbox 501 2525 657 2589; x_wconf 84' lang='lat' dir='ltr'>Pindarus</span> <span class='ocrx_word' id='word_1_176' title='bbox 675 2525 715 2589; x_wconf 92' lang='lat' dir='ltr'>de</span> <span class='ocrx_word' id='word_1_177' title='bbox 734 2526 890 2590; x_wconf 88' lang='lat' dir='ltr'>industria</span> <span class='ocrx_word' id='word_1_178' title='bbox 906 2527 987 2591; x_wconf 93' lang='lat' dir='ltr'>hanc</span> <span class='ocrx_word' id='word_1_179' title='bbox 1002 2549 1059 2613; x_wconf 94' lang='lat' dir='ltr'>pro</span> <span class='ocrx_word' id='word_1_180' title='bbox 1076 2529 1131 2593; x_wconf 91' lang='lat' dir='ltr'>illa</span> <span class='ocrx_word' id='word_1_181' title='bbox 1147 2531 1342 2600; x_wconf 86' lang='lat' dir='ltr'>substituere</span> 
     </span>
     <span class='ocr_line' id='line_1_23' title="bbox 211 2628 1342 2720; baseline 0.009 -26"><span class='ocrx_word' id='word_1_182' title='bbox 211 2632 365 2712; x_wconf 87' lang='lat' dir='ltr'>videatur,</span> <span class='ocrx_word' id='word_1_183' title='bbox 381 2629 465 2693; x_wconf 91' lang='lat' dir='ltr'>idem</span> <span class='ocrx_word' id='word_1_184' title='bbox 478 2648 604 2711; x_wconf 87' lang='lat' dir='ltr'>nomen,</span> <span class='ocrx_word' id='word_1_185' title='bbox 622 2628 706 2714; x_wconf 92' lang='lat' dir='ltr'>quod</span> <span class='ocrx_word' id='word_1_186' title='bbox 723 2630 754 2693; x_wconf 93' lang='lat' dir='ltr'>in</span> <span class='ocrx_word' id='word_1_187' title='bbox 767 2650 797 2695; x_wconf 89' lang='lat' dir='ltr'>v.</span> <span class='ocrx_word' id='word_1_188' title='bbox 810 2633 851 2694; x_wconf 82' lang='lat'>56</span> <span class='ocrx_word' id='word_1_189' title='bbox 864 2631 1157 2716; x_wconf 90' lang='lat' dir='ltr'>dreprehcndimus,</span> <span class='ocrx_word' id='word_1_190' title='bbox 1170 2639 1342 2720; x_wconf 88' lang='lat' dir='ltr'>repetitum</span> 
     </span>
     <span class='ocr_line' id='line_1_24' title="bbox 210 2733 1343 2822; baseline 0.006 -21"><span class='ocrx_word' id='word_1_191' title='bbox 210 2758 279 2801; x_wconf 88' lang='lat' dir='ltr'>esse</span> <span class='ocrx_word' id='word_1_192' title='bbox 306 2733 526 2799; x_wconf 87' lang='lat' dir='ltr'>concedemus.</span> <span class='ocrx_word' id='word_1_193' title='bbox 572 2734 773 2820; x_wconf 82' lang='lat' dir='ltr'>Quamquam</span> <span class='ocrx_word' id='word_1_194' title='bbox 802 2737 829 2798; x_wconf 92' lang='lat' dir='ltr'>si</span> <span class='ocrx_word' id='word_1_195' title='bbox 858 2742 959 2799; x_wconf 89' lang='lat' dir='ltr'>totum</span> <span class='ocrx_word' id='word_1_196' title='bbox 991 2735 1057 2799; x_wconf 84' lang='lat' dir='ltr'>lere</span> <span class='ocrx_word' id='word_1_197' title='bbox 1088 2746 1229 2822; x_wconf 87' lang='lat' dir='ltr'>systema</span> <span class='ocrx_word' id='word_1_198' title='bbox 1258 2743 1343 2808; x_wconf 89' lang='lat' dir='ltr'>inter</span> 
     </span>
     <span class='ocr_line' id='line_1_25' title="bbox 210 2837 1341 2925; baseline 0.007 -22"><span class='ocrx_word' id='word_1_199' title='bbox 210 2846 380 2925; x_wconf 91' lang='lat' dir='ltr'>utrumque</span> <span class='ocrx_word' id='word_1_200' title='bbox 418 2837 521 2900; x_wconf 92' lang='lat' dir='ltr'>locum</span> <span class='ocrx_word' id='word_1_201' title='bbox 561 2837 712 2902; x_wconf 89' lang='lat' dir='ltr'>interesse</span> <span class='ocrx_word' id='word_1_202' title='bbox 750 2838 1026 2923; x_wconf 89' lang='lat' dir='ltr'>perpenderimus,</span> <span class='ocrx_word' id='word_1_203' title='bbox 1071 2839 1244 2906; x_wconf 90' lang='lat' dir='ltr'>Pindarum</span> <span class='ocrx_word' id='word_1_204' title='bbox 1281 2868 1341 2912; x_wconf 95' lang='lat' dir='ltr'>suo</span> 
     </span>
     <span class='ocr_line' id='line_1_26' title="bbox 210 2941 1343 3031; baseline 0.007 -25"><span class='ocrx_word' id='word_1_205' title='bbox 210 2941 445 3028; x_wconf 88' lang='lat' dir='ltr'>quodammodo</span> <span class='ocrx_word' id='word_1_206' title='bbox 468 2942 535 3004; x_wconf 89' lang='lat' dir='ltr'>iure</span> <span class='ocrx_word' id='word_1_207' title='bbox 556 2941 594 3003; x_wconf 95' lang='lat' dir='ltr'>ad</span> <span class='ocrx_word' id='word_1_208' title='bbox 613 2942 748 3024; x_wconf 90' lang='lat' dir='ltr'>priorem</span> <span class='ocrx_word' id='word_1_209' title='bbox 765 2941 1011 3026; x_wconf 87' lang='lat' dir='ltr'>appellationem</span> <span class='ocrx_word' id='word_1_210' title='bbox 1028 2946 1198 3011; x_wconf 87' lang='lat' dir='ltr'>recurrisse</span> <span class='ocrx_word' id='word_1_211' title='bbox 1213 2949 1343 3031; x_wconf 88' lang='lat' dir='ltr'>prolite-</span> 
     </span>
     <span class='ocr_line' id='line_1_27' title="bbox 211 3047 1343 3133; baseline 0.006 -21"><span class='ocrx_word' id='word_1_212' title='bbox 211 3049 329 3128; x_wconf 91' lang='lat' dir='ltr'>bimnr,</span> <span class='ocrx_word' id='word_1_213' title='bbox 362 3047 548 3131; x_wconf 89' lang='lat' dir='ltr'>praesertim</span> <span class='ocrx_word' id='word_1_214' title='bbox 583 3067 653 3109; x_wconf 92' lang='lat' dir='ltr'>cum</span> <span class='ocrx_word' id='word_1_215' title='bbox 688 3048 967 3113; x_wconf 88' lang='lat' dir='ltr'>circumlocutione</span> <span class='ocrx_word' id='word_1_216' title='bbox 1000 3069 1056 3133; x_wconf 91' lang='lat' dir='ltr'>per</span> <span class='ocrx_word' id='word_1_217' title='bbox 1086 3050 1220 3114; x_wconf 87' lang='lat' dir='ltr'>verbum</span> <span class='ocrx_word' id='word_1_218' title='bbox 1253 3057 1343 3133; x_wconf 82' lang='grc' dir='ltr'><strong><em>νᾶσος</em></strong></span> 
     </span>
     <span class='ocr_line' id='line_1_28' title="bbox 210 3150 1342 3240; baseline 0.005 -23"><span class='ocrx_word' id='word_1_219' title='bbox 210 3155 331 3217; x_wconf 85' lang='lat' dir='ltr'>inserta</span> <span class='ocrx_word' id='word_1_220' title='bbox 361 3150 451 3236; x_wconf 90' lang='lat' dir='ltr'>quasi</span> <span class='ocrx_word' id='word_1_221' title='bbox 484 3151 682 3215; x_wconf 83' lang='lat' dir='ltr'>excusaverit</span> <span class='ocrx_word' id='word_1_222' title='bbox 715 3152 797 3216; x_wconf 89' lang='lat' dir='ltr'>hano</span> <span class='ocrx_word' id='word_1_223' title='bbox 830 3153 1001 3217; x_wconf 90' lang='lat' dir='ltr'>licentiam.</span> <span class='ocrx_word' id='word_1_224' title='bbox 1054 3152 1106 3217; x_wconf 80' lang='lat' dir='ltr'>Ad</span> <span class='ocrx_word' id='word_1_225' title='bbox 1145 3166 1342 3240; x_wconf 90' lang='lat' dir='ltr'>postremum</span> 
     </span>
     <span class='ocr_line' id='line_1_29' title="bbox 210 3255 1344 3344; baseline 0.004 -22"><span class='ocrx_word' id='word_1_226' title='bbox 210 3266 317 3323; x_wconf 87' lang='lat' dir='ltr'>autem</span> <span class='ocrx_word' id='word_1_227' title='bbox 342 3258 373 3319; x_wconf 94' lang='lat' dir='ltr'>in</span> <span class='ocrx_word' id='word_1_228' title='bbox 397 3276 423 3320; x_wconf 92' lang='lat' dir='ltr'>v.</span> <span class='ocrx_word' id='word_1_229' title='bbox 448 3259 487 3319; x_wconf 77' lang='lat'>75</span> <span class='ocrx_word' id='word_1_230' title='bbox 511 3264 608 3339; x_wconf 87' lang='lat' dir='ltr'>poeta</span> <span class='ocrx_word' id='word_1_231' title='bbox 630 3255 712 3319; x_wconf 84' lang='lat' dir='ltr'>Solis</span> <span class='ocrx_word' id='word_1_232' title='bbox 736 3266 768 3320; x_wconf 91' lang='lat' dir='ltr'>et</span> <span class='ocrx_word' id='word_1_233' title='bbox 790 3255 895 3322; x_wconf 87' lang='lat' dir='ltr'>Rhodi</span> <span class='ocrx_word' id='word_1_234' title='bbox 921 3267 1054 3341; x_wconf 89' lang='lat' dir='ltr'>nepotes</span> <span class='ocrx_word' id='word_1_235' title='bbox 1078 3262 1234 3340; x_wconf 77' lang='grc' dir='ltr'>πατρωίαν</span> <span class='ocrx_word' id='word_1_236' title='bbox 1256 3271 1344 3344; x_wconf 76' lang='grc' dir='ltr'><strong><em>γαῖαν</em></strong></span> 
     </span>
     <span class='ocr_line' id='line_1_30' title="bbox 211 3359 1343 3447; baseline 0.004 -21"><span class='ocrx_word' id='word_1_237' title='bbox 211 3361 370 3447; x_wconf 89' lang='lat' dir='ltr'>tripertito</span> <span class='ocrx_word' id='word_1_238' title='bbox 387 3359 530 3423; x_wconf 86' lang='lat' dir='ltr'>divisisse</span> <span class='ocrx_word' id='word_1_239' title='bbox 546 3381 678 3424; x_wconf 91' lang='lat' dir='ltr'>narrans</span> <span class='ocrx_word' id='word_1_240' title='bbox 693 3381 752 3445; x_wconf 90' lang='lat' dir='ltr'>per</span> <span class='ocrx_word' id='word_1_241' title='bbox 767 3361 917 3445; x_wconf 89' lang='lat' dir='ltr'>ambages</span> <span class='ocrx_word' id='word_1_242' title='bbox 932 3362 1055 3425; x_wconf 89' lang='lat' dir='ltr'>insulae</span> <span class='ocrx_word' id='word_1_243' title='bbox 1068 3384 1183 3427; x_wconf 88' lang='lat' dir='ltr'>nornen</span> <span class='ocrx_word' id='word_1_244' title='bbox 1195 3366 1343 3443; x_wconf 89' lang='lat' dir='ltr'>reddidit,</span> 
     </span>
     <span class='ocr_line' id='line_1_31' title="bbox 211 3463 1344 3550; baseline 0.004 -20"><span class='ocrx_word' id='word_1_245' title='bbox 211 3488 283 3530; x_wconf 91' lang='lat' dir='ltr'>cum</span> <span class='ocrx_word' id='word_1_246' title='bbox 307 3465 409 3549; x_wconf 88' lang='lat' dir='ltr'>patria</span> <span class='ocrx_word' id='word_1_247' title='bbox 431 3470 514 3528; x_wconf 91' lang='lat' dir='ltr'>terra</span> <span class='ocrx_word' id='word_1_248' title='bbox 536 3463 752 3548; x_wconf 86' lang='lat' dir='ltr'>intellegenda</span> <span class='ocrx_word' id='word_1_249' title='bbox 774 3466 813 3528; x_wconf 89' lang='lat' dir='ltr'>sit</span> <span class='ocrx_word' id='word_1_250' title='bbox 829 3464 973 3545; x_wconf 88' lang='lat' dir='ltr'>Rhodus,</span> <span class='ocrx_word' id='word_1_251' title='bbox 997 3487 1091 3550; x_wconf 90' lang='lat' dir='ltr'>quam</span> <span class='ocrx_word' id='word_1_252' title='bbox 1114 3467 1179 3548; x_wconf 87' lang='lat' dir='ltr'>Sol,</span> <span class='ocrx_word' id='word_1_253' title='bbox 1202 3490 1273 3533; x_wconf 85' lang='lat' dir='ltr'>cunr</span> <span class='ocrx_word' id='word_1_254' title='bbox 1292 3470 1344 3535; x_wconf 91' lang='lat' dir='ltr'>dei</span> 
     </span>
     <span class='ocr_line' id='line_1_32' title="bbox 211 3567 1343 3653; baseline 0.004 -19"><span class='ocrx_word' id='word_1_255' title='bbox 211 3573 241 3634; x_wconf 92' lang='lat' dir='ltr'>in</span> <span class='ocrx_word' id='word_1_256' title='bbox 259 3570 414 3632; x_wconf 89' lang='lat' dir='ltr'>divisione</span> <span class='ocrx_word' id='word_1_257' title='bbox 430 3567 513 3632; x_wconf 91' lang='lat' dir='ltr'>orbis</span> <span class='ocrx_word' id='word_1_258' title='bbox 529 3574 682 3632; x_wconf 88' lang='lat' dir='ltr'>terrarum</span> <span class='ocrx_word' id='word_1_259' title='bbox 696 3570 821 3632; x_wconf 90' lang='lat' dir='ltr'>absenti</span> <span class='ocrx_word' id='word_1_260' title='bbox 830 3569 1026 3653; x_wconf 88' lang='lat' dir='ltr'>provinciam</span> <span class='ocrx_word' id='word_1_261' title='bbox 1040 3571 1159 3635; x_wconf 87' lang='lat' dir='ltr'>nullam</span> <span class='ocrx_word' id='word_1_262' title='bbox 1171 3573 1343 3653; x_wconf 83' lang='lat' dir='ltr'>dedissent,</span> 
     </span>
     <span class='ocr_line' id='line_1_33' title="bbox 211 3672 1137 3757; baseline 0 -19"><span class='ocrx_word' id='word_1_263' title='bbox 211 3683 277 3739; x_wconf 93' lang='lat' dir='ltr'>tum</span> <span class='ocrx_word' id='word_1_264' title='bbox 301 3672 383 3737; x_wconf 85' lang='lat' dir='ltr'>forte</span> <span class='ocrx_word' id='word_1_265' title='bbox 406 3693 446 3735; x_wconf 82' lang='lat' dir='ltr'>ex</span> <span class='ocrx_word' id='word_1_266' title='bbox 469 3672 550 3735; x_wconf 91' lang='lat' dir='ltr'>mari</span> <span class='ocrx_word' id='word_1_267' title='bbox 572 3672 788 3736; x_wconf 83' lang='lat' dir='ltr'>suborientem</span> <span class='ocrx_word' id='word_1_268' title='bbox 812 3674 871 3736; x_wconf 87' lang='lat' dir='ltr'>sibi</span> <span class='ocrx_word' id='word_1_269' title='bbox 894 3672 1137 3757; x_wconf 88' lang='lat' dir='ltr'>depoposcerat.</span> 
     </span>
    </p>

    <p class='ocr_par' dir='ltr' id='par_1_5' title="bbox 211 3774 1346 4382">
     <span class='ocr_line' id='line_1_34' title="bbox 314 3774 1345 3863; baseline 0.009 -25"><span class='ocrx_word' id='word_1_270' title='bbox 314 3775 407 3839; x_wconf 90' lang='lat' dir='ltr'>Nunc</span> <span class='ocrx_word' id='word_1_271' title='bbox 428 3775 467 3838; x_wconf 86' lang='lat' dir='ltr'>ad</span> <span class='ocrx_word' id='word_1_272' title='bbox 486 3774 730 3840; x_wconf 88' lang='lat' dir='ltr'>considerandas</span> <span class='ocrx_word' id='word_1_273' title='bbox 748 3784 926 3841; x_wconf 88' lang='lat' dir='ltr'>ceterorum</span> <span class='ocrx_word' id='word_1_274' title='bbox 942 3779 1097 3841; x_wconf 84' lang='lat' dir='ltr'>victorum</span> <span class='ocrx_word' id='word_1_275' title='bbox 1113 3779 1232 3863; x_wconf 90' lang='lat' dir='ltr'>patrias</span> <span class='ocrx_word' id='word_1_276' title='bbox 1249 3781 1345 3847; x_wconf 91' lang='lat' dir='ltr'>urbes</span> 
     </span>
     <span class='ocr_line' id='line_1_35' title="bbox 211 3882 1346 3965; baseline 0.004 -20"><span class='ocrx_word' id='word_1_277' title='bbox 211 3901 269 3945; x_wconf 89' lang='lat' dir='ltr'>nos</span> <span class='ocrx_word' id='word_1_278' title='bbox 293 3889 531 3956; x_wconf 87' lang='lat' dir='ltr'>convertamus,</span> <span class='ocrx_word' id='word_1_279' title='bbox 563 3900 661 3963; x_wconf 90' lang='lat' dir='ltr'>quae,</span> <span class='ocrx_word' id='word_1_280' title='bbox 683 3888 853 3965; x_wconf 87' lang='lat' dir='ltr'>postquam</span> <span class='ocrx_word' id='word_1_281' title='bbox 875 3882 1031 3945; x_wconf 78' lang='lat' dir='ltr'>rationem</span> <span class='ocrx_word' id='word_1_282' title='bbox 1054 3888 1086 3944; x_wconf 88' lang='lat' dir='ltr'>et</span> <span class='ocrx_word' id='word_1_283' title='bbox 1108 3882 1193 3946; x_wconf 91' lang='lat' dir='ltr'>viam</span> <span class='ocrx_word' id='word_1_284' title='bbox 1217 3887 1346 3950; x_wconf 91' lang='lat' dir='ltr'>nomina</span> 
     </span>
     <span class='ocr_line' id='line_1_36' title="bbox 212 3983 1343 4072; baseline 0.007 -26"><span class='ocrx_word' id='word_1_285' title='bbox 212 3983 352 4047; x_wconf 88' lang='lat' dir='ltr'>variandi</span> <span class='ocrx_word' id='word_1_286' title='bbox 376 4005 395 4046; x_wconf 99' lang='lat' dir='ltr'>a</span> <span class='ocrx_word' id='word_1_287' title='bbox 411 3983 550 4046; x_wconf 91' lang='lat' dir='ltr'>Pindaro</span> <span class='ocrx_word' id='word_1_288' title='bbox 574 3984 750 4047; x_wconf 86' lang='lat' dir='ltr'>institutam</span> <span class='ocrx_word' id='word_1_289' title='bbox 767 3984 842 4047; x_wconf 89' lang='lat' dir='ltr'>satis</span> <span class='ocrx_word' id='word_1_290' title='bbox 859 3985 1065 4066; x_wconf 89' lang='lat' dir='ltr'>ostendimus,</span> <span class='ocrx_word' id='word_1_291' title='bbox 1091 3985 1217 4050; x_wconf 85' lang='lat' dir='ltr'>brevius</span> <span class='ocrx_word' id='word_1_292' title='bbox 1233 3990 1343 4072; x_wconf 91' lang='lat' dir='ltr'>paullo</span> 
     </span>
     <span class='ocr_line' id='line_1_37' title="bbox 211 4087 1345 4174; baseline 0.007 -25"><span class='ocrx_word' id='word_1_293' title='bbox 211 4087 340 4152; x_wconf 88' lang='lat' dir='ltr'>tractari</span> <span class='ocrx_word' id='word_1_294' title='bbox 363 4098 512 4173; x_wconf 89' lang='lat' dir='ltr'>possunt:</span> <span class='ocrx_word' id='word_1_295' title='bbox 546 4089 584 4151; x_wconf 93' lang='lat' dir='ltr'>ln</span> <span class='ocrx_word' id='word_1_296' title='bbox 607 4090 745 4151; x_wconf 90' lang='lat' dir='ltr'>carmine</span> <span class='ocrx_word' id='word_1_297' title='bbox 769 4087 936 4174; x_wconf 90' lang='lat' dir='ltr'>Olympico</span> <span class='ocrx_word' id='word_1_298' title='bbox 959 4111 1058 4168; x_wconf 91' lang='lat' dir='ltr'>nono,</span> <span class='ocrx_word' id='word_1_299' title='bbox 1090 4111 1153 4173; x_wconf 93' lang='lat' dir='ltr'>quo</span> <span class='ocrx_word' id='word_1_300' title='bbox 1176 4091 1269 4156; x_wconf 91' lang='lat' dir='ltr'>Locri</span> <span class='ocrx_word' id='word_1_301' title='bbox 1293 4116 1345 4160; x_wconf 93' lang='lat' dir='ltr'>cu·</span> 
     </span>
     <span class='ocr_line' id='line_1_38' title="bbox 212 4189 1344 4276; baseline 0.01 -23"><span class='ocrx_word' id='word_1_302' title='bbox 212 4189 334 4254; x_wconf 89' lang='lat' dir='ltr'>iusdam</span> <span class='ocrx_word' id='word_1_303' title='bbox 352 4191 485 4276; x_wconf 92' lang='lat' dir='ltr'>Opuntii</span> <span class='ocrx_word' id='word_1_304' title='bbox 508 4192 639 4256; x_wconf 89' lang='lat' dir='ltr'>victoria</span> <span class='ocrx_word' id='word_1_305' title='bbox 662 4193 849 4274; x_wconf 82' lang='lat' dir='ltr'>celebratur,</span> <span class='ocrx_word' id='word_1_306' title='bbox 873 4193 1064 4258; x_wconf 84' lang='lat' dir='ltr'>OPUNTIS</span> <span class='ocrx_word' id='word_1_307' title='bbox 1088 4215 1203 4258; x_wconf 90' lang='lat' dir='ltr'>nomen</span> <span class='ocrx_word' id='word_1_308' title='bbox 1221 4199 1344 4264; x_wconf 88' lang='lat' dir='ltr'>varium</span> 
     </span>
     <span class='ocr_line' id='line_1_39' title="bbox 211 4292 1343 4382; baseline 0.008 -24"><span class='ocrx_word' id='word_1_309' title='bbox 211 4294 242 4359; x_wconf 92' lang='lat' dir='ltr'>in</span> <span class='ocrx_word' id='word_1_310' title='bbox 265 4293 393 4359; x_wconf 89' lang='lat' dir='ltr'>modum</span> <span class='ocrx_word' id='word_1_311' title='bbox 416 4292 574 4358; x_wconf 89' lang='lat' dir='ltr'>redditum</span> <span class='ocrx_word' id='word_1_312' title='bbox 599 4304 657 4360; x_wconf 86' lang='lat' dir='ltr'>est.</span> <span class='ocrx_word' id='word_1_313' title='bbox 702 4295 782 4360; x_wconf 88' lang='lat' dir='ltr'>Post</span> <span class='ocrx_word' id='word_1_314' title='bbox 811 4295 974 4382; x_wconf 90' lang='lat' dir='ltr'>proprium</span> <span class='ocrx_word' id='word_1_315' title='bbox 1005 4297 1088 4361; x_wconf 89' lang='lat' dir='ltr'>enirn</span> <span class='ocrx_word' id='word_1_316' title='bbox 1112 4296 1199 4361; x_wconf 90' lang='lat' dir='ltr'>urbis</span> <span class='ocrx_word' id='word_1_317' title='bbox 1230 4323 1343 4367; x_wconf 88' lang='lat' dir='ltr'>nomen</span> 
     </span>
    </p>
   </div>
   <div class='ocr_carea' id='block_1_5' title="bbox 0 0 1487 4822">
    <p class='ocr_par' dir='ltr' id='par_1_6' title="bbox 0 0 1487 4822">
     <span class='ocr_line' id='line_1_40' title="bbox 0 0 1487 4822; baseline 0 0"><span class='ocrx_word' id='word_1_318' title='bbox 0 0 1487 4822; x_wconf 95' lang='lat' dir='ltr'> </span> 
     </span>
    </p>
   </div>
  </div>
 </body>
</html>
