2962 4800
658 229 726 312 [aa]
1217 234 1256 294 aa

124 420 254 499 dotium,
279 419 331 480 ubi
352 420 538 480 Asianorum
563 418 731 482 mulierum
755 419 973 484 condicionem
999 421 1257 505 respexerimus¹,

122 544 215 585 usum
238 523 336 601 illurn,
362 528 396 583 ut
418 521 634 585 sacerdoribus
651 521 736 584 idem
751 544 848 586 sexus
868 535 949 587 esset
966 545 1002 589 ac
1020 527 1097 604 deis,
1122 524 1161 587 ad
1178 523 1257 607 Ery·

124 628 235 689 tlrraea
257 627 312 688 illa
335 625 512 688 sacerdotia
536 646 595 689 uon
620 627 810 708 pertinuisse
834 628 982 710 colligere
1005 630 1121 692 licebit.

228 727 387 804 Ceterum,
412 727 559 810 quoniam
594 748 656 788 non
683 727 811 790 cuilibet
844 728 928 812 apud
954 731 1093 793 Graecos
1125 730 1258 793 facultas

123 830 181 893 fuit
215 828 428 892 sacerdotium
462 829 713 907 administramli,
751 831 781 892 in
816 831 1091 895 Halicarnassensi
1130 833 1258 895 decreto

124 933 358 1016 praescribitur,
383 937 417 994 ut
439 933 587 995 sacerdos
611 933 684 994 inde
707 955 726 995 a
751 935 845 995 tertio
870 956 987 1016 genere
1014 936 1090 998 civis
1120 937 1159 998 sit
1182 935 1258 1016 legi·

125 1036 224 1099 tirua‘2.
281 1035 467 1117 Aesculapii
500 1033 615 1097 deinde
650 1035 799 1098 sacerdos
833 1037 955 1119 integer
989 1035 1189 1118 (ὀλόκλαοος)
1229 1043 1260 1101 et

122 1139 198 1201 iuris
224 1138 380 1200 honorum
403 1138 560 1221 particeps
588 1130 635 1224 [pi
660 1139 868 1216 δομοσιοργιάς
890 1137 1035 1219 μέτεστι)
1059 1162 1127 1203 esse
1151 1139 1258 1202 debet.

95 1314 97 1317 ¹
125 1239 309 1303 Cuiusmodi
342 1240 552 1318 condiciones,
586 1258 778 1323 quamquam
811 1242 859 1304 tit.
891 1241 935 1305 la
968 1250 998 1303 et
1030 1241 1064 1304 ll
1097 1242 1192 1325 plane
1227 1248 1259 1303 et

124 1364 274 1426 expresse
296 1364 359 1405 noo
384 1341 561 1425 adscriptae
585 1349 668 1423 sunt,
692 1344 854 1406 tamenin
878 1344 1012 1406 deorum
1036 1352 1067 1406 et
1091 1341 1257 1405 duodecim

123 1455 154 1511 et
178 1447 418 1510 Samothracum
442 1447 627 1510 sacerdotiis
654 1481 689 1489 -
716 1448 742 1509 si
766 1447 892 1529 quidem
917 1447 1043 1532 publiea
1067 1445 1196 1508 luerunt
1217 1485 1257 1494 —

123 1551 259 1615 valuisse
281 1571 375 1613 nemo
399 1551 553 1634 negabitl.

655 1817 725 1905 §a

125 2005 223 2067 QUun
253 2005 432 2057 RATIONES
463 2006 776 2058 INTEROESSERJNT
808 2007 921 2058 Irruu
949 2005 1254 2058 ERYTHRAEORUM

297 2100 610 2153 SAOERDOTIORUM
629 2100 823 2152 EMPTORES
843 2102 889 2152 ET
911 2101 1084 2153 Pusaeus.

229 2248 312 2310 Satis
335 2246 434 2309 multa
456 2246 553 2310 verba
570 2247 609 2309 de
632 2240 828 2330 emptoribus
844 2246 1124 2330 sacerdotibusque
1147 2246 1257 2309 fecisse

125 2350 199 2412 mihi
224 2349 346 2430 videor,
377 2350 558 2434 proximum
585 2359 642 2428 est,
675 2358 709 2413 ut
732 2351 887 2427 rationes,
919 2370 999 2432 quae
1023 2349 1256 2411 intercesserint

125 2455 385 2536 interemptores
411 2464 441 2515 et
472 2454 618 2537 praedes,
641 2455 780 2517 breviter
809 2455 974 2535 attingam.
1021 2454 1069 2515 Ac
1092 2451 1255 2534 praedium

125 2557 250 2641 quidem
268 2557 298 2618 in
322 2577 386 2619 uuo
404 2557 583 2640 Erythraeo
608 2556 698 2621 titulo
721 2557 837 2619 mentio
862 2557 925 2637 fiu3
948 2556 979 2617 in
1003 2576 1065 2638 quo
1079 2560 1255 2638 emptorum

125 2668 156 2722 et
179 2658 343 2741 praedium
366 2660 494 2721 nomina
516 2658 595 2721 haec
622 2660 756 2742 legimus
780 2659 849 2741 plus
872 2659 969 2721 semel
994 2664 1257 2721 commemorata:

229 2760 261 2842 l)
286 2760 424 2843 Ἀρνστῆς
443 2761 598 2843 Ἀρισταῖε
618 2759 677 2824 t'ria
692 2761 868 2825 sacerdotia
885 2763 960 2824 emit
975 2760 1010 2842 a)
1027 2796 1077 2838 —,
1109 2756 1258 2840 ἐγγυητῆς

124 2862 303 2939 Θεόπομπος
319 2861 524 2944 Δημώνακτος
541 2885 569 2927 v.
581 2867 634 2940 54,
658 2863 693 2940 b)
707 2862 890 2946 Ἀφροδίτης
904 2861 1092 2942 Πανδήμου,
1108 2857 1258 2942 ἐνγνητὴς

123 2962 318 3043 Ἀλέξανδρος
346 2986 376 3027 ν.
401 2968 456 3044 58,
487 2965 517 3045 c)
545 2963 613 3041 Διὸς
640 2964 867 3047 Ἀποτοοναίον
898 2971 971 3040 ml,
1001 2961 1152 3045 527quss
1182 2961 1257 3025 Θεό·

125 3091 243 3145 πομπος
269 3064 473 3147 Δημώνακτος
496 3090 525 3130 v.
551 3070 599 3129 ll).

225 3168 260 3249 2)
277 3168 456 3245 Θεόπομπος
471 3167 694 3250 Αημοὶνοικτοςε
712 3169 759 3233 bis
772 3170 987 3233 vadimonium
1001 3170 1087 3246 facit,
1105 3170 1144 3233 ef.
1161 3176 1172 3232 l
1190 3192 1217 3234 a.
1230 3194 1256 3234 c.

225 3272 258 3350 3)
286 3270 460 3352 Δημήτριος
489 3270 665 3336 'Asellium
711 3277 745 3351 a)
785 3281 908 3357 emptor
942 3274 1111 3336 sacerdotii
1137 3273 1256 3354 Ἐοτνής

123 3373 275 3454 Βονλοίης
298 3394 326 3438 v,
345 3376 396 3450 66,
421 3372 456 3454 b)
472 3375 687 3437 vadimonium
703 3376 778 3439 facit
792 3373 979 3462 Ἐρμηοίλεῳ
996 3377 1156 3456 Μέντορος
1181 3397 1208 3440 r.
1227 3381 1256 3442 4.

225 3477 258 3557 4)
297 3475 473 3557 Δημήτριος
503 3476 719 3561 ἶίςνιοτάρχουτ
754 3488 879 3561 emptor
913 3478 1096 3544 sacerdotii.
1121 3478 1257 3561 Ἀθηνᾶς

125 3577 220 3660 Νίκης
244 3602 273 3643 v.
299 3583 350 3660 30,
375 3580 408 3654 b)
432 3581 549 3643 vadem
571 3603 606 3644 se
630 3582 684 3645 dat
707 3603 764 3665 pro
782 3581 910 3669 ‘Iaoot'ap
932 3580 1062 3662 Ἱέρωνος
1087 3605 1115 3646 r.
1141 3585 1192 3645 60.

225 3682 258 3759 5)
268 3680 484 3762 Ἑκατώνυμος
496 3688 694 3764 Xovor'nnou:
708 3693 831 3768 emptor
844 3685 1090 3748 sacerdotiorum
1102 3683 1136 3766 a)
1151 3683 1258 3766 Λήμη-

123 3808 190 3859 τρος
220 3786 267 3846 καὶ
294 3782 458 3866 Δήμητρος
494 3789 610 3870 Κόρης,
645 3787 795 3871 ἐγγυητής
825 3787 956 3864 Ἑκοτᾶς
992 3791 1021 3849 Γ
1021 3787 1118 3850 νώτου
1150 3809 1181 3851 r.
1206 3791 1256 3870 72,

226 3993 233 4023 ¹
253 3991 288 4040 es.
309 4007 333 4056 p.
352 3990 396 4043 30.

224 4074 235 4110 ²
255 4075 290 4126 el.
310 4076 350 4127 tit.
371 4075 414 4127 III
434 4095 458 4128 v.
477 4077 494 4129 6
512 4095 552 4145 sq.

226 4161 289 4212 *οἱ
309 4178 334 4227 p.
354 4161 388 4216 53
407 4178 447 4229 sq.

224 4246 234 4278 ⁴
254 4248 288 4297 cl'.
308 4249 411 4298 Anthea
432 4265 457 4314 p.
476 4249 518 4301 40.
