<?xml version="1.0" encoding="UTF-8"?>
<!DOCTYPE html PUBLIC "-//W3C//DTD XHTML 1.0 Transitional//EN"
    "http://www.w3.org/TR/xhtml1/DTD/xhtml1-transitional.dtd">
<html xmlns="http://www.w3.org/1999/xhtml" xml:lang="en" lang="en">
 <head>
  <title>
</title>
<meta http-equiv="Content-Type" content="text/html;charset=utf-8" />
  <meta name='ocr-system' content='tesseract 3.04.00' />
  <meta name='ocr-capabilities' content='ocr_page ocr_carea ocr_par ocr_line ocrx_word'/>
</head>
<body>
  <div class='ocr_page' id='page_1' title='image "./dissertationesp00stragoog/dissertationesp00stragoog_0289.png"; bbox 0 0 2970 4814; ppageno 0'>
   <div class='ocr_carea' id='block_1_1' title="bbox 112 205 907 343">
    <p class='ocr_par' dir='ltr' id='par_1_1' title="bbox 112 205 907 343">
     <span class='ocr_line' id='line_1_1' title="bbox 112 205 907 343; baseline 0.003 -25"><span class='ocrx_word' id='word_1_1' title='bbox 112 205 114 211; x_wconf 56' lang='grc'><strong>’</strong></span> <span class='ocrx_word' id='word_1_2' title='bbox 210 258 251 319; x_wconf 82' lang='lat'>24</span> <span class='ocrx_word' id='word_1_3' title='bbox 645 293 683 302; x_wconf 93' lang='lat'>-</span> <span class='ocrx_word' id='word_1_4' title='bbox 732 253 819 343; x_wconf 77' lang='lat' dir='ltr'>[aro]</span> <span class='ocrx_word' id='word_1_5' title='bbox 866 294 907 303; x_wconf 93' lang='lat'><em>-</em></span> 
     </span>
    </p>
   </div>
   <div class='ocr_carea' id='block_1_2' title="bbox 207 445 1437 3241">
    <p class='ocr_par' dir='ltr' id='par_1_2' title="bbox 208 445 1437 1261">
     <span class='ocr_line' id='line_1_2' title="bbox 295 445 1345 531; baseline 0.002 -20"><span class='ocrx_word' id='word_1_6' title='bbox 295 445 331 531; x_wconf 89' lang='lat' dir='ltr'>b)</span> <span class='ocrx_word' id='word_1_7' title='bbox 354 446 422 511; x_wconf 93' lang='lat' dir='ltr'>Ubi</span> <span class='ocrx_word' id='word_1_8' title='bbox 444 465 497 511; x_wconf 80' lang='lat' dir='ltr'>-nc</span> <span class='ocrx_word' id='word_1_9' title='bbox 520 446 648 512; x_wconf 86' lang='lat' dir='ltr'>accedit</span> <span class='ocrx_word' id='word_1_10' title='bbox 672 446 713 511; x_wconf 91' lang='lat' dir='ltr'>ad</span> <span class='ocrx_word' id='word_1_11' title='bbox 735 447 857 512; x_wconf 89' lang='lat' dir='ltr'>formas</span> <span class='ocrx_word' id='word_1_12' title='bbox 877 447 1030 512; x_wconf 86' lang='lat' dir='ltr'>uerbalos</span> <span class='ocrx_word' id='word_1_13' title='bbox 1054 447 1134 512; x_wconf 87' lang='lat' dir='ltr'>satis</span> <span class='ocrx_word' id='word_1_14' title='bbox 1150 448 1253 527; x_wconf 89' lang='lat' dir='ltr'>tritas,</span> <span class='ocrx_word' id='word_1_15' title='bbox 1278 448 1299 510; x_wconf 93' lang='lat' dir='ltr'>i.</span> <span class='ocrx_word' id='word_1_16' title='bbox 1317 469 1345 513; x_wconf 90' lang='lat' dir='ltr'>e.</span> 
     </span>
     <span class='ocr_line' id='line_1_3' title="bbox 209 550 1346 637; baseline -0.002 -21"><span class='ocrx_word' id='word_1_17' title='bbox 209 550 251 616; x_wconf 91' lang='lat' dir='ltr'>ad</span> <span class='ocrx_word' id='word_1_18' title='bbox 281 552 416 615; x_wconf 84' lang='lat' dir='ltr'>alteram</span> <span class='ocrx_word' id='word_1_19' title='bbox 447 573 621 637; x_wconf 83' lang='lat' dir='ltr'><strong>personam</strong></span> <span class='ocrx_word' id='word_1_20' title='bbox 644 552 816 637; x_wconf 86' lang='lat' dir='ltr'>singularis</span> <span class='ocrx_word' id='word_1_21' title='bbox 839 551 1008 615; x_wconf 86' lang='lat' dir='ltr'>indicatiui</span> <span class='ocrx_word' id='word_1_22' title='bbox 1037 552 1137 615; x_wconf 87' lang='lat' dir='ltr'>actiui</span> <span class='ocrx_word' id='word_1_23' title='bbox 1158 550 1194 614; x_wconf 92' lang='lat' dir='ltr'>Il</span> <span class='ocrx_word' id='word_1_24' title='bbox 1217 557 1273 615; x_wconf 91' lang='lat' dir='ltr'>aut</span> <span class='ocrx_word' id='word_1_25' title='bbox 1296 550 1346 615; x_wconf 89' lang='lat' dir='ltr'>IV</span> 
     </span>
     <span class='ocr_line' id='line_1_4' title="bbox 211 654 1345 741; baseline -0.001 -22"><span class='ocrx_word' id='word_1_26' title='bbox 211 656 462 741; x_wconf 84' lang='lat' dir='ltr'>coniugationis‚</span> <span class='ocrx_word' id='word_1_27' title='bbox 485 655 527 720; x_wconf 90' lang='lat' dir='ltr'>ad</span> <span class='ocrx_word' id='word_1_28' title='bbox 549 657 686 720; x_wconf 87' lang='lat' dir='ltr'>formam</span> <span class='ocrx_word' id='word_1_29' title='bbox 710 656 770 733; x_wconf 83' lang='lat' dir='ltr'>uis,</span> <span class='ocrx_word' id='word_1_30' title='bbox 793 654 835 719; x_wconf 87' lang='lat' dir='ltr'>ad</span> <span class='ocrx_word' id='word_1_31' title='bbox 857 655 994 719; x_wconf 85' lang='lat' dir='ltr'>formam</span> <span class='ocrx_word' id='word_1_32' title='bbox 1013 655 1127 737; x_wconf 71' lang='lat' dir='ltr'>possin,</span> <span class='ocrx_word' id='word_1_33' title='bbox 1153 660 1181 720; x_wconf 92' lang='lat'>1.</span> <span class='ocrx_word' id='word_1_34' title='bbox 1200 656 1345 740; x_wconf 89' lang='lat' dir='ltr'>plerum-</span> 
     </span>
     <span class='ocr_line' id='line_1_5' title="bbox 210 759 1347 845; baseline 0.001 -22"><span class='ocrx_word' id='word_1_35' title='bbox 210 781 272 845; x_wconf 89' lang='lat' dir='ltr'>que</span> <span class='ocrx_word' id='word_1_36' title='bbox 295 761 422 825; x_wconf 82' lang='lat' dir='ltr'>litterae</span> <span class='ocrx_word' id='word_1_37' title='bbox 445 780 461 824; x_wconf 88' lang='lat' dir='ltr'>s</span> <span class='ocrx_word' id='word_1_38' title='bbox 484 762 556 824; x_wconf 85' lang='lat' dir='ltr'>ote</span> <span class='ocrx_word' id='word_1_39' title='bbox 579 760 774 840; x_wconf 86' lang='lat' dir='ltr'>abiciuntur,</span> <span class='ocrx_word' id='word_1_40' title='bbox 799 762 829 824; x_wconf 82' lang='lat'>2.</span> <span class='ocrx_word' id='word_1_41' title='bbox 846 759 950 822; x_wconf 86' lang='lat' dir='ltr'>rarius</span> <span class='ocrx_word' id='word_1_42' title='bbox 974 759 1073 844; x_wconf 88' lang='lat' dir='ltr'>plena</span> <span class='ocrx_word' id='word_1_43' title='bbox 1095 759 1127 822; x_wconf 92' lang='lat' dir='ltr'>in</span> <span class='ocrx_word' id='word_1_44' title='bbox 1150 777 1220 822; x_wconf 80' lang='lat' dir='ltr'>-sae</span> <span class='ocrx_word' id='word_1_45' title='bbox 1242 759 1347 824; x_wconf 87' lang='lat' dir='ltr'>forma</span> 
     </span>
     <span class='ocr_line' id='line_1_6' title="bbox 210 861 1437 949; baseline 0.002 -22"><span class='ocrx_word' id='word_1_46' title='bbox 210 870 370 944; x_wconf 82' lang='lat' dir='ltr'>seruatur,</span> <span class='ocrx_word' id='word_1_47' title='bbox 394 863 450 928; x_wconf 91' lang='lat' dir='ltr'>ubi</span> <span class='ocrx_word' id='word_1_48' title='bbox 474 886 517 929; x_wconf 80' lang='lat' dir='ltr'>ex</span> <span class='ocrx_word' id='word_1_49' title='bbox 540 870 644 928; x_wconf 86' lang='lat' dir='ltr'>metro</span> <span class='ocrx_word' id='word_1_50' title='bbox 669 868 726 927; x_wconf 90' lang='lat' dir='ltr'>aut</span> <span class='ocrx_word' id='word_1_51' title='bbox 749 885 792 927; x_wconf 84' lang='lat' dir='ltr'>ex</span> <span class='ocrx_word' id='word_1_52' title='bbox 808 861 1044 927; x_wconf 87' lang='lat' dir='ltr'>cousuetudine</span> <span class='ocrx_word' id='word_1_53' title='bbox 1062 865 1220 928; x_wconf 89' lang='lat' dir='ltr'>sermonis</span> <span class='ocrx_word' id='word_1_54' title='bbox 1241 864 1347 949; x_wconf 84' lang='lat' dir='ltr'>magis</span> <span class='ocrx_word' id='word_1_55' title='bbox 1436 930 1437 936; x_wconf 67' lang='grc'>,</span> 
     </span>
     <span class='ocr_line' id='line_1_7' title="bbox 209 957 1346 1050; baseline -0.002 -17"><span class='ocrx_word' id='word_1_56' title='bbox 209 957 429 1034; x_wconf 85' lang='lat' dir='ltr'>conueniebat</span> <span class='ocrx_word' id='word_1_57' title='bbox 452 968 498 1050; x_wconf 79' lang='lat' dir='ltr'>(in</span> <span class='ocrx_word' id='word_1_58' title='bbox 523 968 671 1031; x_wconf 81' lang='lat' dir='ltr'>clausula</span> <span class='ocrx_word' id='word_1_59' title='bbox 687 967 808 1031; x_wconf 86' lang='lat' dir='ltr'>senarii</span> <span class='ocrx_word' id='word_1_60' title='bbox 831 967 971 1046; x_wconf 85' lang='lat' dir='ltr'>iambici,</span> <span class='ocrx_word' id='word_1_61' title='bbox 994 967 1026 1030; x_wconf 89' lang='lat' dir='ltr'>in</span> <span class='ocrx_word' id='word_1_62' title='bbox 1047 966 1195 1031; x_wconf 88' lang='lat' dir='ltr'>formulis</span> <span class='ocrx_word' id='word_1_63' title='bbox 1212 968 1346 1032; x_wconf 87' lang='lat' dir='ltr'>sollem-</span> 
     </span>
     <span class='ocr_line' id='line_1_8' title="bbox 208 1069 1348 1156; baseline -0.002 -19"><span class='ocrx_word' id='word_1_64' title='bbox 208 1071 320 1155; x_wconf 82' lang='lat' dir='ltr'>nibus,</span> <span class='ocrx_word' id='word_1_65' title='bbox 344 1073 377 1137; x_wconf 93' lang='lat' dir='ltr'>in</span> <span class='ocrx_word' id='word_1_66' title='bbox 400 1072 576 1137; x_wconf 81' lang='lat' dir='ltr'>enuntiatis</span> <span class='ocrx_word' id='word_1_67' title='bbox 599 1070 854 1156; x_wconf 82' lang='lat' dir='ltr'>interrogatluis,</span> <span class='ocrx_word' id='word_1_68' title='bbox 877 1069 1095 1151; x_wconf 86' lang='lat' dir='ltr'>disiunctiuis,</span> <span class='ocrx_word' id='word_1_69' title='bbox 1119 1069 1174 1134; x_wconf 94' lang='lat' dir='ltr'>ubi</span> <span class='ocrx_word' id='word_1_70' title='bbox 1197 1077 1272 1156; x_wconf 84' lang='lat' dir='ltr'>post</span> <span class='ocrx_word' id='word_1_71' title='bbox 1294 1091 1348 1135; x_wconf 80' lang='lat' dir='ltr'>-ac</span> 
     </span>
     <span class='ocr_line' id='line_1_9' title="bbox 210 1175 1196 1261; baseline 0.001 -21"><span class='ocrx_word' id='word_1_72' title='bbox 210 1176 358 1261; x_wconf 89' lang='lat' dir='ltr'>sequitur</span> <span class='ocrx_word' id='word_1_73' title='bbox 380 1196 483 1253; x_wconf 78' lang='lat' dir='ltr'>oceane,</span> <span class='ocrx_word' id='word_1_74' title='bbox 506 1175 563 1240; x_wconf 90' lang='lat' dir='ltr'>ubi</span> <span class='ocrx_word' id='word_1_75' title='bbox 584 1194 637 1239; x_wconf 83' lang='lat' dir='ltr'>-no</span> <span class='ocrx_word' id='word_1_76' title='bbox 660 1175 694 1238; x_wconf 92' lang='lat' dir='ltr'>in</span> <span class='ocrx_word' id='word_1_77' title='bbox 717 1176 781 1239; x_wconf 88' lang='lat' dir='ltr'>fine</span> <span class='ocrx_word' id='word_1_78' title='bbox 806 1175 966 1239; x_wconf 90' lang='lat' dir='ltr'>enuntiati</span> <span class='ocrx_word' id='word_1_79' title='bbox 988 1177 1096 1261; x_wconf 87' lang='lat' dir='ltr'>posita</span> <span class='ocrx_word' id='word_1_80' title='bbox 1120 1178 1196 1261; x_wconf 86' lang='lat' dir='ltr'>eat).</span> 
     </span>
    </p>

    <p class='ocr_par' dir='ltr' id='par_1_3' title="bbox 210 1279 1346 1574">
     <span class='ocr_line' id='line_1_10' title="bbox 295 1279 1346 1367; baseline -0.002 -22"><span class='ocrx_word' id='word_1_81' title='bbox 295 1285 327 1367; x_wconf 87' lang='lat' dir='ltr'>o)</span> <span class='ocrx_word' id='word_1_82' title='bbox 352 1280 511 1355; x_wconf 86' lang='lat' dir='ltr'>Quotiens</span> <span class='ocrx_word' id='word_1_83' title='bbox 549 1300 610 1343; x_wconf 80' lang='lat' dir='ltr'>-nc</span> <span class='ocrx_word' id='word_1_84' title='bbox 649 1279 861 1366; x_wconf 88' lang='lat' dir='ltr'>subsequitur</span> <span class='ocrx_word' id='word_1_85' title='bbox 904 1281 986 1345; x_wconf 88' lang='lat' dir='ltr'>alias</span> <span class='ocrx_word' id='word_1_86' title='bbox 1024 1281 1143 1345; x_wconf 87' lang='lat' dir='ltr'>formas</span> <span class='ocrx_word' id='word_1_87' title='bbox 1182 1280 1346 1363; x_wconf 85' lang='lat' dir='ltr'>uerbales,</span> 
     </span>
     <span class='ocr_line' id='line_1_11' title="bbox 210 1384 1345 1472; baseline 0 -24"><span class='ocrx_word' id='word_1_88' title='bbox 210 1407 342 1472; x_wconf 88' lang='lat' dir='ltr'>semper</span> <span class='ocrx_word' id='word_1_89' title='bbox 370 1386 468 1471; x_wconf 88' lang='lat' dir='ltr'>plena</span> <span class='ocrx_word' id='word_1_90' title='bbox 496 1385 529 1449; x_wconf 94' lang='lat' dir='ltr'>in</span> <span class='ocrx_word' id='word_1_91' title='bbox 556 1402 625 1448; x_wconf 82' lang='lat' dir='ltr'>-sno</span> <span class='ocrx_word' id='word_1_92' title='bbox 652 1384 756 1447; x_wconf 86' lang='lat' dir='ltr'>forma</span> <span class='ocrx_word' id='word_1_93' title='bbox 778 1384 1000 1470; x_wconf 86' lang='lat' dir='ltr'>usurpabatur</span> <span class='ocrx_word' id='word_1_94' title='bbox 1014 1385 1053 1470; x_wconf 80' lang='lat'>¹),</span> <span class='ocrx_word' id='word_1_95' title='bbox 1086 1384 1145 1450; x_wconf 89' lang='lat' dir='ltr'>sed</span> <span class='ocrx_word' id='word_1_96' title='bbox 1167 1385 1270 1450; x_wconf 87' lang='lat' dir='ltr'>rarius</span> <span class='ocrx_word' id='word_1_97' title='bbox 1293 1406 1345 1449; x_wconf 91' lang='lat' dir='ltr'>se-</span> 
     </span>
     <span class='ocr_line' id='line_1_12' title="bbox 210 1488 985 1574; baseline 0 -22"><span class='ocrx_word' id='word_1_98' title='bbox 210 1496 331 1574; x_wconf 88' lang='lat' dir='ltr'>quente</span> <span class='ocrx_word' id='word_1_99' title='bbox 354 1510 506 1570; x_wconf 85' lang='lat' dir='ltr'>consona,</span> <span class='ocrx_word' id='word_1_100' title='bbox 531 1488 662 1573; x_wconf 89' lang='lat' dir='ltr'>saepius</span> <span class='ocrx_word' id='word_1_101' title='bbox 686 1493 845 1573; x_wconf 87' lang='lat' dir='ltr'>sequente</span> <span class='ocrx_word' id='word_1_102' title='bbox 868 1488 985 1553; x_wconf 87' lang='lat' dir='ltr'>uocali.</span> 
     </span>
    </p>

    <p class='ocr_par' dir='ltr' id='par_1_4' title="bbox 207 1591 1350 2283">
     <span class='ocr_line' id='line_1_13' title="bbox 296 1591 1349 1678; baseline -0.002 -21"><span class='ocrx_word' id='word_1_103' title='bbox 296 1592 329 1678; x_wconf 91' lang='lat' dir='ltr'>d)</span> <span class='ocrx_word' id='word_1_104' title='bbox 353 1593 518 1663; x_wconf 85' lang='lat' dir='ltr'>Informis</span> <span class='ocrx_word' id='word_1_105' title='bbox 531 1593 594 1656; x_wconf 87' lang='lat' dir='ltr'>illis</span> <span class='ocrx_word' id='word_1_106' title='bbox 607 1591 763 1657; x_wconf 88' lang='lat' dir='ltr'>breuibus</span> <span class='ocrx_word' id='word_1_107' title='bbox 776 1592 925 1656; x_wconf 88' lang='lat' dir='ltr'>uocalem</span> <span class='ocrx_word' id='word_1_108' title='bbox 940 1593 1006 1656; x_wconf 89' lang='lat' dir='ltr'>ictu</span> <span class='ocrx_word' id='word_1_109' title='bbox 1020 1591 1202 1678; x_wconf 86' lang='lat' dir='ltr'>praeditam</span> <span class='ocrx_word' id='word_1_110' title='bbox 1216 1592 1349 1676; x_wconf 88' lang='lat' dir='ltr'>longam</span> 
     </span>
     <span class='ocr_line' id='line_1_14' title="bbox 207 1694 1350 1783; baseline -0.003 -23"><span class='ocrx_word' id='word_1_111' title='bbox 207 1696 310 1761; x_wconf 86' lang='lat' dir='ltr'>fuisse</span> <span class='ocrx_word' id='word_1_112' title='bbox 334 1702 471 1783; x_wconf 88' lang='lat' dir='ltr'>apparet</span> <span class='ocrx_word' id='word_1_113' title='bbox 495 1718 537 1761; x_wconf 83' lang='lat' dir='ltr'>ex</span> <span class='ocrx_word' id='word_1_114' title='bbox 559 1695 709 1759; x_wconf 88' lang='lat' dir='ltr'>uersibus</span> <span class='ocrx_word' id='word_1_115' title='bbox 735 1695 829 1761; x_wconf 83' lang='lat' dir='ltr'>Asin.</span> <span class='ocrx_word' id='word_1_116' title='bbox 850 1698 912 1761; x_wconf 85' lang='grc'>598</span> <span class='ocrx_word' id='word_1_117' title='bbox 935 1694 1070 1760; x_wconf 70' lang='lat' dir='ltr'>Audin</span> <span class='ocrx_word' id='word_1_118' title='bbox 1091 1696 1174 1761; x_wconf 80' lang='lat' dir='ltr'>lonc</span> <span class='ocrx_word' id='word_1_119' title='bbox 1196 1694 1291 1779; x_wconf 75' lang='lat' dir='ltr'>opera</span> <span class='ocrx_word' id='word_1_120' title='bbox 1315 1698 1350 1758; x_wconf 82' lang='lat' dir='ltr'>ut</span> 
     </span>
     <span class='ocr_line' id='line_1_15' title="bbox 209 1798 1347 1886; baseline 0.001 -23"><span class='ocrx_word' id='word_1_121' title='bbox 209 1800 318 1883; x_wconf 71' lang='lat' dir='ltr'>lorpus</span> <span class='ocrx_word' id='word_1_122' title='bbox 341 1802 386 1866; x_wconf 82' lang='lat' dir='ltr'>e&#39;st</span> <span class='ocrx_word' id='word_1_123' title='bbox 408 1800 463 1884; x_wconf 86' lang='lat' dir='ltr'>(cf.</span> <span class='ocrx_word' id='word_1_124' title='bbox 488 1798 930 1865; x_wconf 81' lang='lat' dir='ltr'>StudemundStud.1271</span> <span class='ocrx_word' id='word_1_125' title='bbox 964 1800 1037 1865; x_wconf 90' lang='lat' dir='ltr'>adn.</span> <span class='ocrx_word' id='word_1_126' title='bbox 1064 1800 1096 1884; x_wconf 89' lang='lat'>3)</span> <span class='ocrx_word' id='word_1_127' title='bbox 1122 1798 1135 1886; x_wconf 74' lang='lat' dir='ltr'>ll</span> <span class='ocrx_word' id='word_1_128' title='bbox 1167 1799 1258 1864; x_wconf 82' lang='lat' dir='ltr'>Asin.</span> <span class='ocrx_word' id='word_1_129' title='bbox 1285 1802 1347 1864; x_wconf 87' lang='grc'>703</span> 
     </span>
     <span class='ocr_line' id='line_1_16' title="bbox 208 1902 1349 1992; baseline 0.001 -25"><span class='ocrx_word' id='word_1_130' title='bbox 208 1902 293 1968; x_wconf 77' lang='lat' dir='ltr'>octa</span> <span class='ocrx_word' id='word_1_131' title='bbox 323 1907 359 1968; x_wconf 79' lang='lat' dir='ltr'>ut</span> <span class='ocrx_word' id='word_1_132' title='bbox 392 1904 494 1969; x_wconf 78' lang='lat' dir='ltr'>dicam</span> <span class='ocrx_word' id='word_1_133' title='bbox 517 1904 530 1990; x_wconf 75' lang='lat' dir='ltr'>ll</span> <span class='ocrx_word' id='word_1_134' title='bbox 554 1904 647 1970; x_wconf 85' lang='lat' dir='ltr'>Asin.</span> <span class='ocrx_word' id='word_1_135' title='bbox 671 1907 733 1968; x_wconf 88' lang='grc'>646</span> <span class='ocrx_word' id='word_1_136' title='bbox 761 1902 836 1968; x_wconf 75' lang='lat' dir='ltr'>ota</span> <span class='ocrx_word' id='word_1_137' title='bbox 858 1906 945 1968; x_wconf 77' lang='lat' dir='ltr'>erttm</span> <span class='ocrx_word' id='word_1_138' title='bbox 967 1904 1097 1969; x_wconf 79' lang='lat' dir='ltr'>dclttdt?</span> <span class='ocrx_word' id='word_1_139' title='bbox 1121 1904 1133 1992; x_wconf 74' lang='lat' dir='ltr'>ll</span> <span class='ocrx_word' id='word_1_140' title='bbox 1165 1905 1260 1969; x_wconf 86' lang='lat' dir='ltr'>Ourc.</span> <span class='ocrx_word' id='word_1_141' title='bbox 1285 1906 1349 1969; x_wconf 88' lang='grc'>313</span> 
     </span>
     <span class='ocr_line' id='line_1_17' title="bbox 216 2006 1349 2097; baseline 0.001 -25"><span class='ocrx_word' id='word_1_142' title='bbox 216 2006 293 2072; x_wconf 75' lang='lat' dir='ltr'><em>th</em></span> <span class='ocrx_word' id='word_1_143' title='bbox 319 2008 459 2090; x_wconf 72' lang='lat' dir='ltr'>aquam?</span> <span class='ocrx_word' id='word_1_144' title='bbox 490 2009 501 2095; x_wconf 75' lang='lat' dir='ltr'>ll</span> <span class='ocrx_word' id='word_1_145' title='bbox 533 2009 621 2075; x_wconf 88' lang='lat' dir='ltr'>Men.</span> <span class='ocrx_word' id='word_1_146' title='bbox 644 2011 707 2073; x_wconf 81' lang='lat'>653</span> <span class='ocrx_word' id='word_1_147' title='bbox 730 2006 802 2072; x_wconf 72' lang='lat' dir='ltr'>ota</span> <span class='ocrx_word' id='word_1_148' title='bbox 825 2008 952 2093; x_wconf 80' lang='lat' dir='ltr'>odfc&#39;rrt</span> <span class='ocrx_word' id='word_1_149' title='bbox 970 2009 1115 2073; x_wconf 73' lang='lat' dir='ltr'>noctuam</span> <span class='ocrx_word' id='word_1_150' title='bbox 1132 2010 1145 2097; x_wconf 74' lang='lat' dir='ltr'>ll</span> <span class='ocrx_word' id='word_1_151' title='bbox 1170 2009 1268 2074; x_wconf 89' lang='lat' dir='ltr'>Most.</span> <span class='ocrx_word' id='word_1_152' title='bbox 1286 2011 1349 2073; x_wconf 87' lang='grc'>399</span> 
     </span>
     <span class='ocr_line' id='line_1_18' title="bbox 209 2110 1348 2200; baseline 0.001 -25"><span class='ocrx_word' id='word_1_153' title='bbox 209 2110 279 2175; x_wconf 75' lang='lat' dir='ltr'>cta</span> <span class='ocrx_word' id='word_1_154' title='bbox 305 2114 488 2195; x_wconf 69' lang='lat' dir='ltr'>unguento?</span> <span class='ocrx_word' id='word_1_155' title='bbox 515 2114 524 2200; x_wconf 74' lang='lat' dir='ltr'>ll</span> <span class='ocrx_word' id='word_1_156' title='bbox 558 2114 658 2180; x_wconf 88' lang='lat' dir='ltr'>Poen.</span> <span class='ocrx_word' id='word_1_157' title='bbox 682 2116 744 2177; x_wconf 87' lang='grc'>999</span> <span class='ocrx_word' id='word_1_158' title='bbox 773 2110 845 2176; x_wconf 75' lang='lat' dir='ltr'>cta</span> <span class='ocrx_word' id='word_1_159' title='bbox 874 2113 1027 2194; x_wconf 55' lang='lat' dir='ltr'>appellem</span> <span class='ocrx_word' id='word_1_160' title='bbox 1054 2113 1137 2179; x_wconf 70' lang='lat' dir='ltr'>lacco</span> <span class='ocrx_word' id='word_1_161' title='bbox 1163 2112 1310 2179; x_wconf 67' lang='lat' dir='ltr'>Pataita?</span> <span class='ocrx_word' id='word_1_162' title='bbox 1336 2110 1348 2198; x_wconf 75' lang='lat' dir='ltr'>ll</span> 
     </span>
     <span class='ocr_line' id='line_1_19' title="bbox 210 2215 951 2283; baseline 0.001 -3"><span class='ocrx_word' id='word_1_163' title='bbox 210 2216 312 2281; x_wconf 85' lang='lat' dir='ltr'>Stich.</span> <span class='ocrx_word' id='word_1_164' title='bbox 338 2219 399 2281; x_wconf 84' lang='lat'>736</span> <span class='ocrx_word' id='word_1_165' title='bbox 433 2215 502 2281; x_wconf 70' lang='lat' dir='ltr'>Vta</span> <span class='ocrx_word' id='word_1_166' title='bbox 530 2218 663 2283; x_wconf 78' lang='lat' dir='ltr'>amttam</span> <span class='ocrx_word' id='word_1_167' title='bbox 685 2215 745 2281; x_wconf 80' lang='lat' dir='ltr'>boc</span> <span class='ocrx_word' id='word_1_168' title='bbox 768 2216 951 2282; x_wconf 80' lang='lat' dir='ltr'>c&#39;aooc&#39;mos?</span> 
     </span>
    </p>

    <p class='ocr_par' dir='ltr' id='par_1_5' title="bbox 209 2320 1350 3241">
     <span class='ocr_line' id='line_1_20' title="bbox 298 2320 1348 2408; baseline -0.001 -22"><span class='ocrx_word' id='word_1_169' title='bbox 298 2320 329 2406; x_wconf 79' lang='lat' dir='ltr'>o)</span> <span class='ocrx_word' id='word_1_170' title='bbox 353 2321 460 2386; x_wconf 85' lang='lat' dir='ltr'>Valde</span> <span class='ocrx_word' id='word_1_171' title='bbox 496 2321 708 2387; x_wconf 90' lang='lat' dir='ltr'>dubitandum</span> <span class='ocrx_word' id='word_1_172' title='bbox 739 2328 790 2386; x_wconf 89' lang='lat' dir='ltr'>est</span> <span class='ocrx_word' id='word_1_173' title='bbox 821 2321 862 2386; x_wconf 89' lang='lat' dir='ltr'>de</span> <span class='ocrx_word' id='word_1_174' title='bbox 892 2322 997 2387; x_wconf 85' lang='lat' dir='ltr'>forma</span> <span class='ocrx_word' id='word_1_175' title='bbox 1025 2323 1150 2400; x_wconf 83' lang='lat' dir='ltr'>alsae,</span> <span class='ocrx_word' id='word_1_176' title='bbox 1184 2343 1268 2408; x_wconf 87' lang='lat' dir='ltr'>quac</span> <span class='ocrx_word' id='word_1_177' title='bbox 1298 2326 1348 2386; x_wconf 87' lang='lat' dir='ltr'>ter</span> 
     </span>
     <span class='ocr_line' id='line_1_21' title="bbox 209 2425 1350 2512; baseline 0.002 -24"><span class='ocrx_word' id='word_1_178' title='bbox 209 2426 331 2509; x_wconf 85' lang='lat' dir='ltr'>legitur</span> <span class='ocrx_word' id='word_1_179' title='bbox 360 2431 518 2512; x_wconf 88' lang='lat' dir='ltr'>sequente</span> <span class='ocrx_word' id='word_1_180' title='bbox 546 2427 652 2491; x_wconf 88' lang='lat' dir='ltr'>uocali</span> <span class='ocrx_word' id='word_1_181' title='bbox 681 2425 781 2492; x_wconf 88' lang='lat' dir='ltr'>Mero.</span> <span class='ocrx_word' id='word_1_182' title='bbox 806 2428 885 2506; x_wconf 86' lang='grc'>486,</span> <span class='ocrx_word' id='word_1_183' title='bbox 908 2426 1005 2491; x_wconf 88' lang='lat' dir='ltr'>Most.</span> <span class='ocrx_word' id='word_1_184' title='bbox 1029 2429 1107 2507; x_wconf 77' lang='lat'>322,</span> <span class='ocrx_word' id='word_1_185' title='bbox 1131 2425 1222 2492; x_wconf 87' lang='lat' dir='ltr'>Trin.</span> <span class='ocrx_word' id='word_1_186' title='bbox 1249 2430 1350 2497; x_wconf 60' lang='lat' dir='ltr'>loom</span> 
     </span>
     <span class='ocr_line' id='line_1_22' title="bbox 210 2529 1347 2616; baseline 0.003 -23"><span class='ocrx_word' id='word_1_187' title='bbox 210 2551 286 2594; x_wconf 90' lang='lat' dir='ltr'>nam</span> <span class='ocrx_word' id='word_1_188' title='bbox 314 2551 379 2594; x_wconf 92' lang='lat' dir='ltr'>non</span> <span class='ocrx_word' id='word_1_189' title='bbox 404 2538 454 2594; x_wconf 89' lang='lat' dir='ltr'>est</span> <span class='ocrx_word' id='word_1_190' title='bbox 483 2551 540 2595; x_wconf 90' lang='lat' dir='ltr'>our</span> <span class='ocrx_word' id='word_1_191' title='bbox 562 2530 655 2595; x_wconf 90' lang='lat' dir='ltr'>uerbi</span> <span class='ocrx_word' id='word_1_192' title='bbox 680 2529 763 2595; x_wconf 89' lang='lat' dir='ltr'>adeo</span> <span class='ocrx_word' id='word_1_193' title='bbox 786 2531 855 2594; x_wconf 87' lang='lat' dir='ltr'>triti</span> <span class='ocrx_word' id='word_1_194' title='bbox 878 2532 910 2595; x_wconf 94' lang='lat' dir='ltr'>in</span> <span class='ocrx_word' id='word_1_195' title='bbox 932 2532 1045 2616; x_wconf 90' lang='lat' dir='ltr'>lingua</span> <span class='ocrx_word' id='word_1_196' title='bbox 1067 2531 1230 2612; x_wconf 85' lang='lat' dir='ltr'>Plautina,</span> <span class='ocrx_word' id='word_1_197' title='bbox 1255 2533 1347 2597; x_wconf 88' lang='lat' dir='ltr'>cuius</span> 
     </span>
     <span class='ocr_line' id='line_1_23' title="bbox 211 2633 1348 2717; baseline 0.002 -20"><span class='ocrx_word' id='word_1_198' title='bbox 211 2634 349 2713; x_wconf 86' lang='lat' dir='ltr'>formam</span> <span class='ocrx_word' id='word_1_199' title='bbox 379 2633 437 2696; x_wconf 71' lang='lat' dir='ltr'>cia</span> <span class='ocrx_word' id='word_1_200' title='bbox 472 2634 583 2698; x_wconf 84' lang='lat' dir='ltr'>tricies</span> <span class='ocrx_word' id='word_1_201' title='bbox 616 2635 718 2699; x_wconf 87' lang='lat' dir='ltr'>octies</span> <span class='ocrx_word' id='word_1_202' title='bbox 756 2636 976 2717; x_wconf 85' lang='lat' dir='ltr'>enotauimus‚</span> <span class='ocrx_word' id='word_1_203' title='bbox 1009 2638 1041 2699; x_wconf 95' lang='lat' dir='ltr'>in</span> <span class='ocrx_word' id='word_1_204' title='bbox 1066 2635 1169 2700; x_wconf 90' lang='lat' dir='ltr'>tribus</span> <span class='ocrx_word' id='word_1_205' title='bbox 1197 2637 1348 2701; x_wconf 85' lang='lat' dir='ltr'>uersibus</span> 
     </span>
     <span class='ocr_line' id='line_1_24' title="bbox 213 2737 1348 2826; baseline 0.003 -25"><span class='ocrx_word' id='word_1_206' title='bbox 213 2738 303 2801; x_wconf 89' lang='lat' dir='ltr'>nulla</span> <span class='ocrx_word' id='word_1_207' title='bbox 325 2737 483 2802; x_wconf 87' lang='lat' dir='ltr'>sermonis</span> <span class='ocrx_word' id='word_1_208' title='bbox 508 2744 564 2802; x_wconf 90' lang='lat' dir='ltr'>aut</span> <span class='ocrx_word' id='word_1_209' title='bbox 586 2738 730 2823; x_wconf 87' lang='lat' dir='ltr'>rhythmi</span> <span class='ocrx_word' id='word_1_210' title='bbox 752 2739 827 2823; x_wconf 86' lang='lat' dir='ltr'>lege</span> <span class='ocrx_word' id='word_1_211' title='bbox 852 2747 988 2825; x_wconf 87' lang='lat' dir='ltr'>cogente</span> <span class='ocrx_word' id='word_1_212' title='bbox 1012 2740 1195 2806; x_wconf 88' lang='lat' dir='ltr'>seruauerit</span> <span class='ocrx_word' id='word_1_213' title='bbox 1217 2741 1348 2826; x_wconf 87' lang='lat' dir='ltr'>plenam</span> 
     </span>
     <span class='ocr_line' id='line_1_25' title="bbox 213 2841 1349 2930; baseline 0.003 -25"><span class='ocrx_word' id='word_1_214' title='bbox 213 2842 350 2905; x_wconf 84' lang='lat' dir='ltr'>formam</span> <span class='ocrx_word' id='word_1_215' title='bbox 363 2841 468 2918; x_wconf 60' lang='lat' dir='ltr'>uisam</span> <span class='ocrx_word' id='word_1_216' title='bbox 485 2841 612 2907; x_wconf 87' lang='lat' dir='ltr'>accedit</span> <span class='ocrx_word' id='word_1_217' title='bbox 628 2842 714 2928; x_wconf 92' lang='lat' dir='ltr'>quod</span> <span class='ocrx_word' id='word_1_218' title='bbox 729 2844 762 2907; x_wconf 94' lang='lat' dir='ltr'>in</span> <span class='ocrx_word' id='word_1_219' title='bbox 778 2843 828 2907; x_wconf 89' lang='lat' dir='ltr'>his</span> <span class='ocrx_word' id='word_1_220' title='bbox 844 2844 995 2908; x_wconf 87' lang='lat' dir='ltr'>uersibus</span> <span class='ocrx_word' id='word_1_221' title='bbox 1011 2849 1084 2930; x_wconf 87' lang='lat' dir='ltr'>post</span> <span class='ocrx_word' id='word_1_222' title='bbox 1099 2845 1189 2908; x_wconf 80' lang='lat' dir='ltr'>uisae</span> <span class='ocrx_word' id='word_1_223' title='bbox 1202 2844 1349 2929; x_wconf 90' lang='lat' dir='ltr'>sequitur</span> 
     </span>
     <span class='ocr_line' id='line_1_26' title="bbox 213 2946 1350 3033; baseline 0.004 -25"><span class='ocrx_word' id='word_1_224' title='bbox 213 2946 347 3027; x_wconf 86' lang='lat' dir='ltr'>uocalis,</span> <span class='ocrx_word' id='word_1_225' title='bbox 371 2946 418 3010; x_wconf 89' lang='lat' dir='ltr'>ita</span> <span class='ocrx_word' id='word_1_226' title='bbox 440 2952 476 3010; x_wconf 91' lang='lat' dir='ltr'>ut</span> <span class='ocrx_word' id='word_1_227' title='bbox 499 2947 588 3011; x_wconf 90' lang='lat' dir='ltr'>nullo</span> <span class='ocrx_word' id='word_1_228' title='bbox 608 2948 738 3033; x_wconf 91' lang='lat' dir='ltr'>negotio</span> <span class='ocrx_word' id='word_1_229' title='bbox 755 2948 845 3011; x_wconf 78' lang='lat' dir='ltr'>alono</span> <span class='ocrx_word' id='word_1_230' title='bbox 869 2953 902 3012; x_wconf 90' lang='lat' dir='ltr'>et</span> <span class='ocrx_word' id='word_1_231' title='bbox 924 2948 982 3011; x_wconf 79' lang='lat' dir='ltr'>ola</span> <span class='ocrx_word' id='word_1_232' title='bbox 998 2950 1084 3013; x_wconf 90' lang='lat' dir='ltr'>iuter</span> <span class='ocrx_word' id='word_1_233' title='bbox 1107 2969 1141 3012; x_wconf 88' lang='lat' dir='ltr'>se</span> <span class='ocrx_word' id='word_1_234' title='bbox 1160 2950 1350 3013; x_wconf 87' lang='lat' dir='ltr'>commutari</span> 
     </span>
     <span class='ocr_line' id='line_1_27' title="bbox 213 3050 1350 3136; baseline 0.002 -22"><span class='ocrx_word' id='word_1_235' title='bbox 213 3050 353 3135; x_wconf 81' lang='lat' dir='ltr'>possint3</span> <span class='ocrx_word' id='word_1_236' title='bbox 377 3051 455 3136; x_wconf 92' lang='lat' dir='ltr'>quin</span> <span class='ocrx_word' id='word_1_237' title='bbox 477 3052 575 3115; x_wconf 91' lang='lat' dir='ltr'>etiam</span> <span class='ocrx_word' id='word_1_238' title='bbox 599 3051 692 3116; x_wconf 82' lang='lat' dir='ltr'>Cure.</span> <span class='ocrx_word' id='word_1_239' title='bbox 713 3053 774 3115; x_wconf 87' lang='lat'>313</span> <span class='ocrx_word' id='word_1_240' title='bbox 797 3053 855 3115; x_wconf 80' lang='lat' dir='ltr'>ota</span> <span class='ocrx_word' id='word_1_241' title='bbox 877 3051 1026 3132; x_wconf 46' lang='lat' dir='ltr'>cottam&amp;</span> <span class='ocrx_word' id='word_1_242' title='bbox 1047 3051 1135 3116; x_wconf 86' lang='lat' dir='ltr'>Triu.</span> <span class='ocrx_word' id='word_1_243' title='bbox 1156 3055 1232 3116; x_wconf 87' lang='grc'>1991</span> <span class='ocrx_word' id='word_1_244' title='bbox 1260 3053 1350 3116; x_wconf 78' lang='lat' dir='ltr'>alsae</span> 
     </span>
     <span class='ocr_line' id='line_1_28' title="bbox 212 3152 1184 3241; baseline 0.005 -26"><span class='ocrx_word' id='word_1_245' title='bbox 212 3152 353 3233; x_wconf 74' lang='lat' dir='ltr'>aquam?</span> <span class='ocrx_word' id='word_1_246' title='bbox 376 3155 534 3240; x_wconf 80' lang='lat' dir='ltr'>legimus3</span> <span class='ocrx_word' id='word_1_247' title='bbox 559 3154 598 3219; x_wconf 87' lang='lat' dir='ltr'>cf.</span> <span class='ocrx_word' id='word_1_248' title='bbox 615 3154 755 3219; x_wconf 88' lang='lat' dir='ltr'>Mueller</span> <span class='ocrx_word' id='word_1_249' title='bbox 779 3154 1030 3240; x_wconf 82' lang='lat' dir='ltr'>,‚Nochtraege“</span> <span class='ocrx_word' id='word_1_250' title='bbox 1055 3177 1085 3241; x_wconf 93' lang='lat' dir='ltr'>p.</span> <span class='ocrx_word' id='word_1_251' title='bbox 1115 3159 1184 3221; x_wconf 89' lang='lat'>100.</span> 
     </span>
    </p>
   </div>
   <div class='ocr_carea' id='block_1_3' title="bbox 213 3376 1355 4316">
    <p class='ocr_par' dir='ltr' id='par_1_6' title="bbox 213 3376 1354 3794">
     <span class='ocr_line' id='line_1_29' title="bbox 288 3376 1354 3447; baseline 0.002 -17"><span class='ocrx_word' id='word_1_252' title='bbox 288 3378 308 3444; x_wconf 90' lang='lat'>¹)</span> <span class='ocrx_word' id='word_1_253' title='bbox 327 3377 401 3431; x_wconf 88' lang='lat' dir='ltr'>Pers.</span> <span class='ocrx_word' id='word_1_254' title='bbox 424 3379 459 3431; x_wconf 80' lang='lat'>42</span> <span class='ocrx_word' id='word_1_255' title='bbox 489 3376 543 3446; x_wconf 76' lang='lat' dir='ltr'>Qui</span> <span class='ocrx_word' id='word_1_256' title='bbox 565 3377 641 3445; x_wconf 76' lang='lat' dir='ltr'>ipsas</span> <span class='ocrx_word' id='word_1_257' title='bbox 661 3377 744 3432; x_wconf 79' lang='lat' dir='ltr'>alliot.</span> <span class='ocrx_word' id='word_1_258' title='bbox 770 3382 786 3442; x_wconf 87' lang='lat'><em>§</em></span> <span class='ocrx_word' id='word_1_259' title='bbox 808 3377 891 3431; x_wconf 76' lang='lat' dir='ltr'>sicine</span> <span class='ocrx_word' id='word_1_260' title='bbox 913 3377 962 3431; x_wconf 80' lang='lat' dir='ltr'>boo</span> <span class='ocrx_word' id='word_1_261' title='bbox 988 3378 1012 3431; x_wconf 76' lang='lat' dir='ltr'>tt</span> <span class='ocrx_word' id='word_1_262' title='bbox 1033 3378 1097 3431; x_wconf 72' lang='lat' dir='ltr'>turbt</span> <span class='ocrx_word' id='word_1_263' title='bbox 1118 3378 1224 3445; x_wconf 68' lang='lat' dir='ltr'>fricare?</span> <span class='ocrx_word' id='word_1_264' title='bbox 1249 3384 1265 3445; x_wconf 83' lang='lat'><em>§</em></span> <span class='ocrx_word' id='word_1_265' title='bbox 1288 3379 1354 3447; x_wconf 71' lang='lat' dir='ltr'>pald</span> 
     </span>
     <span class='ocr_line' id='line_1_30' title="bbox 213 3462 1353 3536; baseline 0.002 -18"><span class='ocrx_word' id='word_1_266' title='bbox 213 3463 333 3530; x_wconf 65' lang='lat' dir='ltr'>somam?</span> <span class='ocrx_word' id='word_1_267' title='bbox 356 3468 372 3529; x_wconf 87' lang='lat'><em>§</em></span> <span class='ocrx_word' id='word_1_268' title='bbox 395 3462 507 3532; x_wconf 73' lang='lat' dir='ltr'>royda?</span> <span class='ocrx_word' id='word_1_269' title='bbox 531 3464 712 3533; x_wconf 84' lang='lat' dir='ltr'>neglegentia</span> <span class='ocrx_word' id='word_1_270' title='bbox 736 3464 842 3518; x_wconf 88' lang='lat' dir='ltr'>scribae</span> <span class='ocrx_word' id='word_1_271' title='bbox 864 3464 893 3518; x_wconf 93' lang='lat' dir='ltr'>in</span> <span class='ocrx_word' id='word_1_272' title='bbox 917 3465 1038 3519; x_wconf 88' lang='lat' dir='ltr'>codicem</span> <span class='ocrx_word' id='word_1_273' title='bbox 1064 3466 1102 3519; x_wconf 82' lang='lat' dir='ltr'>B²</span> <span class='ocrx_word' id='word_1_274' title='bbox 1125 3466 1238 3536; x_wconf 87' lang='lat' dir='ltr'>irrepsit</span> <span class='ocrx_word' id='word_1_275' title='bbox 1262 3467 1353 3520; x_wconf 86' lang='lat' dir='ltr'>forma</span> 
     </span>
     <span class='ocr_line' id='line_1_31' title="bbox 215 3550 1352 3621; baseline 0.004 -18"><span class='ocrx_word' id='word_1_276' title='bbox 215 3566 320 3618; x_wconf 72' lang='lat' dir='ltr'>roga-a</span> <span class='ocrx_word' id='word_1_277' title='bbox 338 3550 394 3603; x_wconf 87' lang='lat' dir='ltr'>iam</span> <span class='ocrx_word' id='word_1_278' title='bbox 413 3553 536 3605; x_wconf 81' lang='lat' dir='ltr'>correcta</span> <span class='ocrx_word' id='word_1_279' title='bbox 555 3550 584 3603; x_wconf 93' lang='lat' dir='ltr'>in</span> <span class='ocrx_word' id='word_1_280' title='bbox 603 3551 651 3615; x_wconf 85' lang='lat' dir='ltr'>B²,</span> <span class='ocrx_word' id='word_1_281' title='bbox 670 3550 718 3604; x_wconf 90' lang='lat' dir='ltr'>ubi</span> <span class='ocrx_word' id='word_1_282' title='bbox 731 3568 820 3619; x_wconf 87' lang='lat' dir='ltr'>aeque</span> <span class='ocrx_word' id='word_1_283' title='bbox 838 3554 923 3619; x_wconf 86' lang='lat' dir='ltr'>atque</span> <span class='ocrx_word' id='word_1_284' title='bbox 943 3552 973 3604; x_wconf 90' lang='lat' dir='ltr'>in</span> <span class='ocrx_word' id='word_1_285' title='bbox 990 3552 1105 3621; x_wconf 88' lang='lat' dir='ltr'>reliquis</span> <span class='ocrx_word' id='word_1_286' title='bbox 1119 3553 1258 3608; x_wconf 86' lang='lat' dir='ltr'>codicibus</span> <span class='ocrx_word' id='word_1_287' title='bbox 1277 3557 1352 3608; x_wconf 87' lang='lat' dir='ltr'>recte</span> 
     </span>
     <span class='ocr_line' id='line_1_32' title="bbox 215 3636 1353 3709; baseline 0.004 -19"><span class='ocrx_word' id='word_1_288' title='bbox 215 3652 293 3704; x_wconf 78' lang='lat' dir='ltr'>ropac</span> <span class='ocrx_word' id='word_1_289' title='bbox 316 3636 434 3706; x_wconf 80' lang='lat' dir='ltr'>legitur3</span> <span class='ocrx_word' id='word_1_290' title='bbox 461 3655 526 3691; x_wconf 88' lang='lat' dir='ltr'>nam</span> <span class='ocrx_word' id='word_1_291' title='bbox 549 3654 635 3707; x_wconf 70' lang='lat' dir='ltr'>rogan</span> <span class='ocrx_word' id='word_1_292' title='bbox 657 3638 789 3693; x_wconf 86' lang='lat' dir='ltr'>abhorret</span> <span class='ocrx_word' id='word_1_293' title='bbox 813 3638 849 3691; x_wconf 87' lang='lat' dir='ltr'>ab</span> <span class='ocrx_word' id='word_1_294' title='bbox 875 3656 927 3692; x_wconf 87' lang='lat' dir='ltr'>usu</span> <span class='ocrx_word' id='word_1_295' title='bbox 949 3639 1095 3704; x_wconf 87' lang='lat' dir='ltr'>Plautino;</span> <span class='ocrx_word' id='word_1_296' title='bbox 1123 3641 1156 3694; x_wconf 87' lang='lat' dir='ltr'>cf.</span> <span class='ocrx_word' id='word_1_297' title='bbox 1180 3640 1299 3709; x_wconf 77' lang='lat' dir='ltr'>Seyffert</span> <span class='ocrx_word' id='word_1_298' title='bbox 1323 3641 1353 3694; x_wconf 91' lang='lat' dir='ltr'>in</span> 
     </span>
     <span class='ocr_line' id='line_1_33' title="bbox 217 3723 668 3794; baseline 0.004 -18"><span class='ocrx_word' id='word_1_299' title='bbox 217 3723 363 3792; x_wconf 85' lang='lat' dir='ltr'>Philologo</span> <span class='ocrx_word' id='word_1_300' title='bbox 382 3724 474 3777; x_wconf 84' lang='lat' dir='ltr'>XXIX</span> <span class='ocrx_word' id='word_1_301' title='bbox 493 3743 520 3793; x_wconf 90' lang='lat' dir='ltr'>p.</span> <span class='ocrx_word' id='word_1_302' title='bbox 538 3725 590 3778; x_wconf 81' lang='lat'>385</span> <span class='ocrx_word' id='word_1_303' title='bbox 608 3743 668 3794; x_wconf 86' lang='lat' dir='ltr'>sqq.</span> 
     </span>
    </p>

    <p class='ocr_par' dir='ltr' id='par_1_7' title="bbox 216 3810 1355 4316">
     <span class='ocr_line' id='line_1_34' title="bbox 286 3810 1353 3883; baseline 0.005 -20"><span class='ocrx_word' id='word_1_304' title='bbox 286 3810 384 3864; x_wconf 87' lang='lat' dir='ltr'>Pseud.</span> <span class='ocrx_word' id='word_1_305' title='bbox 399 3812 466 3867; x_wconf 80' lang='lat'>1315</span> <span class='ocrx_word' id='word_1_306' title='bbox 479 3810 653 3866; x_wconf 84' lang='lat' dir='ltr'>Studemnnd</span> <span class='ocrx_word' id='word_1_307' title='bbox 671 3813 812 3878; x_wconf 77' lang='lat' dir='ltr'>casarea</span> <span class='ocrx_word' id='word_1_308' title='bbox 830 3812 859 3866; x_wconf 88' lang='lat' dir='ltr'>in</span> <span class='ocrx_word' id='word_1_309' title='bbox 876 3812 970 3867; x_wconf 86' lang='lat' dir='ltr'>codice</span> <span class='ocrx_word' id='word_1_310' title='bbox 984 3812 1166 3868; x_wconf 81' lang='lat' dir='ltr'>Ambrosiano</span> <span class='ocrx_word' id='word_1_311' title='bbox 1179 3814 1280 3883; x_wconf 83' lang='lat' dir='ltr'>legisse</span> <span class='ocrx_word' id='word_1_312' title='bbox 1298 3815 1353 3868; x_wconf 85' lang='lat' dir='ltr'>sibi</span> 
     </span>
     <span class='ocr_line' id='line_1_35' title="bbox 217 3896 1355 3969; baseline 0.004 -19"><span class='ocrx_word' id='word_1_313' title='bbox 217 3896 294 3951; x_wconf 82' lang='lat' dir='ltr'>uisus</span> <span class='ocrx_word' id='word_1_314' title='bbox 313 3901 363 3962; x_wconf 84' lang='lat' dir='ltr'>est,</span> <span class='ocrx_word' id='word_1_315' title='bbox 382 3897 430 3951; x_wconf 92' lang='lat' dir='ltr'>ubi</span> <span class='ocrx_word' id='word_1_316' title='bbox 449 3899 536 3952; x_wconf 88' lang='lat' dir='ltr'>uerba</span> <span class='ocrx_word' id='word_1_317' title='bbox 548 3899 658 3953; x_wconf 89' lang='lat' dir='ltr'>inuenit</span> <span class='ocrx_word' id='word_1_318' title='bbox 675 3900 731 3953; x_wconf 86' lang='lat' dir='ltr'>lere</span> <span class='ocrx_word' id='word_1_319' title='bbox 750 3899 830 3953; x_wconf 87' lang='lat' dir='ltr'>haec:</span> <span class='ocrx_word' id='word_1_320' title='bbox 852 3899 924 3967; x_wconf 73' lang='lat' dir='ltr'>Quid</span> <span class='ocrx_word' id='word_1_321' title='bbox 940 3900 986 3954; x_wconf 79' lang='lat' dir='ltr'>hoc</span> <span class='ocrx_word' id='word_1_322' title='bbox 998 3901 1107 3966; x_wconf 69' lang='lat' dir='ltr'>atcfaca</span> <span class='ocrx_word' id='word_1_323' title='bbox 1115 3901 1273 3969; x_wconf 67' lang='lat' dir='ltr'>quaudolum</span> <span class='ocrx_word' id='word_1_324' title='bbox 1290 3902 1355 3955; x_wconf 71' lang='lat' dir='ltr'>mdtt</span> 
     </span>
     <span class='ocr_line' id='line_1_36' title="bbox 216 3983 1354 4056; baseline 0.005 -19"><span class='ocrx_word' id='word_1_325' title='bbox 216 3983 263 4037; x_wconf 81' lang='lat' dir='ltr'>aba</span> <span class='ocrx_word' id='word_1_326' title='bbox 285 3989 333 4038; x_wconf 80' lang='lat' dir='ltr'>tuo</span> <span class='ocrx_word' id='word_1_327' title='bbox 355 3989 432 4050; x_wconf 84' lang='lat' dir='ltr'>cro§</span> <span class='ocrx_word' id='word_1_328' title='bbox 455 3985 644 4055; x_wconf 65' lang='lat' dir='ltr'>latentissimo</span> <span class='ocrx_word' id='word_1_329' title='bbox 668 3985 742 4039; x_wconf 78' lang='lat' dir='ltr'>cordo</span> <span class='ocrx_word' id='word_1_330' title='bbox 765 3991 843 4053; x_wconf 68' lang='lat' dir='ltr'>atquc</span> <span class='ocrx_word' id='word_1_331' title='bbox 860 3986 964 4049; x_wconf 61' lang='lat' dir='ltr'>animm</span> <span class='ocrx_word' id='word_1_332' title='bbox 986 3986 1016 4040; x_wconf 91' lang='lat' dir='ltr'>iu</span> <span class='ocrx_word' id='word_1_333' title='bbox 1038 3988 1060 4041; x_wconf 93' lang='lat' dir='ltr'>B</span> <span class='ocrx_word' id='word_1_334' title='bbox 1085 3991 1182 4056; x_wconf 79' lang='lat' dir='ltr'>(atque</span> <span class='ocrx_word' id='word_1_335' title='bbox 1204 3988 1273 4042; x_wconf 86' lang='lat' dir='ltr'>item</span> <span class='ocrx_word' id='word_1_336' title='bbox 1296 3988 1354 4043; x_wconf 86' lang='lat' dir='ltr'>fore</span> 
     </span>
     <span class='ocr_line' id='line_1_37' title="bbox 218 4069 1353 4143; baseline 0.004 -20"><span class='ocrx_word' id='word_1_337' title='bbox 218 4069 248 4123; x_wconf 91' lang='lat' dir='ltr'>in</span> <span class='ocrx_word' id='word_1_338' title='bbox 267 4070 325 4138; x_wconf 80' lang='lat' dir='ltr'>OD)</span> <span class='ocrx_word' id='word_1_339' title='bbox 345 4072 414 4126; x_wconf 88' lang='lat' dir='ltr'>haec</span> <span class='ocrx_word' id='word_1_340' title='bbox 430 4075 542 4126; x_wconf 84' lang='lat' dir='ltr'>extant:</span> <span class='ocrx_word' id='word_1_341' title='bbox 568 4072 641 4140; x_wconf 79' lang='lat' dir='ltr'>Quid</span> <span class='ocrx_word' id='word_1_342' title='bbox 663 4072 711 4126; x_wconf 81' lang='lat' dir='ltr'>boo</span> <span class='ocrx_word' id='word_1_343' title='bbox 729 4073 834 4138; x_wconf 65' lang='lat' dir='ltr'>casote</span> <span class='ocrx_word' id='word_1_344' title='bbox 855 4073 1032 4142; x_wconf 79' lang='lat' dir='ltr'>aonpcccdolc</span> <span class='ocrx_word' id='word_1_345' title='bbox 1050 4080 1145 4143; x_wconf 78' lang='lat' dir='ltr'>crpctuo</span> <span class='ocrx_word' id='word_1_346' title='bbox 1163 4091 1215 4130; x_wconf 81' lang='lat' dir='ltr'>ero.</span> <span class='ocrx_word' id='word_1_347' title='bbox 1245 4074 1353 4128; x_wconf 81' lang='lat' dir='ltr'>Luben-</span> 
     </span>
     <span class='ocr_line' id='line_1_38' title="bbox 219 4156 1354 4231; baseline 0.006 -22"><span class='ocrx_word' id='word_1_348' title='bbox 219 4156 318 4211; x_wconf 80' lang='lat' dir='ltr'>tiocimo</span> <span class='ocrx_word' id='word_1_349' title='bbox 329 4158 404 4212; x_wconf 81' lang='lat' dir='ltr'>corda</span> <span class='ocrx_word' id='word_1_350' title='bbox 416 4163 495 4227; x_wconf 75' lang='lat' dir='ltr'>atquc</span> <span class='ocrx_word' id='word_1_351' title='bbox 507 4159 605 4213; x_wconf 79' lang='lat' dir='ltr'>animo.</span> <span class='ocrx_word' id='word_1_352' title='bbox 642 4159 695 4213; x_wconf 87' lang='lat' dir='ltr'>Sed</span> <span class='ocrx_word' id='word_1_353' title='bbox 709 4163 784 4214; x_wconf 83' lang='lat' dir='ltr'>totus</span> <span class='ocrx_word' id='word_1_354' title='bbox 804 4160 879 4214; x_wconf 82' lang='lat' dir='ltr'>locus</span> <span class='ocrx_word' id='word_1_355' title='bbox 898 4161 1054 4230; x_wconf 88' lang='lat' dir='ltr'>corruptior</span> <span class='ocrx_word' id='word_1_356' title='bbox 1072 4166 1124 4224; x_wconf 81' lang='lat' dir='ltr'>est.</span> <span class='ocrx_word' id='word_1_357' title='bbox 1144 4180 1228 4231; x_wconf 86' lang='lat' dir='ltr'>quarn</span> <span class='ocrx_word' id='word_1_358' title='bbox 1246 4161 1280 4215; x_wconf 85' lang='lat' dir='ltr'>do</span> <span class='ocrx_word' id='word_1_359' title='bbox 1299 4180 1354 4231; x_wconf 91' lang='lat' dir='ltr'>quo</span> 
     </span>
     <span class='ocr_line' id='line_1_39' title="bbox 220 4242 1354 4316; baseline 0.004 -19"><span class='ocrx_word' id='word_1_360' title='bbox 220 4242 288 4297; x_wconf 86' lang='lat' dir='ltr'>corti</span> <span class='ocrx_word' id='word_1_361' title='bbox 301 4243 449 4312; x_wconf 87' lang='lat' dir='ltr'>quicquam</span> <span class='ocrx_word' id='word_1_362' title='bbox 465 4245 598 4299; x_wconf 81' lang='lat' dir='ltr'>corist&#39;tni</span> <span class='ocrx_word' id='word_1_363' title='bbox 611 4245 713 4316; x_wconf 80' lang='lat' dir='ltr'>possit3</span> <span class='ocrx_word' id='word_1_364' title='bbox 732 4247 766 4301; x_wconf 83' lang='lat' dir='ltr'>cl.</span> <span class='ocrx_word' id='word_1_365' title='bbox 781 4245 905 4301; x_wconf 84' lang='lat' dir='ltr'>Lorencii</span> <span class='ocrx_word' id='word_1_366' title='bbox 925 4247 989 4302; x_wconf 88' lang='lat' dir='ltr'>adn.</span> <span class='ocrx_word' id='word_1_367' title='bbox 1007 4248 1068 4303; x_wconf 86' lang='lat' dir='ltr'>crit.</span> <span class='ocrx_word' id='word_1_368' title='bbox 1090 4249 1126 4302; x_wconf 88' lang='lat' dir='ltr'>ad</span> <span class='ocrx_word' id='word_1_369' title='bbox 1144 4249 1218 4303; x_wconf 88' lang='lat' dir='ltr'>hunc</span> <span class='ocrx_word' id='word_1_370' title='bbox 1236 4266 1354 4303; x_wconf 87' lang='lat' dir='ltr'>uersum.</span> 
     </span>
    </p>
   </div>
   <div class='ocr_carea' id='block_1_4' title="bbox 0 0 1501 4814">
    <p class='ocr_par' dir='ltr' id='par_1_8' title="bbox 0 0 1501 4814">
     <span class='ocr_line' id='line_1_40' title="bbox 0 0 1501 4814; baseline 0 0"><span class='ocrx_word' id='word_1_371' title='bbox 0 0 1501 4814; x_wconf 95' lang='lat' dir='ltr'> </span> 
     </span>
    </p>
   </div>
  </div>
 </body>
</html>
