2962 4800
686 265 756 349 [ce]
1267 269 1285 332 r

257 455 353 536 Quid,
377 454 459 540 quod
477 456 604 538 egregie
627 455 773 518 convenit
796 456 835 519 ad
852 455 991 520 animum
1013 456 1232 520 turbulentum
1254 463 1287 520 et

153 558 303 643 cupidum
328 557 561 642 Stratippoclis,
586 558 670 643 quod
693 561 850 624 sententia
873 561 964 624 amioi
983 583 1000 625 e
1016 561 1136 643 protasi
1160 562 1287 644 cognita

153 663 329 727 orationem
351 661 553 744 interrumpit
577 682 634 725 nec
656 682 807 745 perorare
823 682 895 725 eum
911 661 1011 728 sinit?
1047 661 1169 728 Eodem
1191 665 1286 728 modo

153 784 183 831 v.
200 767 258 828 128
274 763 399 848 Epidici
416 764 498 827 servi
514 763 738 827 salutationem
760 765 962 849 intercipiens
985 785 1004 828 a
1027 770 1124 850 potita
1148 767 1286 849 fingitur.

256 867 329 930 Alia
356 873 404 930 est
427 887 536 931 versus
560 865 678 929 Bacch.
703 869 765 933 635
788 868 922 950 indoles,
956 869 1063 952 quiin
1087 868 1173 932 libris
1196 869 1288 932 Pala-

152 970 225 1035 tinis
258 969 302 1033 sic
334 969 401 1033 fere
429 969 562 1051 legitur:
597 968 635 1032 Si
665 969 743 1032 mita·
775 976 837 1050 cst,
872 989 935 1034 lton
967 972 1128 1054 polticeor.
1152 990 1182 1036 s:
1204 971 1287 1053 Scio,

152 1074 263 1136 dares:
285 1074 365 1136 aovi.
411 1070 455 1133 At
470 1070 605 1154 probata
622 1070 794 1136 Camerarii
811 1073 1005 1138 correctione
1021 1075 1061 1138 sit
1076 1094 1135 1157 pro
1156 1081 1199 1138 cst
1214 1075 1288 1137 scri-

154 1177 255 1241 bentis
280 1181 313 1240 et
333 1173 512 1258 repudiata,
535 1174 654 1259 quippe
677 1195 759 1258 quae
782 1196 800 1239 e
822 1175 969 1259 proximo
994 1197 1088 1241 versu
1114 1176 1288 1259 irrepserit,

152 1279 328 1364 negationis
351 1276 507 1362 particula
530 1298 594 1341 non
616 1278 697 1340 male
729 1278 773 1340 sie
803 1299 928 1342 versum
961 1278 1140 1343 restituisse
1162 1278 1289 1342 videtur

153 1383 193 1447 A.
211 1380 353 1465 Spengel
375 1380 405 1443 in
421 1379 501 1443 libro
519 1379 572 1463 qui
588 1380 784 1444 inscribitur:
809 1378 851 1442 ‘T.
867 1380 910 1444 M.
927 1381 1062 1445 Plautus
1078 1377 1146 1446 eta’
1161 1404 1192 1467 p.
1211 1383 1286 1446 160:

410 1508 448 1572 Si
469 1508 546 1571 mitt
566 1511 618 1589 sit,
640 1510 800 1593 pollicear.
814 1508 939 1591 ::Scto,
962 1511 1074 1574 dores:
1096 1513 1177 1574 troci.

153 1629 216 1694 Ubi
253 1649 324 1692 cum
359 1627 453 1691 valde
489 1629 609 1691 incerta
646 1629 685 1691 sit
723 1629 814 1692 metri
851 1630 1030 1712 restitutio,
1067 1629 1288 1696 Palatinorum

153 1732 305 1796 memoria
341 1731 428 1794 nisus
466 1731 561 1794 dares
597 1731 732 1795 formam
765 1732 901 1796 retinere
934 1732 1018 1796 malo
1054 1753 1147 1816 quarn
1185 1735 1288 1799 eidem

154 1835 327 1921 Spengelio
352 1834 495 1918 obsequi,
519 1835 572 1918 qui
595 1835 719 1918 nuper¹
743 1855 801 1899 neo
830 1832 955 1900 ‘veteris
987 1833 1112 1900 codicis'
1139 1858 1289 1902 versuum

152 1939 372 2002 distributione
395 1943 521 2001 servata
536 1944 568 2001 et
591 1937 685 2001 daras
700 1939 802 2001 torma
817 1939 849 2001 in
866 1939 919 2002 des
937 1945 1059 2003 mutata
1075 1941 1287 2023 anapaesticis

152 2042 290 2106 numeris
312 2041 398 2105 hune
419 2042 524 2103 locum
548 2039 718 2126 discripsit.

256 2160 452 2225 Pistoclerus
488 2159 585 2242 igitur
623 2161 749 2224 sincera
785 2160 921 2225 amicitia
959 2161 1073 2226 ductus
1111 2169 1288 2248 captusque

154 2263 286 2328 infelicis
310 2263 402 2326 amici
424 2262 617 2327 condicionis
641 2263 871 2343 misericordia,
901 2286 963 2349 quo
989 2265 1129 2329 nondum
1152 2266 1289 2331 abicien-

153 2367 226 2431 dam
249 2388 318 2433 esse
339 2388 428 2451 spem
453 2367 608 2451 pecuniae
632 2367 855 2451 adipiscendae
883 2369 1061 2451 exprimat,
1085 2369 1288 2434 coniunctivo

153 2471 328 2556 praesentis
361 2470 534 2555 eodemque
567 2470 607 2533 ad
640 2470 783 2535 futurum
818 2478 943 2556 tempus
978 2478 1145 2555 spectante
1179 2474 1288 2538 utitur.

153 2575 233 2639 Inde
256 2574 336 2638 alter
352 2593 425 2637 cum
441 2580 473 2638 et
488 2595 683 2658 propensum
699 2575 791 2639 amici
813 2574 845 2638 in
867 2595 901 2638 se
916 2575 1056 2639 studium
1080 2577 1289 2660 persentiscat

154 2686 185 2741 et
221 2678 289 2761 ipse
327 2678 475 2762 desperet
513 2682 652 2741 mutuam
691 2678 859 2763 pecuniam
892 2699 927 2742 se
963 2685 1167 2762 accepturum
1206 2701 1287 2761 esse,

152 2780 335 2865 respondet:
359 2780 442 2862 Scio,
465 2780 559 2845 dares
582 2809 623 2833 =
647 2782 690 2845 du
712 2781 826 2845 hdttcst
849 2801 879 2845 ea
902 2783 965 2845 mir
987 2780 1127 2865 popedon.

256 2882 368 2968 Neque
401 2883 558 2947 absonum
596 2891 645 2947 est
679 2906 788 2948 versus
822 2885 877 2948 As.
914 2887 977 2947 392
1012 2891 1045 2947 et
1078 2885 1196 2950 Pseud.
1227 2888 1289 2950 640

154 3008 346 3073 comparare.
400 2988 511 3052 Altero
547 2989 631 3052 enim
664 2990 736 3053 loco
771 2995 930 3053 mercator
970 2988 1151 3052 brevissime
1186 2994 1289 3072 rogat,

152 3098 188 3154 ut
210 3111 283 3155 curn
306 3090 435 3156 domino
465 3092 602 3177 colloqui
633 3092 692 3156 sibi
723 3091 825 3157 liceat.
874 3091 932 3155 Oui
962 3111 1074 3157 servus
1096 3092 1290 3178 respondet:

152 3193 190 3258 St
219 3197 261 3258 sit
290 3195 390 3275 dorni,
422 3196 528 3259 dicam
557 3194 621 3260 titt.
673 3195 786 3259 Altero
819 3197 890 3259 loco
916 3194 1061 3280 Harpax,
1091 3195 1290 3294 priusquam,

153 3304 188 3360 ut
219 3296 382 3361 dominum
417 3303 530 3362 evocet
564 3318 675 3362 servus
709 3298 899 3379 insidiosus,
934 3304 1042 3381 rogat,
1077 3298 1174 3381 longa
1209 3298 1291 3362 illius

152 3384 362 3466 altercatione
384 3402 581 3486 producitur.
628 3401 754 3466 Deinde
777 3423 885 3466 morae
907 3402 1075 3487 impatiens
1092 3423 1218 3466 servum
1242 3401 1291 3465 his

154 3504 326 3589 compellat
347 3506 467 3569 verbis:

414 3632 517 3697 Verbo
534 3635 633 3697 msttto
653 3634 803 3715 fociraus.
839 3653 911 3696 erus
932 3635 962 3697 si
984 3640 1054 3697 taos
1076 3633 1199 3713 domist,
1215 3635 1290 3715 quin

1016 3756 1185 3820 provocas,

415 3835 455 3903 Ut
477 3840 513 3903 id
534 3860 639 3924 opaca,
662 3840 746 3922 quod
767 3841 882 3904 scissus
904 3839 965 3904 buc
978 3859 1059 3921 sum,
1083 3838 1231 3920 quicquid
1246 3845 1291 3903 cst

970 3962 1080 4005 nome-n
1105 3940 1161 4004 titi
1171 3940 1187 4005 ,2

256 4205 264 4238 ¹
295 4203 427 4269 Spengel,
445 4201 723 4270 Reiormvoraolrlttgo
737 4219 784 4254 zur
802 4201 901 4254 Matrilr
921 4203 971 4255 der
985 4201 1124 4269 lyrisclren
1139 4201 1289 4254 Versarten

150 4288 192 4340 bei
203 4289 319 4346 Plautus
333 4288 390 4341 und
403 4287 456 4340 den
468 4289 584 4356 dbrigan
594 4289 774 4345 lateinisches
786 4288 949 4345 Scenikern.
968 4290 1091 4345 Berolini
1105 4287 1178 4355 1882,
1194 4305 1219 4355 p.
1230 4287 1289 4346 341.
