<?xml version="1.0" encoding="UTF-8"?>
<!DOCTYPE html PUBLIC "-//W3C//DTD XHTML 1.0 Transitional//EN"
    "http://www.w3.org/TR/xhtml1/DTD/xhtml1-transitional.dtd">
<html xmlns="http://www.w3.org/1999/xhtml" xml:lang="en" lang="en">
 <head>
  <title>
</title>
<meta http-equiv="Content-Type" content="text/html;charset=utf-8" />
  <meta name='ocr-system' content='tesseract 3.04.00' />
  <meta name='ocr-capabilities' content='ocr_page ocr_carea ocr_par ocr_line ocrx_word'/>
</head>
<body>
  <div class='ocr_page' id='page_1' title='image "./dissertationesp00stragoog/dissertationesp00stragoog_0327.png"; bbox 0 0 2954 4816; ppageno 0'>
   <div class='ocr_carea' id='block_1_1' title="bbox 677 273 884 333">
    <p class='ocr_par' dir='ltr' id='par_1_1' title="bbox 677 273 884 333">
     <span class='ocr_line' id='line_1_1' title="bbox 677 273 884 333; baseline -0.005 -16"><span class='ocrx_word' id='word_1_1' title='bbox 677 273 884 333; x_wconf 62' lang='lat'>„12-</span> 
     </span>
    </p>
   </div>
   <div class='ocr_carea' id='block_1_2' title="bbox 211 425 1437 3972">
    <p class='ocr_par' dir='ltr' id='par_1_2' title="bbox 211 425 1356 1255">
     <span class='ocr_line' id='line_1_2' title="bbox 212 425 1355 546; baseline 0.001 -21"><span class='ocrx_word' id='word_1_2' title='bbox 212 464 344 540; x_wconf 83' lang='lat'>262,13‚</span> <span class='ocrx_word' id='word_1_3' title='bbox 368 461 422 525; x_wconf 93' lang='lat' dir='ltr'>ubi</span> <span class='ocrx_word' id='word_1_4' title='bbox 446 482 529 545; x_wconf 88' lang='lat' dir='ltr'>quaa</span> <span class='ocrx_word' id='word_1_5' title='bbox 553 425 717 546; x_wconf 77' lang='lat' dir='ltr'>tamquam</span> <span class='ocrx_word' id='word_1_6' title='bbox 741 459 936 525; x_wconf 81' lang='lat' dir='ltr'>Terentiana</span> <span class='ocrx_word' id='word_1_7' title='bbox 960 462 1108 543; x_wconf 81' lang='lat' dir='ltr'><strong>citantur,</strong></span> <span class='ocrx_word' id='word_1_8' title='bbox 1131 461 1218 546; x_wconf 86' lang='lat' dir='ltr'>apud</span> <span class='ocrx_word' id='word_1_9' title='bbox 1235 461 1355 528; x_wconf 85' lang='lat' dir='ltr'>Teren·</span> 
     </span>
     <span class='ocr_line' id='line_1_3' title="bbox 214 564 1355 650; baseline 0.001 -21"><span class='ocrx_word' id='word_1_10' title='bbox 214 566 291 629; x_wconf 90' lang='lat' dir='ltr'>tium</span> <span class='ocrx_word' id='word_1_11' title='bbox 308 588 369 631; x_wconf 90' lang='lat' dir='ltr'>non</span> <span class='ocrx_word' id='word_1_12' title='bbox 387 570 523 631; x_wconf 86' lang='lat' dir='ltr'>exstant.</span> <span class='ocrx_word' id='word_1_13' title='bbox 547 564 655 650; x_wconf 85' lang='lat' dir='ltr'><strong>Atque</strong></span> <span class='ocrx_word' id='word_1_14' title='bbox 672 586 743 627; x_wconf 91' lang='lat' dir='ltr'>cum</span> <span class='ocrx_word' id='word_1_15' title='bbox 760 564 904 649; x_wconf 87' lang='lat' dir='ltr'>plerique</span> <span class='ocrx_word' id='word_1_16' title='bbox 923 564 1069 629; x_wconf 87' lang='lat' dir='ltr'>codices¹</span> <span class='ocrx_word' id='word_1_17' title='bbox 1086 567 1166 630; x_wconf 83' lang='lat' dir='ltr'>idem</span> <span class='ocrx_word' id='word_1_18' title='bbox 1180 565 1355 649; x_wconf 76' lang='lat' dir='ltr'><strong><em>Terentius,</em></strong></span> 
     </span>
     <span class='ocr_line' id='line_1_4' title="bbox 214 668 1353 752; baseline 0.001 -19"><span class='ocrx_word' id='word_1_19' title='bbox 214 670 379 735; x_wconf 88' lang='lat' dir='ltr'>Leidensis</span> <span class='ocrx_word' id='word_1_20' title='bbox 410 675 442 734; x_wconf 91' lang='lat' dir='ltr'>et</span> <span class='ocrx_word' id='word_1_21' title='bbox 466 669 665 735; x_wconf 85' lang='lat' dir='ltr'>Geneuenais</span> <span class='ocrx_word' id='word_1_22' title='bbox 684 669 766 732; x_wconf 83' lang='lat' dir='ltr'>idem</span> <span class='ocrx_word' id='word_1_23' title='bbox 792 668 1003 751; x_wconf 74' lang='lat' dir='ltr'>dictarentioa,</span> <span class='ocrx_word' id='word_1_24' title='bbox 1027 672 1076 734; x_wconf 89' lang='lat' dir='ltr'><em>H</em></span> <span class='ocrx_word' id='word_1_25' title='bbox 1084 672 1092 711; x_wconf 85' lang='lat'>¹</span> <span class='ocrx_word' id='word_1_26' title='bbox 1116 673 1275 752; x_wconf 80' lang='lat' dir='ltr'>terentius,</span> <span class='ocrx_word' id='word_1_27' title='bbox 1298 670 1353 735; x_wconf 90' lang='lat' dir='ltr'>sed</span> 
     </span>
     <span class='ocr_line' id='line_1_5' title="bbox 212 771 1356 859; baseline 0.002 -22"><span class='ocrx_word' id='word_1_28' title='bbox 212 774 243 837; x_wconf 95' lang='lat' dir='ltr'>in</span> <span class='ocrx_word' id='word_1_29' title='bbox 276 775 418 859; x_wconf 80' lang='lat' dir='ltr'>margine</span> <span class='ocrx_word' id='word_1_30' title='bbox 452 776 488 840; x_wconf 75' lang='lat' dir='ltr'><strong><em>G</em></strong></span> <span class='ocrx_word' id='word_1_31' title='bbox 519 772 808 857; x_wconf 63' lang='grc'><strong>1818888888,</strong></span> <span class='ocrx_word' id='word_1_32' title='bbox 838 774 888 836; x_wconf 89' lang='lat' dir='ltr'><em>H</em></span> <span class='ocrx_word' id='word_1_33' title='bbox 907 771 1051 837; x_wconf 74' lang='lat' dir='ltr'>lietera</span> <span class='ocrx_word' id='word_1_34' title='bbox 1078 774 1231 859; x_wconf 80' lang='lat' dir='ltr'><em>quidnam</em></span> <span class='ocrx_word' id='word_1_35' title='bbox 1264 795 1356 859; x_wconf 88' lang='lat' dir='ltr'>prae-</span> 
     </span>
     <span class='ocr_line' id='line_1_6' title="bbox 212 874 1355 964; baseline 0.003 -25"><span class='ocrx_word' id='word_1_36' title='bbox 212 876 310 942; x_wconf 89' lang='lat' dir='ltr'>beant</span> <span class='ocrx_word' id='word_1_37' title='bbox 332 886 365 941; x_wconf 91' lang='lat' dir='ltr'>et</span> <span class='ocrx_word' id='word_1_38' title='bbox 388 876 572 964; x_wconf 82' lang='lat' dir='ltr'>exemplum</span> <span class='ocrx_word' id='word_1_39' title='bbox 595 896 634 940; x_wconf 86' lang='lat' dir='ltr'>ex</span> <span class='ocrx_word' id='word_1_40' title='bbox 666 875 801 959; x_wconf 83' lang='lat' dir='ltr'>Turpilii</span> <span class='ocrx_word' id='word_1_41' title='bbox 831 874 994 940; x_wconf 85' lang='lat' dir='ltr'>Leucadia</span> <span class='ocrx_word' id='word_1_42' title='bbox 1016 884 1178 963; x_wconf 90' lang='lat' dir='ltr'>sumptum</span> <span class='ocrx_word' id='word_1_43' title='bbox 1209 878 1355 961; x_wconf 85' lang='lat' dir='ltr'>proxime</span> 
     </span>
     <span class='ocr_line' id='line_1_7' title="bbox 211 979 1355 1064; baseline 0.002 -22"><span class='ocrx_word' id='word_1_44' title='bbox 211 979 402 1064; x_wconf 83' lang='lat' dir='ltr'>praecedat,</span> <span class='ocrx_word' id='word_1_45' title='bbox 435 980 567 1045; x_wconf 90' lang='lat' dir='ltr'>dubium</span> <span class='ocrx_word' id='word_1_46' title='bbox 598 1001 662 1044; x_wconf 89' lang='lat' dir='ltr'>non</span> <span class='ocrx_word' id='word_1_47' title='bbox 692 986 743 1043; x_wconf 92' lang='lat' dir='ltr'>est</span> <span class='ocrx_word' id='word_1_48' title='bbox 766 981 841 1064; x_wconf 88' lang='lat' dir='ltr'>quin</span> <span class='ocrx_word' id='word_1_49' title='bbox 874 985 1003 1043; x_wconf 88' lang='lat' dir='ltr'>auctora</span> <span class='ocrx_word' id='word_1_50' title='bbox 1032 980 1150 1044; x_wconf 93' lang='lat' dir='ltr'>Rothio</span> <span class='ocrx_word' id='word_1_51' title='bbox 1183 1002 1253 1045; x_wconf 91' lang='lat' dir='ltr'>cnm</span> <span class='ocrx_word' id='word_1_52' title='bbox 1277 981 1355 1045; x_wconf 88' lang='lat' dir='ltr'>Rib-</span> 
     </span>
     <span class='ocr_line' id='line_1_8' title="bbox 215 1081 1354 1170; baseline 0.001 -22"><span class='ocrx_word' id='word_1_53' title='bbox 215 1084 353 1149; x_wconf 81' lang='lat' dir='ltr'>beckio²</span> <span class='ocrx_word' id='word_1_54' title='bbox 375 1090 407 1150; x_wconf 90' lang='lat' dir='ltr'>et</span> <span class='ocrx_word' id='word_1_55' title='bbox 423 1084 617 1159; x_wconf 85' lang='lat' dir='ltr'>Quicherato</span> <span class='ocrx_word' id='word_1_56' title='bbox 641 1082 843 1149; x_wconf 90' lang='lat' dir='ltr'>scribendum</span> <span class='ocrx_word' id='word_1_57' title='bbox 865 1083 921 1147; x_wconf 90' lang='lat' dir='ltr'>sit:</span> <span class='ocrx_word' id='word_1_58' title='bbox 945 1081 1057 1147; x_wconf 83' lang='lat' dir='ltr'>Idem</span> <span class='ocrx_word' id='word_1_59' title='bbox 1078 1081 1160 1166; x_wconf 89' lang='lat' dir='ltr'>(scil.</span> <span class='ocrx_word' id='word_1_60' title='bbox 1176 1085 1354 1170; x_wconf 82' lang='lat' dir='ltr'>Turpilius)</span> 
     </span>
     <span class='ocr_line' id='line_1_9' title="bbox 213 1187 411 1255; baseline 0.01 -3"><span class='ocrx_word' id='word_1_61' title='bbox 213 1187 252 1252; x_wconf 91' lang='lat' dir='ltr'><em>H</em></span> <span class='ocrx_word' id='word_1_62' title='bbox 257 1196 411 1255; x_wconf 83' lang='lat' dir='ltr'>ctacra.</span> 
     </span>
    </p>

    <p class='ocr_par' dir='ltr' id='par_1_3' title="bbox 212 1288 1437 3972">
     <span class='ocr_line' id='line_1_10' title="bbox 315 1288 1350 1375; baseline 0.002 -23"><span class='ocrx_word' id='word_1_63' title='bbox 315 1288 437 1355; x_wconf 79' lang='lat' dir='ltr'>Eodem</span> <span class='ocrx_word' id='word_1_64' title='bbox 462 1290 598 1365; x_wconf 86' lang='lat' dir='ltr'>redeunt</span> <span class='ocrx_word' id='word_1_65' title='bbox 621 1292 682 1355; x_wconf 92' lang='lat' dir='ltr'>loci</span> <span class='ocrx_word' id='word_1_66' title='bbox 706 1290 846 1375; x_wconf 88' lang='lat' dir='ltr'>quidam,</span> <span class='ocrx_word' id='word_1_67' title='bbox 874 1290 903 1353; x_wconf 92' lang='grc'>18</span> <span class='ocrx_word' id='word_1_68' title='bbox 930 1290 1044 1375; x_wconf 90' lang='lat' dir='ltr'>quibus</span> <span class='ocrx_word' id='word_1_69' title='bbox 1067 1290 1242 1355; x_wconf 90' lang='lat' dir='ltr'>scribendis</span> <span class='ocrx_word' id='word_1_70' title='bbox 1267 1292 1350 1357; x_wconf 92' lang='lat' dir='ltr'>oculi</span> 
     </span>
     <span class='ocr_line' id='line_1_11' title="bbox 212 1392 1355 1478; baseline 0.004 -24"><span class='ocrx_word' id='word_1_71' title='bbox 212 1392 330 1458; x_wconf 90' lang='lat' dir='ltr'>librarii</span> <span class='ocrx_word' id='word_1_72' title='bbox 353 1393 554 1459; x_wconf 86' lang='lat' dir='ltr'>aberrauisse</span> <span class='ocrx_word' id='word_1_73' title='bbox 579 1394 727 1458; x_wconf 91' lang='lat' dir='ltr'>uidentur</span> <span class='ocrx_word' id='word_1_74' title='bbox 756 1393 796 1456; x_wconf 89' lang='lat' dir='ltr'>ad</span> <span class='ocrx_word' id='word_1_75' title='bbox 820 1394 1046 1478; x_wconf 81' lang='lat' dir='ltr'>posteriorem:</span> <span class='ocrx_word' id='word_1_76' title='bbox 1069 1394 1159 1458; x_wconf 92' lang='lat' dir='ltr'>uelut</span> <span class='ocrx_word' id='word_1_77' title='bbox 1186 1396 1287 1475; x_wconf 83' lang='grc'><strong>165,8</strong></span> <span class='ocrx_word' id='word_1_78' title='bbox 1309 1395 1355 1459; x_wconf 84' lang='lat' dir='ltr'>le·</span> 
     </span>
     <span class='ocr_line' id='line_1_12' title="bbox 212 1496 1353 1581; baseline 0.003 -22"><span class='ocrx_word' id='word_1_79' title='bbox 212 1497 331 1580; x_wconf 86' lang='lat' dir='ltr'>gimus:</span> <span class='ocrx_word' id='word_1_80' title='bbox 354 1497 521 1581; x_wconf 82' lang='lat' dir='ltr'>Riscaa]</span> <span class='ocrx_word' id='word_1_81' title='bbox 546 1496 617 1562; x_wconf 85' lang='lat' dir='ltr'>Ter.</span> <span class='ocrx_word' id='word_1_82' title='bbox 643 1497 795 1561; x_wconf 78' lang='lat' dir='ltr'><em>Eunucho</em></span> <span class='ocrx_word' id='word_1_83' title='bbox 820 1497 884 1578; x_wconf 84' lang='lat' dir='ltr'>(IV</span> <span class='ocrx_word' id='word_1_84' title='bbox 908 1498 1001 1579; x_wconf 81' lang='grc'>6,]6)</span> <span class='ocrx_word' id='word_1_85' title='bbox 1046 1498 1089 1561; x_wconf 80' lang='lat' dir='ltr'>In</span> <span class='ocrx_word' id='word_1_86' title='bbox 1128 1499 1212 1562; x_wconf 81' lang='lat' dir='ltr'>risco</span> <span class='ocrx_word' id='word_1_87' title='bbox 1244 1498 1353 1562; x_wconf 77' lang='lat' dir='ltr'>odiosa</span> 
     </span>
     <span class='ocr_line' id='line_1_13' title="bbox 213 1600 1354 1687; baseline 0 -23"><span class='ocrx_word' id='word_1_88' title='bbox 213 1621 316 1665; x_wconf 84' lang='lat' dir='ltr'>caseos</span> <span class='ocrx_word' id='word_1_89' title='bbox 340 1600 351 1683; x_wconf 77' lang='grc'>11</span> <span class='ocrx_word' id='word_1_90' title='bbox 375 1605 595 1687; x_wconf 84' lang='lat' dir='ltr'>reciproco</span> <span class='ocrx_word' id='word_1_91' title='bbox 620 1605 794 1666; x_wconf 72' lang='lat' dir='ltr'>astianum</span> <span class='ocrx_word' id='word_1_92' title='bbox 817 1604 858 1666; x_wconf 84' lang='lat' dir='ltr'>io</span> <span class='ocrx_word' id='word_1_93' title='bbox 880 1623 998 1687; x_wconf 82' lang='lat' dir='ltr'>quom</span> <span class='ocrx_word' id='word_1_94' title='bbox 1022 1603 1172 1666; x_wconf 81' lang='lat' dir='ltr'>odiose.</span> <span class='ocrx_word' id='word_1_95' title='bbox 1210 1601 1354 1666; x_wconf 86' lang='lat' dir='ltr'>Terenti·</span> 
     </span>
     <span class='ocr_line' id='line_1_14' title="bbox 215 1707 1356 1790; baseline 0.004 -24"><span class='ocrx_word' id='word_1_96' title='bbox 215 1724 309 1767; x_wconf 90' lang='lat' dir='ltr'>anum</span> <span class='ocrx_word' id='word_1_97' title='bbox 328 1707 543 1771; x_wconf 88' lang='lat' dir='ltr'>testimonium</span> <span class='ocrx_word' id='word_1_98' title='bbox 559 1707 590 1770; x_wconf 93' lang='lat' dir='ltr'>in</span> <span class='ocrx_word' id='word_1_99' title='bbox 607 1707 743 1771; x_wconf 89' lang='lat' dir='ltr'>uerbum</span> <span class='ocrx_word' id='word_1_100' title='bbox 758 1724 860 1769; x_wconf 80' lang='lat' dir='ltr'>cessas</span> <span class='ocrx_word' id='word_1_101' title='bbox 877 1707 952 1770; x_wconf 84' lang='lat' dir='ltr'>exit.</span> <span class='ocrx_word' id='word_1_102' title='bbox 966 1707 1050 1769; x_wconf 85' lang='lat' dir='ltr'>Ante</span> <span class='ocrx_word' id='word_1_103' title='bbox 1070 1707 1234 1790; x_wconf 79' lang='lat' dir='ltr'>reciproca</span> <span class='ocrx_word' id='word_1_104' title='bbox 1249 1713 1356 1771; x_wconf 88' lang='lat' dir='ltr'>autern</span> 
     </span>
     <span class='ocr_line' id='line_1_15' title="bbox 213 1795 1387 1895; baseline 0.003 -26"><span class='ocrx_word' id='word_1_105' title='bbox 213 1808 411 1875; x_wconf 78' lang='lat' dir='ltr'>intercidisse</span> <span class='ocrx_word' id='word_1_106' title='bbox 446 1811 561 1875; x_wconf 88' lang='lat' dir='ltr'>lemma</span> <span class='ocrx_word' id='word_1_107' title='bbox 593 1809 802 1894; x_wconf 83' lang='lat' dir='ltr'>reciprocare]</span> <span class='ocrx_word' id='word_1_108' title='bbox 827 1831 891 1872; x_wconf 91' lang='lat' dir='ltr'>una</span> <span class='ocrx_word' id='word_1_109' title='bbox 927 1831 998 1874; x_wconf 90' lang='lat' dir='ltr'>cnm</span> <span class='ocrx_word' id='word_1_110' title='bbox 1020 1795 1192 1895; x_wconf 52' lang='lat' dir='ltr'>⁴scriptoris</span> <span class='ocrx_word' id='word_1_111' title='bbox 1229 1810 1355 1874; x_wconf 89' lang='lat' dir='ltr'>nominc</span> <span class='ocrx_word' id='word_1_112' title='bbox 1384 1808 1387 1815; x_wconf 77' lang='grc'><strong>’</strong></span> 
     </span>
     <span class='ocr_line' id='line_1_16' title="bbox 217 1911 1358 1997; baseline 0.004 -23"><span class='ocrx_word' id='word_1_113' title='bbox 217 1911 278 1975; x_wconf 91' lang='lat' dir='ltr'>iam</span> <span class='ocrx_word' id='word_1_114' title='bbox 303 1912 488 1978; x_wconf 81' lang='lat' dir='ltr'>Hadrianus</span> <span class='ocrx_word' id='word_1_115' title='bbox 504 1916 615 1980; x_wconf 89' lang='lat' dir='ltr'>lunius</span> <span class='ocrx_word' id='word_1_116' title='bbox 638 1913 871 1978; x_wconf 90' lang='lat' dir='ltr'>animaduertit.</span> <span class='ocrx_word' id='word_1_117' title='bbox 900 1911 1009 1977; x_wconf 88' lang='lat' dir='ltr'>Verba</span> <span class='ocrx_word' id='word_1_118' title='bbox 1033 1917 1200 1997; x_wconf 74' lang='lat' dir='ltr'>rtctprdca</span> <span class='ocrx_word' id='word_1_119' title='bbox 1217 1915 1358 1978; x_wconf 82' lang='lat' dir='ltr'>animum</span> 
     </span>
     <span class='ocr_line' id='line_1_17' title="bbox 216 2018 1355 2103; baseline 0.004 -25"><span class='ocrx_word' id='word_1_120' title='bbox 216 2018 250 2079; x_wconf 81' lang='lat' dir='ltr'>in</span> <span class='ocrx_word' id='word_1_121' title='bbox 272 2038 368 2102; x_wconf 83' lang='lat' dir='ltr'>quom</span> <span class='ocrx_word' id='word_1_122' title='bbox 391 2019 517 2084; x_wconf 75' lang='lat' dir='ltr'>odioac³</span> <span class='ocrx_word' id='word_1_123' title='bbox 541 2020 591 2084; x_wconf 92' lang='lat' dir='ltr'>cui</span> <span class='ocrx_word' id='word_1_124' title='bbox 606 2020 751 2103; x_wconf 81' lang='lat' dir='ltr'>scriptori</span> <span class='ocrx_word' id='word_1_125' title='bbox 775 2019 838 2082; x_wconf 93' lang='lat' dir='ltr'>sint</span> <span class='ocrx_word' id='word_1_126' title='bbox 861 2018 1063 2096; x_wconf 90' lang='lat' dir='ltr'>uindicanda,</span> <span class='ocrx_word' id='word_1_127' title='bbox 1087 2025 1174 2081; x_wconf 90' lang='lat' dir='ltr'>certo</span> <span class='ocrx_word' id='word_1_128' title='bbox 1200 2020 1266 2082; x_wconf 87' lang='lat' dir='ltr'>erui</span> <span class='ocrx_word' id='word_1_129' title='bbox 1291 2040 1355 2082; x_wconf 90' lang='grc'>808</span> 
     </span>
     <span class='ocr_line' id='line_1_18' title="bbox 218 2121 1437 2207; baseline -0.001 -23"><span class='ocrx_word' id='word_1_130' title='bbox 218 2130 338 2203; x_wconf 85' lang='lat' dir='ltr'>potest.</span> <span class='ocrx_word' id='word_1_131' title='bbox 384 2121 523 2187; x_wconf 90' lang='lat' dir='ltr'>Rothius</span> <span class='ocrx_word' id='word_1_132' title='bbox 546 2123 643 2202; x_wconf 91' lang='lat' dir='ltr'>solus,</span> <span class='ocrx_word' id='word_1_133' title='bbox 670 2121 756 2207; x_wconf 95' lang='lat' dir='ltr'>quod</span> <span class='ocrx_word' id='word_1_134' title='bbox 786 2123 893 2197; x_wconf 81' lang='lat' dir='ltr'>sciam,</span> <span class='ocrx_word' id='word_1_135' title='bbox 922 2123 953 2185; x_wconf 91' lang='lat' dir='ltr'>in</span> <span class='ocrx_word' id='word_1_136' title='bbox 978 2121 1050 2186; x_wconf 89' lang='lat' dir='ltr'>add.</span> <span class='ocrx_word' id='word_1_137' title='bbox 1084 2129 1116 2184; x_wconf 88' lang='lat' dir='ltr'>ot</span> <span class='ocrx_word' id='word_1_138' title='bbox 1150 2142 1231 2186; x_wconf 89' lang='lat' dir='ltr'>corr.</span> <span class='ocrx_word' id='word_1_139' title='bbox 1255 2121 1295 2185; x_wconf 91' lang='lat' dir='ltr'>ad</span> <span class='ocrx_word' id='word_1_140' title='bbox 1325 2144 1357 2205; x_wconf 92' lang='lat' dir='ltr'>p.</span> <span class='ocrx_word' id='word_1_141' title='bbox 1435 2179 1437 2183; x_wconf 84' lang='lat'>.</span> 
     </span>
     <span class='ocr_line' id='line_1_19' title="bbox 219 2223 1357 2305; baseline 0.002 -18"><span class='ocrx_word' id='word_1_142' title='bbox 219 2227 334 2305; x_wconf 82' lang='lat'>112‚19</span> <span class='ocrx_word' id='word_1_143' title='bbox 362 2225 417 2288; x_wconf 98' lang='grc'><strong>1118</strong></span> <span class='ocrx_word' id='word_1_144' title='bbox 448 2227 548 2290; x_wconf 88' lang='lat' dir='ltr'>uerba</span> <span class='ocrx_word' id='word_1_145' title='bbox 575 2226 742 2291; x_wconf 76' lang='lat' dir='ltr'>Luciliano</span> <span class='ocrx_word' id='word_1_146' title='bbox 772 2226 875 2290; x_wconf 89' lang='lat' dir='ltr'>uideri</span> <span class='ocrx_word' id='word_1_147' title='bbox 906 2226 1041 2290; x_wconf 88' lang='lat' dir='ltr'>coniecit</span> <span class='ocrx_word' id='word_1_148' title='bbox 1078 2225 1204 2290; x_wconf 90' lang='lat' dir='ltr'>collatis</span> <span class='ocrx_word' id='word_1_149' title='bbox 1231 2223 1357 2290; x_wconf 91' lang='lat' dir='ltr'>duobus</span> 
     </span>
     <span class='ocr_line' id='line_1_20' title="bbox 214 2328 1356 2415; baseline 0.002 -24"><span class='ocrx_word' id='word_1_150' title='bbox 214 2328 370 2408; x_wconf 91' lang='lat' dir='ltr'>uersibus,</span> <span class='ocrx_word' id='word_1_151' title='bbox 400 2331 454 2413; x_wconf 92' lang='lat' dir='ltr'>qui</span> <span class='ocrx_word' id='word_1_152' title='bbox 494 2331 580 2415; x_wconf 91' lang='lat' dir='ltr'>apud</span> <span class='ocrx_word' id='word_1_153' title='bbox 612 2330 754 2394; x_wconf 89' lang='lat' dir='ltr'>Nouium</span> <span class='ocrx_word' id='word_1_154' title='bbox 792 2332 861 2398; x_wconf 79' lang='grc'><strong>164,</strong></span> <span class='ocrx_word' id='word_1_155' title='bbox 873 2332 912 2393; x_wconf 83' lang='grc'>32</span> <span class='ocrx_word' id='word_1_156' title='bbox 946 2336 978 2395; x_wconf 89' lang='lat' dir='ltr'>at</span> <span class='ocrx_word' id='word_1_157' title='bbox 1012 2331 1085 2407; x_wconf 81' lang='grc'>279,</span> <span class='ocrx_word' id='word_1_158' title='bbox 1097 2331 1139 2393; x_wconf 86' lang='grc'>20</span> <span class='ocrx_word' id='word_1_159' title='bbox 1177 2330 1296 2394; x_wconf 86' lang='lat' dir='ltr'>seruati</span> <span class='ocrx_word' id='word_1_160' title='bbox 1324 2331 1356 2393; x_wconf 90' lang='lat' dir='ltr'>in</span> 
     </span>
     <span class='ocr_line' id='line_1_21' title="bbox 213 2432 1352 2514; baseline -0.001 -18"><span class='ocrx_word' id='word_1_161' title='bbox 213 2432 326 2496; x_wconf 86' lang='lat' dir='ltr'>Lucilii</span> <span class='ocrx_word' id='word_1_162' title='bbox 338 2433 531 2499; x_wconf 90' lang='lat' dir='ltr'>editionibus</span> <span class='ocrx_word' id='word_1_163' title='bbox 544 2433 611 2512; x_wconf 83' lang='lat' dir='ltr'>(cd.</span> <span class='ocrx_word' id='word_1_164' title='bbox 622 2434 700 2498; x_wconf 92' lang='lat' dir='ltr'>Luc.</span> <span class='ocrx_word' id='word_1_165' title='bbox 715 2433 848 2498; x_wconf 84' lang='lat' dir='ltr'>Mueller</span> <span class='ocrx_word' id='word_1_166' title='bbox 862 2433 921 2497; x_wconf 88' lang='grc' dir='ltr'>ΙΙΙ.</span> <span class='ocrx_word' id='word_1_167' title='bbox 936 2435 976 2497; x_wconf 83' lang='grc'>52</span> <span class='ocrx_word' id='word_1_168' title='bbox 988 2439 1018 2497; x_wconf 93' lang='grc'>81</span> <span class='ocrx_word' id='word_1_169' title='bbox 1028 2435 1088 2514; x_wconf 81' lang='grc'>66;</span> <span class='ocrx_word' id='word_1_170' title='bbox 1105 2433 1155 2497; x_wconf 89' lang='lat' dir='ltr'>ed.</span> <span class='ocrx_word' id='word_1_171' title='bbox 1167 2432 1352 2497; x_wconf 85' lang='lat' dir='ltr'>Lachmann</span> 
     </span>
     <span class='ocr_line' id='line_1_22' title="bbox 217 2534 1355 2622; baseline 0.003 -23"><span class='ocrx_word' id='word_1_172' title='bbox 217 2540 277 2601; x_wconf 85' lang='lat'>100</span> <span class='ocrx_word' id='word_1_173' title='bbox 301 2534 432 2619; x_wconf 81' lang='lat' dir='ltr'>at102)</span> <span class='ocrx_word' id='word_1_174' title='bbox 456 2538 622 2622; x_wconf 87' lang='lat' dir='ltr'>leguntur:</span> <span class='ocrx_word' id='word_1_175' title='bbox 646 2537 880 2602; x_wconf 70' lang='lat' dir='ltr'>caparasima</span> <span class='ocrx_word' id='word_1_176' title='bbox 904 2536 1014 2600; x_wconf 84' lang='lat' dir='ltr'>acidos</span> <span class='ocrx_word' id='word_1_177' title='bbox 1037 2556 1074 2600; x_wconf 77' lang='lat' dir='ltr'>aa</span> <span class='ocrx_word' id='word_1_178' title='bbox 1095 2542 1220 2619; x_wconf 83' lang='lat' dir='ltr'>pectore</span> <span class='ocrx_word' id='word_1_179' title='bbox 1244 2543 1355 2602; x_wconf 82' lang='lat' dir='ltr'>ructas</span> 
     </span>
     <span class='ocr_line' id='line_1_23' title="bbox 216 2638 1353 2723; baseline 0.001 -21"><span class='ocrx_word' id='word_1_180' title='bbox 216 2643 247 2702; x_wconf 90' lang='lat' dir='ltr'>et</span> <span class='ocrx_word' id='word_1_181' title='bbox 270 2641 421 2723; x_wconf 77' lang='lat' dir='ltr'>expirans</span> <span class='ocrx_word' id='word_1_182' title='bbox 443 2642 585 2703; x_wconf 78' lang='lat' dir='ltr'>animam</span> <span class='ocrx_word' id='word_1_183' title='bbox 606 2639 806 2723; x_wconf 80' lang='lat' dir='ltr'>pulmonibus</span> <span class='ocrx_word' id='word_1_184' title='bbox 825 2659 918 2723; x_wconf 83' lang='lat' dir='ltr'>ceper</span> <span class='ocrx_word' id='word_1_185' title='bbox 941 2638 1061 2723; x_wconf 79' lang='lat' dir='ltr'>cqebot.</span> <span class='ocrx_word' id='word_1_186' title='bbox 1107 2641 1259 2703; x_wconf 85' lang='lat' dir='ltr'>Attamen</span> <span class='ocrx_word' id='word_1_187' title='bbox 1282 2661 1353 2703; x_wconf 91' lang='lat' dir='ltr'>cum</span> 
     </span>
     <span class='ocr_line' id='line_1_24' title="bbox 216 2732 1355 2830; baseline 0.002 -25"><span class='ocrx_word' id='word_1_188' title='bbox 216 2744 315 2808; x_wconf 90' lang='lat' dir='ltr'>uerba</span> <span class='ocrx_word' id='word_1_189' title='bbox 338 2742 456 2808; x_wconf 84' lang='lat' dir='ltr'>tradita</span> <span class='ocrx_word' id='word_1_190' title='bbox 480 2732 550 2808; x_wconf 73' lang='lat' dir='ltr'>cuin</span> <span class='ocrx_word' id='word_1_191' title='bbox 583 2744 741 2830; x_wconf 87' lang='lat' dir='ltr'>dactylico</span> <span class='ocrx_word' id='word_1_192' title='bbox 771 2763 904 2808; x_wconf 89' lang='lat' dir='ltr'>numero</span> <span class='ocrx_word' id='word_1_193' title='bbox 928 2744 1016 2807; x_wconf 93' lang='lat' dir='ltr'>nullo</span> <span class='ocrx_word' id='word_1_194' title='bbox 1048 2742 1144 2806; x_wconf 90' lang='lat' dir='ltr'>modo</span> <span class='ocrx_word' id='word_1_195' title='bbox 1180 2744 1355 2809; x_wconf 92' lang='lat' dir='ltr'>consociari</span> 
     </span>
     <span class='ocr_line' id='line_1_25' title="bbox 215 2847 1357 2932; baseline 0.001 -22"><span class='ocrx_word' id='word_1_196' title='bbox 215 2847 342 2932; x_wconf 90' lang='lat' dir='ltr'>possint</span> <span class='ocrx_word' id='word_1_197' title='bbox 364 2854 396 2911; x_wconf 95' lang='grc'>81</span> <span class='ocrx_word' id='word_1_198' title='bbox 419 2850 612 2913; x_wconf 89' lang='lat' dir='ltr'>uocabulum</span> <span class='ocrx_word' id='word_1_199' title='bbox 630 2849 734 2914; x_wconf 81' lang='lat' dir='ltr'>odiose</span> <span class='ocrx_word' id='word_1_200' title='bbox 757 2849 810 2911; x_wconf 83' lang='lat' dir='ltr'>uix</span> <span class='ocrx_word' id='word_1_201' title='bbox 835 2849 991 2932; x_wconf 85' lang='lat' dir='ltr'>tragicum</span> <span class='ocrx_word' id='word_1_202' title='bbox 1008 2847 1151 2911; x_wconf 90' lang='lat' dir='ltr'>redoleat</span> <span class='ocrx_word' id='word_1_203' title='bbox 1170 2868 1357 2927; x_wconf 88' lang='lat' dir='ltr'>sermonem,</span> 
     </span>
     <span class='ocr_line' id='line_1_26' title="bbox 216 2949 1355 3038; baseline 0.004 -25"><span class='ocrx_word' id='word_1_204' title='bbox 216 2949 345 3016; x_wconf 88' lang='lat' dir='ltr'>uidetur</span> <span class='ocrx_word' id='word_1_205' title='bbox 368 2959 424 3016; x_wconf 90' lang='lat' dir='ltr'>aut</span> <span class='ocrx_word' id='word_1_206' title='bbox 446 2952 486 3018; x_wconf 85' lang='lat' dir='ltr'>de</span> <span class='ocrx_word' id='word_1_207' title='bbox 511 2954 629 3019; x_wconf 88' lang='lat' dir='ltr'>Plauto</span> <span class='ocrx_word' id='word_1_208' title='bbox 654 2953 860 3037; x_wconf 86' lang='lat' dir='ltr'>cogitandum</span> <span class='ocrx_word' id='word_1_209' title='bbox 884 2973 953 3016; x_wconf 89' lang='lat' dir='ltr'>esse</span> <span class='ocrx_word' id='word_1_210' title='bbox 984 2959 1039 3015; x_wconf 90' lang='lat' dir='ltr'>aut</span> <span class='ocrx_word' id='word_1_211' title='bbox 1061 2951 1102 3018; x_wconf 89' lang='lat' dir='ltr'>de</span> <span class='ocrx_word' id='word_1_212' title='bbox 1128 2950 1273 3038; x_wconf 82' lang='lat' dir='ltr'>Turpilio</span> <span class='ocrx_word' id='word_1_213' title='bbox 1298 2960 1355 3017; x_wconf 88' lang='lat' dir='ltr'>aut</span> 
     </span>
     <span class='ocr_line' id='line_1_27' title="bbox 217 3052 1357 3142; baseline 0.002 -25"><span class='ocrx_word' id='word_1_214' title='bbox 217 3052 257 3119; x_wconf 90' lang='lat' dir='ltr'>de</span> <span class='ocrx_word' id='word_1_215' title='bbox 280 3054 428 3139; x_wconf 83' lang='lat' dir='ltr'>Laberio,</span> <span class='ocrx_word' id='word_1_216' title='bbox 466 3076 546 3142; x_wconf 91' lang='lat' dir='ltr'>quos</span> <span class='ocrx_word' id='word_1_217' title='bbox 576 3056 699 3123; x_wconf 89' lang='lat' dir='ltr'>Nonius</span> <span class='ocrx_word' id='word_1_218' title='bbox 734 3058 766 3121; x_wconf 92' lang='lat' dir='ltr'>in</span> <span class='ocrx_word' id='word_1_219' title='bbox 797 3057 907 3136; x_wconf 89' lang='lat' dir='ltr'>altero,</span> <span class='ocrx_word' id='word_1_220' title='bbox 940 3057 1028 3121; x_wconf 90' lang='lat' dir='ltr'>ouius</span> <span class='ocrx_word' id='word_1_221' title='bbox 1058 3063 1131 3121; x_wconf 89' lang='lat' dir='ltr'>sunt</span> <span class='ocrx_word' id='word_1_222' title='bbox 1160 3055 1215 3119; x_wconf 87' lang='lat' dir='ltr'>illa</span> <span class='ocrx_word' id='word_1_223' title='bbox 1247 3055 1357 3132; x_wconf 79' lang='lat' dir='ltr'>uerba,</span> 
     </span>
     <span class='ocr_line' id='line_1_28' title="bbox 218 3158 1355 3247; baseline 0.002 -24"><span class='ocrx_word' id='word_1_224' title='bbox 218 3158 321 3243; x_wconf 89' lang='lat' dir='ltr'>capite</span> <span class='ocrx_word' id='word_1_225' title='bbox 352 3164 426 3224; x_wconf 86' lang='lat' dir='ltr'>ants</span> <span class='ocrx_word' id='word_1_226' title='bbox 448 3159 595 3226; x_wconf 83' lang='lat' dir='ltr'>Enniana</span> <span class='ocrx_word' id='word_1_227' title='bbox 624 3160 822 3239; x_wconf 86' lang='lat' dir='ltr'>testimonia,</span> <span class='ocrx_word' id='word_1_228' title='bbox 847 3161 943 3247; x_wconf 88' lang='lat' dir='ltr'>quale</span> <span class='ocrx_word' id='word_1_229' title='bbox 973 3160 1073 3224; x_wconf 90' lang='lat' dir='ltr'>uerba</span> <span class='ocrx_word' id='word_1_230' title='bbox 1104 3162 1269 3244; x_wconf 80' lang='lat' dir='ltr'>reciproco</span> <span class='ocrx_word' id='word_1_231' title='bbox 1293 3167 1355 3226; x_wconf 86' lang='lat' dir='ltr'>eto.</span> 
     </span>
     <span class='ocr_line' id='line_1_29' title="bbox 219 3261 1358 3350; baseline 0 -24"><span class='ocrx_word' id='word_1_232' title='bbox 219 3262 433 3349; x_wconf 87' lang='lat' dir='ltr'>subsequitur,</span> <span class='ocrx_word' id='word_1_233' title='bbox 464 3266 560 3330; x_wconf 90' lang='lat' dir='ltr'>citare</span> <span class='ocrx_word' id='word_1_234' title='bbox 592 3266 686 3332; x_wconf 90' lang='lat' dir='ltr'>solet.</span> <span class='ocrx_word' id='word_1_235' title='bbox 731 3265 943 3350; x_wconf 88' lang='lat' dir='ltr'>Frequentior</span> <span class='ocrx_word' id='word_1_236' title='bbox 968 3271 1076 3329; x_wconf 88' lang='lat' dir='ltr'>autem</span> <span class='ocrx_word' id='word_1_237' title='bbox 1105 3285 1201 3349; x_wconf 85' lang='lat' dir='ltr'>quam</span> <span class='ocrx_word' id='word_1_238' title='bbox 1224 3261 1358 3348; x_wconf 85' lang='lat' dir='ltr'>Turpilii</span> 
     </span>
     <span class='ocr_line' id='line_1_30' title="bbox 221 3365 1357 3455; baseline 0.001 -25"><span class='ocrx_word' id='word_1_239' title='bbox 221 3374 276 3431; x_wconf 90' lang='lat' dir='ltr'>aut</span> <span class='ocrx_word' id='word_1_240' title='bbox 299 3367 427 3432; x_wconf 89' lang='lat' dir='ltr'>Laberii</span> <span class='ocrx_word' id='word_1_241' title='bbox 450 3367 535 3455; x_wconf 92' lang='lat' dir='ltr'>apud</span> <span class='ocrx_word' id='word_1_242' title='bbox 558 3367 697 3434; x_wconf 86' lang='lat' dir='ltr'>Nonium</span> <span class='ocrx_word' id='word_1_243' title='bbox 720 3376 769 3434; x_wconf 90' lang='grc'>881</span> <span class='ocrx_word' id='word_1_244' title='bbox 792 3368 899 3433; x_wconf 87' lang='grc' dir='ltr'><strong>Ρ18811</strong></span> <span class='ocrx_word' id='word_1_245' title='bbox 923 3368 1086 3448; x_wconf 87' lang='lat' dir='ltr'>memoria,</span> <span class='ocrx_word' id='word_1_246' title='bbox 1115 3367 1204 3430; x_wconf 89' lang='lat' dir='ltr'>cuius</span> <span class='ocrx_word' id='word_1_247' title='bbox 1227 3365 1357 3431; x_wconf 85' lang='lat' dir='ltr'>fabulae</span> 
     </span>
     <span class='ocr_line' id='line_1_31' title="bbox 217 3467 1358 3555; baseline 0.003 -23"><span class='ocrx_word' id='word_1_248' title='bbox 217 3468 450 3550; x_wconf 84' lang='lat' dir='ltr'>Varronianae,</span> <span class='ocrx_word' id='word_1_249' title='bbox 467 3472 696 3555; x_wconf 83' lang='lat' dir='ltr'>Cornicularic,</span> <span class='ocrx_word' id='word_1_250' title='bbox 715 3472 868 3552; x_wconf 85' lang='lat' dir='ltr'>Medicus,</span> <span class='ocrx_word' id='word_1_251' title='bbox 885 3469 1075 3536; x_wconf 88' lang='lat' dir='ltr'>Neruolaria</span> <span class='ocrx_word' id='word_1_252' title='bbox 1091 3471 1123 3534; x_wconf 93' lang='lat' dir='ltr'>in</span> <span class='ocrx_word' id='word_1_253' title='bbox 1143 3471 1243 3535; x_wconf 87' lang='lat' dir='ltr'>altero</span> <span class='ocrx_word' id='word_1_254' title='bbox 1260 3467 1358 3537; x_wconf 88' lang='lat' dir='ltr'>Nouii</span> 
     </span>
     <span class='ocr_line' id='line_1_32' title="bbox 216 3573 1354 3663; baseline -0.001 -25"><span class='ocrx_word' id='word_1_255' title='bbox 216 3576 320 3661; x_wconf 86' lang='lat' dir='ltr'>capite</span> <span class='ocrx_word' id='word_1_256' title='bbox 342 3576 490 3642; x_wconf 88' lang='lat' dir='ltr'>citantur.</span> <span class='ocrx_word' id='word_1_257' title='bbox 529 3577 635 3663; x_wconf 85' lang='lat' dir='ltr'>Atque</span> <span class='ocrx_word' id='word_1_258' title='bbox 653 3578 679 3641; x_wconf 92' lang='lat' dir='ltr'>si</span> <span class='ocrx_word' id='word_1_259' title='bbox 701 3576 742 3641; x_wconf 90' lang='lat' dir='ltr'>ad</span> <span class='ocrx_word' id='word_1_260' title='bbox 765 3576 945 3640; x_wconf 84' lang='lat' dir='ltr'>fabularum</span> <span class='ocrx_word' id='word_1_261' title='bbox 960 3574 1067 3638; x_wconf 91' lang='lat' dir='ltr'>Plauti</span> <span class='ocrx_word' id='word_1_262' title='bbox 1080 3573 1354 3638; x_wconf 84' lang='lat' dir='ltr'>Varronianarum</span> 
     </span>
     <span class='ocr_line' id='line_1_33' title="bbox 217 3677 1360 3766; baseline -0.002 -23"><span class='ocrx_word' id='word_1_263' title='bbox 217 3678 439 3745; x_wconf 92' lang='lat' dir='ltr'>condicionem</span> <span class='ocrx_word' id='word_1_264' title='bbox 470 3689 612 3766; x_wconf 88' lang='lat' dir='ltr'>spectas,</span> <span class='ocrx_word' id='word_1_265' title='bbox 647 3689 733 3745; x_wconf 90' lang='lat' dir='ltr'>certe</span> <span class='ocrx_word' id='word_1_266' title='bbox 757 3679 899 3763; x_wconf 90' lang='lat' dir='ltr'>inprimis</span> <span class='ocrx_word' id='word_1_267' title='bbox 924 3679 1004 3743; x_wconf 88' lang='lat' dir='ltr'>ratio</span> <span class='ocrx_word' id='word_1_268' title='bbox 1027 3687 1078 3742; x_wconf 89' lang='lat' dir='ltr'>est</span> <span class='ocrx_word' id='word_1_269' title='bbox 1107 3677 1360 3742; x_wconf 66' lang='grc'><strong>1818811888]-</strong></span> 
     </span>
     <span class='ocr_line' id='line_1_34' title="bbox 216 3783 1357 3869; baseline -0.002 -23"><span class='ocrx_word' id='word_1_270' title='bbox 216 3783 412 3869; x_wconf 75' lang='lat' dir='ltr'>phitiuonis,</span> <span class='ocrx_word' id='word_1_271' title='bbox 449 3785 539 3849; x_wconf 89' lang='lat' dir='ltr'>cuius</span> <span class='ocrx_word' id='word_1_272' title='bbox 574 3785 703 3849; x_wconf 87' lang='lat' dir='ltr'>fabulae</span> <span class='ocrx_word' id='word_1_273' title='bbox 735 3785 832 3868; x_wconf 86' lang='lat' dir='ltr'>longe</span> <span class='ocrx_word' id='word_1_274' title='bbox 866 3784 1019 3868; x_wconf 88' lang='lat' dir='ltr'>plurima.</span> <span class='ocrx_word' id='word_1_275' title='bbox 1058 3802 1141 3867; x_wconf 87' lang='lat' dir='ltr'>quac</span> <span class='ocrx_word' id='word_1_276' title='bbox 1177 3790 1357 3866; x_wconf 80' lang='lat' dir='ltr'>supersunt,</span> 
     </span>
     <span class='ocr_line' id='line_1_35' title="bbox 219 3886 1358 3972; baseline -0.001 -21"><span class='ocrx_word' id='word_1_277' title='bbox 219 3894 309 3951; x_wconf 88' lang='lat' dir='ltr'>actus</span> <span class='ocrx_word' id='word_1_278' title='bbox 334 3888 436 3970; x_wconf 87' lang='lat' dir='ltr'>quarti</span> <span class='ocrx_word' id='word_1_279' title='bbox 460 3887 639 3972; x_wconf 82' lang='lat' dir='ltr'>fragmenta</span> <span class='ocrx_word' id='word_1_280' title='bbox 662 3888 747 3972; x_wconf 88' lang='lat' dir='ltr'>apud</span> <span class='ocrx_word' id='word_1_281' title='bbox 771 3886 911 3952; x_wconf 90' lang='lat' dir='ltr'>Nonium</span> <span class='ocrx_word' id='word_1_282' title='bbox 935 3887 1054 3972; x_wconf 92' lang='lat' dir='ltr'>passim</span> <span class='ocrx_word' id='word_1_283' title='bbox 1078 3891 1207 3950; x_wconf 88' lang='lat' dir='ltr'>seruata</span> <span class='ocrx_word' id='word_1_284' title='bbox 1231 3893 1358 3950; x_wconf 88' lang='lat' dir='ltr'>exstare</span> 
     </span>
    </p>
   </div>
   <div class='ocr_carea' id='block_1_3' title="bbox 288 4049 665 4115">
    <p class='ocr_par' dir='ltr' id='par_1_4' title="bbox 288 4049 665 4115">
     <span class='ocr_line' id='line_1_36' title="bbox 288 4049 665 4115; baseline 0 -2"><span class='ocrx_word' id='word_1_285' title='bbox 288 4049 290 4060; x_wconf 63' lang='grc'>’</span> <span class='ocrx_word' id='word_1_286' title='bbox 321 4059 415 4113; x_wconf 81' lang='lat' dir='ltr'><strong>¹AJ:</strong></span> <span class='ocrx_word' id='word_1_287' title='bbox 440 4061 665 4115; x_wconf 66' lang='lat' dir='ltr'>Tenfleout.</span> 
     </span>
    </p>
   </div>
   <div class='ocr_carea' id='block_1_4' title="bbox 217 4145 1356 4393">
    <p class='ocr_par' dir='ltr' id='par_1_5' title="bbox 217 4145 1356 4393">
     <span class='ocr_line' id='line_1_37' title="bbox 321 4145 1128 4214; baseline -0.001 -15"><span class='ocrx_word' id='word_1_288' title='bbox 321 4149 331 4184; x_wconf 85' lang='lat'><strong>²</strong></span> <span class='ocrx_word' id='word_1_289' title='bbox 349 4147 517 4213; x_wconf 82' lang='lat' dir='ltr'>Fragmenta</span> <span class='ocrx_word' id='word_1_290' title='bbox 535 4164 623 4202; x_wconf 87' lang='grc'><strong>80888.</strong></span> <span class='ocrx_word' id='word_1_291' title='bbox 643 4149 721 4200; x_wconf 87' lang='lat' dir='ltr'>Rom.</span> <span class='ocrx_word' id='word_1_292' title='bbox 741 4148 831 4214; x_wconf 85' lang='lat' dir='ltr'>poesis</span> <span class='ocrx_word' id='word_1_293' title='bbox 851 4149 904 4200; x_wconf 90' lang='lat' dir='ltr'>uol.</span> <span class='ocrx_word' id='word_1_294' title='bbox 926 4148 954 4202; x_wconf 91' lang='lat'>11</span> <span class='ocrx_word' id='word_1_295' title='bbox 974 4145 1128 4214; x_wconf 66' lang='grc'><strong>811511).</strong></span> 
     </span>
     <span class='ocr_line' id='line_1_38' title="bbox 321 4231 1356 4301; baseline -0.001 -16"><span class='ocrx_word' id='word_1_296' title='bbox 321 4233 331 4268; x_wconf 80' lang='lat'>⁸</span> <span class='ocrx_word' id='word_1_297' title='bbox 350 4235 519 4288; x_wconf 84' lang='lat' dir='ltr'>Duautzerua</span> <span class='ocrx_word' id='word_1_298' title='bbox 538 4236 680 4298; x_wconf 80' lang='lat' dir='ltr'>(Zaitsohr.</span> <span class='ocrx_word' id='word_1_299' title='bbox 700 4235 745 4287; x_wconf 85' lang='lat' dir='ltr'>ltlr</span> <span class='ocrx_word' id='word_1_300' title='bbox 765 4232 1051 4288; x_wconf 77' lang='grc' dir='ltr'><strong>ΑΙ10811181888.1848</strong></span> <span class='ocrx_word' id='word_1_301' title='bbox 1070 4251 1095 4301; x_wconf 86' lang='lat' dir='ltr'>p.</span> <span class='ocrx_word' id='word_1_302' title='bbox 1108 4231 1170 4300; x_wconf 77' lang='lat'><strong>485)</strong></span> <span class='ocrx_word' id='word_1_303' title='bbox 1191 4232 1356 4285; x_wconf 82' lang='lat' dir='ltr'>uocabulum</span> 
     </span>
     <span class='ocr_line' id='line_1_39' title="bbox 217 4319 1068 4393; baseline -0.002 -15"><span class='ocrx_word' id='word_1_304' title='bbox 217 4321 306 4378; x_wconf 79' lang='lat' dir='ltr'>odiose</span> <span class='ocrx_word' id='word_1_305' title='bbox 325 4325 455 4393; x_wconf 76' lang='lat' dir='ltr'>tanquam</span> <span class='ocrx_word' id='word_1_306' title='bbox 475 4322 690 4392; x_wconf 76' lang='lat' dir='ltr'>dittographiam</span> <span class='ocrx_word' id='word_1_307' title='bbox 709 4321 854 4377; x_wconf 84' lang='lat' dir='ltr'>delendum</span> <span class='ocrx_word' id='word_1_308' title='bbox 874 4335 934 4376; x_wconf 85' lang='grc'><strong>0888</strong></span> <span class='ocrx_word' id='word_1_309' title='bbox 954 4319 1068 4377; x_wconf 82' lang='lat' dir='ltr'>iudicat.</span> 
     </span>
    </p>
   </div>
   <div class='ocr_carea' id='block_1_5' title="bbox 0 0 1490 4816">
    <p class='ocr_par' dir='ltr' id='par_1_6' title="bbox 0 0 1490 4816">
     <span class='ocr_line' id='line_1_40' title="bbox 0 0 1490 4816; baseline 0 0"><span class='ocrx_word' id='word_1_310' title='bbox 0 0 1490 4816; x_wconf 95' lang='lat' dir='ltr'> </span> 
     </span>
    </p>
   </div>
  </div>
 </body>
</html>
