2954 4808
230 298 271 359 cc
750 291 841 376 [isar

226 489 266 553 de
290 511 352 574 qua
380 488 486 569 agitur
516 485 566 550 vel
597 485 714 548 tactam
746 503 816 546 essa
847 481 897 546 rel
929 482 995 546 ficri
1029 484 1080 547 vel
1117 482 1284 550 futuram
1322 508 1400 552 esse.

226 592 514 658 Coniunctivc
553 597 663 653 autem
696 588 823 673 proprie
858 586 941 650 actio
973 585 1138 671 quaedam
1183 592 1399 675 exprimitur,

225 718 308 783 quae
331 704 434 761 utrum
458 695 514 757 liat
536 714 646 772 nccnc,
670 715 687 755 c
710 691 899 757 condicione
921 691 1026 776 aliqua
1049 691 1191 776 pendet.
1238 694 1311 759 Sed
1336 698 1396 760 iarn

225 810 300 866 ante
331 798 491 865 Ciceronis
525 806 664 863 aetatem
696 796 834 880 genuina
866 796 919 860 illa
953 796 1157 861 coniunctivi
1196 801 1252 863 vis
1290 801 1395 865 vitiari

226 912 339 990 coepta
363 911 420 969 est.
466 902 678 967 Coniunctivo
703 901 840 966 enimin
866 900 960 964 certis
992 900 1198 984 quibusdam
1234 908 1394 970 enuntia·

225 1010 362 1074 tionibus
393 1009 436 1071 ita
469 1027 597 1091 quoque
629 1005 801 1069 utebantur
833 1005 1019 1088 scriptores,
1052 1011 1088 1066 ut
1133 1005 1202 1070 lroo
1248 1011 1393 1075 artificio

224 1113 402 1179 indicarent
431 1111 620 1175 sententiam
652 1109 745 1175 alteri
779 1110 955 1172 sententiae
987 1112 1281 1189 grammatice
1319 1136 1391 1181 esse

226 1219 499 1283 subiunctam.
545 1214 659 1297 ltaque
684 1236 701 1277 e
724 1213 926 1277 coniunctiro
952 1219 1114 1296 tamquam
1148 1215 1391 1284 subiunctirus

224 1322 338 1387 modus
373 1327 464 1384 natus
501 1327 565 1383 cst:
603 1318 699 1381 veluti
734 1319 766 1382 in
801 1317 965 1383 sententiis
996 1337 1083 1381 mere
1122 1323 1387 1404 temporalibus,

224 1425 411 1500 causalibus,
434 1446 522 1489 mere
546 1422 756 1487 consecutivis
773 1443 809 1485 ac
826 1422 993 1502 praecipuo
1010 1420 1041 1483 in
1057 1423 1212 1487 oratione
1233 1426 1385 1512 obliqua.

225 1529 288 1595 Scd
320 1549 424 1613 neque
455 1525 664 1611 aequabiliter
696 1546 800 1609 neque
831 1545 942 1589 omnes
972 1531 1160 1588 constanter
1195 1529 1382 1613 scriptores

223 1655 339 1698 aureae
355 1632 467 1697 astatis
490 1653 533 1695 su
546 1629 641 1693 biun
653 1630 763 1693 ctiru
774 1651 803 1692 m
821 1630 851 1693 in
868 1628 915 1692 his
931 1628 1094 1692 sententiis
1111 1646 1381 1715 usurparcrunt,

224 1759 294 1801 cam
317 1759 359 1800 nc
382 1756 491 1799 omnes
515 1732 640 1819 quidem
665 1734 904 1797 coniunctiones
931 1731 1122 1818 temporales
1156 1735 1378 1803 subiunctirc

222 1842 362 1925 insignes
386 1861 455 1903 esse
479 1838 604 1902 rcllcnt.
651 1837 716 1901 Cir.
740 1859 767 1901 c.
785 1858 815 1919 g.
838 1836 878 1902 de
902 1836 1134 1901 coniunctionis
1161 1859 1236 1902 cum
1257 1863 1320 1905 usu
1346 1856 1378 1907 et

223 1946 296 2009 latis
308 1943 525 2008 Lucbbertum
548 1941 706 2021 (Granrm.
720 1940 810 2004 Sturl.
824 1939 883 2020 II),
904 1939 1035 2004 velutin
1052 1938 1162 2004 Plauti
1179 1942 1377 2009 Aululariae

223 2070 316 2112 vorsu
334 2049 394 2111 178
417 2046 534 2128 legitur
550 2043 763 2126 Praecopr'bat
786 2045 829 2107 nri
844 2044 968 2107 oniraat
988 2043 1115 2122 frustra
1132 2065 1183 2108 me
1198 2048 1262 2128 ire,
1279 2071 1371 2134 quom

222 2150 382 2216 exibam
413 2150 522 2229 clom03
554 2155 665 2211 contra
697 2146 806 2211 Cicero
838 2146 892 2223 (dc
924 2146 986 2212 div.
1010 2145 1099 2223 131,
1124 2150 1185 2225 65)
1217 2152 1370 2217 eiusdem

223 2253 393 2341 septenarii
417 2253 499 2316 hano
523 2253 597 2315 citat
613 2251 765 2314 formam:
790 2249 1001 2334 Praesaprbat
1017 2252 1144 2315 antinus
1160 2252 1305 2335 frustra
1324 2279 1369 2321 me

221 2360 279 2441 ire,
312 2379 379 2422 cum
409 2358 558 2420 extrem
588 2357 689 2419 clo-rac.
735 2354 814 2418 Cum
838 2351 1107 2418 ‘subiunctiri'
1133 2377 1213 2420 usus
1247 2362 1367 2425 sensim

223 2462 514 2548 pedctcnrptimquc
538 2459 623 2544 opud
649 2460 841 2544 posteriores
865 2459 958 2521 latius
981 2459 1143 2542 serpserit,
1170 2461 1366 2528 Ammianus

223 2567 377 2631 Ciocronc
394 2565 589 2629 constantius
605 2564 841 2628 subiunctivum
858 2562 965 2637 coluit,
988 2562 1013 2624 si
1029 2560 1157 2645 quidem
1175 2585 1240 2628 non
1257 2568 1365 2631 solum

222 2672 413 2757 tcmporales
436 2669 673 2734 coniunctiones
698 2689 799 2752 pacnc
824 2686 934 2729 omnes
958 2664 1014 2730 sad
1038 2666 1131 2728 ctiam
1155 2688 1257 2751 saepe
1288 2693 1363 2734 cau·

222 2775 314 2850 sales,
337 2774 543 2850 concessivas,
567 2771 643 2835 alias
668 2792 737 2834 cum
755 2769 954 2835 coniunctivo
969 2769 1155 2832 construxit.
1202 2770 1362 2837 Nonnun-

222 2901 316 2965 quam
350 2889 454 2942 tamen
489 2877 649 2962 propriam
683 2884 813 2940 secutus
849 2874 1003 2938 rationem
1042 2895 1132 2936 usurrr
1168 2876 1361 2941 coniunctiri

221 2984 383 3048 restrinxit
402 3004 439 3046 ac
462 3002 558 3066 saepe
581 2981 723 3066 proprias
746 2979 805 3045 sibi
829 2978 991 3044 constituit
1006 2977 1104 3061 leges,
1129 2979 1230 3043 veluti
1250 2983 1281 3046 in
1301 3003 1359 3046 usu

221 3087 477 3152 coniunctionum
511 3104 715 3171 quamquam,
747 3085 831 3163 licet,
865 3081 1048 3168 quertlibct,
1079 3082 1179 3167 procl,
1213 3084 1359 3149 aliarum.

222 3190 325 3265 Quam
360 3211 425 3254 rcm
459 3209 564 3274 neque
606 3187 818 3252 Dederichsus
859 3206 963 3270 neque
996 3185 1246 3251 Hassensteinus
1281 3191 1357 3254 satis

220 3298 464 3378 perspexerunt.

323 3397 361 3461 In
398 3396 442 3461 eis
477 3417 559 3480 quae
592 3403 767 3480 sequuntur
801 3394 936 3479 primum
971 3393 1011 3459 ile
1046 3415 1103 3458 usu
1137 3415 1247 3458 carum
1285 3418 1358 3462 con·

219 3502 415 3566 lunationum
440 3499 601 3577 disseram,
624 3520 705 3583 quac
729 3520 799 3562 cunr
824 3506 957 3582 utroque
987 3497 1082 3562 modo
1114 3495 1161 3581 (ct
1185 3499 1359 3567 indicativo

219 3612 253 3672 et
276 3602 491 3686 coniunctim)
524 3602 769 3687 coniunguntur,
797 3601 910 3666 deinde
934 3600 973 3665 de
997 3602 1052 3676 cis,
1076 3622 1158 3686 quae
1182 3623 1256 3667 cum
1290 3605 1358 3669 solo

219 3707 401 3787 indicativo,
425 3707 560 3793 denique
584 3706 622 3771 dc
639 3708 693 3788 eis,
717 3726 885 3791 quaecum
902 3705 1101 3770 coniunctiro
1118 3715 1358 3775 construuntur.

218 3907 239 3961 I.
276 3907 324 3959 Du
344 3905 682 3960 CONIUNCTIONIBUS
702 3904 777 3957 CUM
803 3905 1019 3959 INDICATIVO
1038 3905 1083 3958 ΕΤ
1104 3905 1360 3963 CONIUNCTIVO

658 3991 913 4045 constructa.

562 4128 587 4165 Λ.
625 4125 797 4165 seruaturus:
815 4125 1007 4166 TEMPORALES.

321 4226 347 4290 Ι.
392 4225 503 4291 Dum.
560 4227 750 4312 Saepissime
788 4226 879 4306 dum,
915 4247 977 4291 non
1011 4247 1101 4291 sccus
1136 4236 1240 4314 atque
1274 4236 1359 4320 apull

219 4329 357 4414 optimos
381 4331 416 4393 tlt
438 4331 620 4415 scriptores,
644 4352 714 4394 cum
738 4332 915 4417 praesentis
938 4329 1076 4395 historici
1093 4330 1272 4402 indicativo
1289 4362 1362 4411 cou-
