2948 4808
550 293 591 305 ..
637 254 702 345 [83]
751 295 789 306 -

464 439 666 529 itmthor',
690 442 764 536 ἕχης
786 444 823 515 δὲ

464 545 641 637 arietans,
665 546 704 617 ἂν
727 545 820 637 ἅραο.

105 667 204 734 Ouios
231 670 407 756 fragmenti
437 673 521 738 binis
551 674 722 740 versieulis
756 675 899 762 singulos
926 696 1041 740 sersus
1072 675 1238 761 longiores

104 773 189 839 effioi
212 776 385 842 voluerunt
403 775 608 842 Goissordius
633 784 666 843 et
681 778 907 866 Westphalius
924 780 971 864 (in
988 779 1040 847 ed.
1056 779 1239 867 Hephaest.

102 898 133 962 p.
156 878 211 963 57)
240 885 272 944 et
301 879 464 966 Bergkius
489 880 593 968 (poet.
610 883 669 967 lyr.
686 881 739 946 ΙΙΙ
768 904 799 968 p.
825 885 911 968 123),
940 894 1136 969 quamquam
1168 883 1238 950 He-

101 980 275 1066 phaestion
308 983 379 1070 ipse
413 980 450 1049 ἐκ
482 986 704 1072 χοριαμβιαῶν
736 980 972 1073 ἑφθημιμερῶν
1004 987 1068 1052 τῶν
1098 983 1146 1066 εἰς
1178 985 1238 1076 τὴν

103 1080 260 1172 ῖαμβικὴν
274 1088 474 1154 κατακλεῖδα
497 1091 716 1176 fragmentum
740 1088 819 1156 illud
843 1093 1057 1177 compositum
1080 1091 1237 1179 appellat,

103 1193 329 1257 consentiente
360 1193 482 1259 scholio
505 1193 774 1280 Hephaestioneo
803 1217 834 1281 p.
859 1197 917 1258 211
953 1194 1023 1280 (ubi
1054 1217 1113 1282 pro
1142 1192 1239 1260 πέντε

100 1292 277 1377 legendnm
300 1302 351 1362 est
371 1294 540 1384 τέσσαρα).

189 1406 276 1473 Sane
300 1409 430 1495 quidem
453 1410 516 1475 duo
545 1411 704 1477 eiusmodi
728 1411 799 1477 ooio
822 1433 885 1476 uno
906 1432 1005 1477 versu
1021 1411 1236 1499 comprehun-

103 1507 256 1575 duntur
247 1534 281 1577 m
303 1513 342 1578 0
365 1518 429 1579 100
442 1514 466 1600 ¹)

249 1635 584 1730 Mei-tixpoocri'in’
549 1639 731 1731 πίμὲρτῳ
752 1640 883 1726 κέχυται
910 1637 1092 1731 προσώπῳ

102 1770 157 1835 ubi
182 1793 247 1836 non
272 1774 421 1859 congruit
443 1774 516 1838 finis
540 1773 692 1839 vocabuli
716 1787 789 1839 onm
811 1774 877 1840 fine
901 1773 970 1839 ooli.

189 1884 227 1948 In
251 1884 368 1950 Ascani
396 1886 587 1972 fragmentis
617 1886 680 1950 duo
713 1892 826 1950 extant
856 1907 898 1950 ex
928 1884 1005 1950 solis
1036 1885 1232 1951 choriambis

100 1989 303 2073 composita:
327 1988 366 2053 fr.
389 1990 430 2053 88

275 2114 366 2213 Mori‘
392 2118 497 2205 ὂνίαις
518 2130 589 2206 τοῖς
611 2125 715 2206 πέλας
736 2119 870 2212 ὅμμεων
890 2124 1034 2214 παρέχην

100 2357 132 2415 et
154 2351 192 2415 fr.
217 2355 258 2415 00
454 2344 678 2440 Ἐρραφεώτου
700 2344 761 2436 γὰρ
784 2341 866 2431 ἅναξ

99 2599 183 2663 quae
208 2600 251 2643 ex
274 2578 361 2644 veris
386 2577 583 2644 choriambis
607 2584 773 2658 constare,
802 2598 865 2641 non
888 2566 1081 2662 logaoodioa
1105 2596 1179 2641 esse
1203 2581 1236 2640 ot

102 2681 287 2769 Sapphonis
312 2683 462 2770 exemplo
485 2682 641 2748 doeemur
663 2688 697 2747 et
712 2681 823 2746 multis
839 2680 1057 2745 Anacreontis
1074 2678 1233 2744 versibus.

185 2794 356 2882 Leguntur
386 2797 473 2860 enim
503 2796 586 2859 inter
609 2794 826 2859 Anncnnonrrs
847 2793 1029 2877 fragmento
1057 2791 1234 2857 choriambi

98 2916 157 2983 pro
179 2898 320 2964 diiambo
343 2894 515 2982 ἐπίμικτοι
538 2892 623 2984 πρὸς
644 2892 704 2976 τὰς
727 2890 900 2981 leporario:
925 2895 964 2962 fr.
986 2895 1065 2980 22²)

255 3031 400 3121 Σίμαλον
422 3027 510 3101 sirion
531 3033 565 3101 ἐν
586 3058 671 3122 χορῳ
656 3025 873 3123 αηκτίὸ”
851 3057 965 3115 exorsa
990 3027 1092 3121 καλήν

99 3228 136 3292 0.
161 3230 202 3291 23
212 3225 240 3312 ¹)

198 3342 254 3414 Ἕκ
276 3349 431 3433 ποταμοῦ
451 3340 669 3432 ’asismat
693 3339 803 3410 πάντα
826 3341 972 3432 φέρουσα
994 3339 1134 3427 λαμπρά

97 3579 136 3644 0.
159 3580 201 3641 20
286 3600 288 3603 ’
422 3573 527 3662 Χεῖρά
549 3600 568 3639 s
565 3565 675 3640 '’tr
656 3567 765 3661 ηγάνῳ
763 3566 899 3656 βαλεῖν

97 3804 135 3869 0.
161 3804 201 3865 27
235 3884 237 3889 Α
479 3720 575 3864 Ἥλιε
596 3794 844 3885 καλλιλαμπὲτι)

168 4065 188 4128 ¹)
206 4060 247 4115 cf.
266 4057 418 4130 Hephaest.
437 4074 463 4127 p.
483 4054 525 4112 57.
544 4056 627 4112 schol.
646 4056 670 4109 A
690 4072 716 4125 p.
735 4055 795 4108 211

168 4152 190 4217 ²)
209 4146 360 4218 Hephaest.
379 4164 405 4215 p.
424 4144 469 4200 56.
502 4143 650 4213 Wsstphel
670 4142 719 4196 11¹
738 4160 764 4210 p.
784 4140 842 4202 769,
861 4139 920 4192 ΠΟ.

167 4238 188 4302 ¹)
208 4234 358 4303 Hephaest.
379 4249 405 4300 p.
423 4232 466 4285 31.
