2962 4800
692 280 761 363 [aa]
1251 285 1292 347 aa

159 471 261 554 qualia
288 469 440 533 sacrificio
463 469 595 552 singulis
627 468 666 532 de
700 470 813 552 quibus
847 471 953 553 agitur
985 471 1051 533 ‹lris
1084 471 1191 535 oblata
1222 472 1292 535 sint.

158 574 232 637 Hoo
254 580 339 638 certe
362 573 499 637 dubitari
524 573 642 656 nequit,
666 573 739 656 quin
758 573 1007 637 sacerdotiorum
1023 575 1124 657 pretia
1141 575 1293 658 quodam·

157 678 252 741 modo
277 676 491 762 respondeant
513 676 680 755 reditibus,
714 676 836 739 etiamsi
869 677 920 758 qui
951 678 982 739 in
1013 678 1187 741 sacerdotis
1219 698 1293 741 eon·

157 780 281 843 dicione
319 782 400 845 inest
439 780 539 845 honos
577 779 618 844 ad
656 768 792 845 emenda
830 780 1009 845 sacerdotia
1050 782 1157 863 magni
1198 781 1294 845 fuerit

157 884 317 947 momenti.

575 1462 868 1543 APPllNlllOllS.

667 1697 739 1762 eA.

222 1884 269 1936 Da
289 1885 444 1938 DEORUM
465 1886 504 1938 IN
523 1885 752 1938 ERYI'HRAEO
772 1885 907 1937 TITULO
927 1885 1215 1938 COGNOMINIBUS.

257 2031 318 2095 Dei
356 2034 426 2114 plus
461 2032 690 2116 quinquaginta
725 2033 755 2096 in
790 2054 853 2096 uno
888 2033 942 2095 illo
976 2032 1154 2117 Erythraeo
1193 2033 1285 2096 titulo

153 2142 387 2214 enumerantur,
411 2156 545 2219 quorum
569 2137 676 2198 multis
700 2158 737 2198 ea
767 2144 840 2200 sunt
871 2135 1070 2219 cognomina,
1101 2158 1180 2220 quae
1211 2137 1289 2199 raris

152 2244 207 2301 aut
230 2239 325 2303 nullis
348 2239 504 2322 exemplis
530 2239 715 2324 probentur.
762 2240 822 2304 llis
851 2239 1095 2324 interpretandis
1125 2240 1288 2323 Rayetus¹

152 2351 218 2407 tam
235 2345 315 2408 bouo
333 2366 479 2409 successa
496 2367 624 2428 operam
642 2345 738 2425 dedit,
759 2354 793 2409 ut
809 2367 911 2429 panea
926 2346 1097 2409 iniudicata
1114 2343 1287 2428 reliquerit.

261 2448 291 2524 1)
317 2446 351 2509 ‘A
359 2454 513 2528 plaster&
520 2477 535 2511 ν
558 2451 588 2512 in
606 2450 779 2512 Parcarum
803 2450 929 2513 nomine
953 2450 1085 2512 similem
1110 2446 1290 2531 euphemia-

153 2569 239 2610 mum
256 2551 387 2631 agnovit
404 2551 558 2636 Rayetus,
582 2558 677 2635 atque
701 2553 726 2615 is
751 2561 809 2632 est,
833 2574 896 2636 quo
914 2552 1043 2616 eaedem
1060 2551 1139 2615 deae
1153 2549 1288 2612 Athenis

153 2649 346 2714 Eumenides
371 2652 526 2717 dicuntur.
573 2653 640 2717 Neo
673 2656 736 2719 rari
768 2663 842 2718 sunt
875 2654 1028 2718 eiusmodi
1062 2651 1288 2736 euphemismi:

154 2751 357 2817 Beehtelius2
389 2755 517 2839 quidem
541 2757 804 2841 Mytilenaeorum
830 2755 905 2833 θεάς
936 2756 1106 2840 Ἕτηφίλας
1129 2762 1289 2838 tamquam

153 2853 229 2918 deas
254 2878 328 2920 vere
360 2859 477 2921 amicas
501 2860 672 2942 significari
696 2862 740 2923 ita
764 2869 886 2939 monet,
919 2867 954 2922 ut
976 2859 1107 2923 similem
1133 2859 1184 2943 qui
1207 2858 1289 2920 inest

152 2959 183 3021 in
203 2957 378 3039 Εὔβουλὲως
394 2961 520 3023 numine
537 2961 788 3044 euphemismum
806 2961 961 3045 respiciat.
997 2959 1139 3024 Verbum
1156 2960 1289 3041 α’βλαβιή

152 3082 215 3124 uuo
252 3067 375 3125 tantum
413 3061 482 3125 loeo
523 3070 629 3127 exstat
667 3062 763 3126 Hom.
798 3064 906 3148 hymn.
944 3065 973 3126 in
1012 3063 1109 3128 Mero.
1145 3083 1174 3128 r.
1209 3063 1288 3126 393:

151 3165 198 3226 ἐπ’
233 3161 392 3252 ἀβλαβίῃσι
427 3173 517 3230 νοοῖο,
574 3164 666 3230 Haeo
701 3165 833 3249 ἀβλαβίη
868 3167 968 3230 forma
999 3166 1106 3230 Ioniea
1144 3174 1192 3229 est
1230 3187 1286 3250 pro

150 3263 306 3348 (ἷβλᾶβεια.

254 3369 287 3449 2)
313 3371 550 3434 Alexander
575 3371 742 3454 Magnus
772 3373 833 3435 iam
859 3371 951 3435 rivus
976 3371 1087 3434 divinis
1117 3371 1289 3435 honoribus

151 3472 252 3535 eullus
270 3483 328 3536 est.
365 3473 491 3537 Primus
507 3475 674 3556 Lysander
697 3475 745 3538 his
765 3475 940 3538 honoribus
958 3497 1036 3539 usus
1053 3474 1177 3539 videtur
1194 3475 1287 3541 ess03.

154 3574 235 3638 Post
258 3574 341 3638 hune
365 3575 501 3641 Thasios
524 3577 709 3661 Agesilaum
740 3576 829 3653 ’ναοῖς
857 3582 903 3640 καὶ
927 3576 1129 3641 α’ποθεώσεσί
1159 3580 1292 3643 coluisse

150 3684 287 3741 constat.
333 3679 436 3743 Porro
458 3681 559 3745 altero
583 3689 658 3745 ante
691 3680 848 3743 Christum
881 3681 1006 3745 soeeulo
1037 3681 1290 3764 Philopoemena

149 3781 181 3842 in
206 3779 337 3844 deorum
363 3803 493 3846 numero
519 3783 661 3847 habitum
694 3804 764 3847 esse
787 3783 928 3847 nonnulli
952 3783 1034 3846 tituli
1064 3783 1190 3847 docent.
1235 3785 1286 3849 De

149 3882 325 3947 Alexandri
348 3886 434 3948 cultu
459 3906 486 3950 v.
509 3887 635 3951 Aelian.
664 3885 703 3952 V.
721 3887 763 3952 H.
784 3886 817 3949 II
838 3890 890 3968 193
912 3887 1043 3951 Lucian.
1070 3885 1215 3952 Oalumn.
1236 3890 1284 3953 17.

252 4129 260 4164 ¹
280 4129 314 4180 of.
336 4129 431 4180 Revuo
450 4130 522 4180 arch.
544 4129 669 4181 XXXIII
688 4147 713 4196 p.
734 4129 784 4184 125
802 4146 862 4198 sqq.

250 4215 261 4250 ²
281 4215 348 4279 ,Die
368 4215 515 4266 insehrilrl.
531 4216 698 4268 Denkmdler
712 4220 759 4268 des
773 4217 843 4269 aeol.
858 4214 945 4269 Dial.“
966 4233 993 4268 n.
1008 4215 1040 4268 15
1053 4231 1094 4282 ap.
1109 4214 1240 4268 Bezzeub·
1250 4213 1283 4269 V.

250 4302 312 4353 δεῖ.
333 4300 413 4353 Duris
433 4318 477 4367 ap.
497 4301 568 4354 Plut.
587 4303 650 4369 Lys.
673 4302 711 4354 18.
