2962 4800
670 286 720 370 [31
727 291 739 372 J
1233 296 1268 355 31

139 482 224 544 urbis
247 482 350 543 salute
385 480 570 542 leniendam.
616 478 666 542 Ex
703 479 813 542 eodem
850 479 997 542 thesauro
1033 488 1198 545 exetastae
1233 483 1270 545 ad

138 583 312 647 sacerdotis
351 584 574 646 vestimentum
613 590 757 664 sumptus
798 585 973 665 praebeant
1017 592 1150 666 oportet.
1211 588 1272 659 Qui

139 687 256 750 reditus
280 695 439 769 augentur
462 686 596 769 stipibus
618 685 690 761 illis,
715 705 796 766 quae
821 706 876 768 per
899 694 963 749 tres
985 686 1132 750 Heraclei
1158 690 1272 752 mensis

139 790 260 852 diesin
284 794 369 852 corta
393 788 479 850 urbis
503 794 592 871 parte
616 788 644 849 ei
668 787 867 867 colligendae
889 795 973 852 arant.

242 918 391 981 Similiter
413 924 510 998 atque
534 915 805 978 Halicarnassensi
833 916 926 979 titulo
955 920 1191 1002 promulgatum
1215 932 1273 1004 est,

139 1021 305 1084 duodecim
347 1020 480 1082 deorum
525 1018 683 1080 sacerdoti
729 1019 903 1081 hostiarum
948 1040 1064 1103 pernae
1109 1023 1272 1108 pellesque

141 1124 329 1187 tribuendae
352 1124 451 1186 sunt¹.
1070 1121 1073 1126 ’

241 1251 349 1314 Ceteri
371 1252 452 1313 tituli
476 1259 511 1314 ut
534 1249 575 1313 ad
599 1251 801 1314 sacerdotum
820 1253 1033 1315 emolumenta
1049 1258 1272 1336 cognoscenda

139 1356 216 1417 nihil
231 1354 296 1418 lere
310 1353 485 1434 conferunt,
496 1355 539 1416 ita
553 1355 591 1416 ad
606 1354 770 1436 privilegia
785 1354 970 1417 illustranda
983 1358 1111 1420 maximi
1125 1359 1272 1440 ponderis

138 1466 222 1521 sunt.
261 1457 444 1540 Aesculapii
462 1456 588 1540 quidem
605 1456 763 1519 sacerdoti
778 1458 981 1540 permittitur,
999 1466 1035 1521 ut
1049 1481 1125 1543 agro
1144 1463 1271 1544 publico

140 1561 255 1624 circum
279 1560 431 1642 templum
448 1559 509 1621 sito
526 1565 641 1638 utatur,
665 1580 759 1641 quern
775 1560 901 1642 quidem
919 1561 1028 1623 civitas
1044 1564 1112 1645 ipsa
1129 1565 1272 1628 nondum

141 1662 347 1747 usurpaverit.
396 1661 432 1724 lu
457 1662 613 1724 honorum
638 1683 714 1725 vero
739 1684 870 1725 numero
895 1663 971 1725 illud
998 1664 1177 1729 habendum
1202 1691 1272 1732 esse

141 1774 230 1849 pulc,
262 1765 345 1849 quod
378 1764 536 1828 sacerdoti
566 1765 799 1847 praescribitur,
829 1772 864 1827 ut
894 1765 1006 1828 diebus
1037 1766 1124 1832 lestis
1155 1791 1273 1835 corona

140 1879 271 1932 ornatus
295 1889 443 1931 cenarum
467 1867 664 1950 publicarum
692 1867 850 1950 particeps
876 1867 953 1933 tiatl.
1007 1870 1054 1931 Ac
1083 1873 1186 1933 difusa
1219 1875 1271 1938 illa

141 1971 280 2051 deprimo,
313 1992 391 2055 quae
421 1973 451 2034 in
483 1971 574 2033 titulo
606 1980 903 2049 commemorantur,
933 1993 995 2035 non
1026 1974 1064 2035 ad
1097 1977 1271 2040 cotidianus

141 2096 246 2154 conas,
271 2081 306 2136 ut
328 2073 484 2137 Athenis³
508 2072 732 2157 hierophantas
756 2083 787 2136 et
815 2073 992 2152 daduchus,
1022 2077 1074 2158 qui
1105 2088 1271 2160 vocantur,

141 2179 171 2241 in
195 2185 349 2261 prytaneo
372 2177 498 2259 publice
523 2177 564 2239 ali
593 2177 747 2251 solebant,
779 2177 833 2240 sed
867 2177 906 2239 ad
941 2179 1036 2261 epula
1067 2181 1125 2242 nisi
1160 2181 1270 2245 diebus

141 2281 229 2344 festis
253 2302 316 2344 nou
340 2280 425 2342 edita
449 2288 592 2363 spectare
616 2303 657 2345 ex
680 2287 748 2344 arta
772 2279 848 2343 illa2
870 2282 1100 2345 sententiarum
1125 2287 1271 2349 coniunc-

139 2386 225 2447 tione
249 2384 364 2446 eluect.
402 2384 474 2445 Alia
498 2404 592 2467 porro
617 2383 783 2467 privilegia
803 2384 888 2446 velut
911 2385 1056 2468 stipendii
1074 2387 1269 2453 vacationem

140 2486 405 2568 vectigaliumque
434 2486 663 2550 immunitatem
688 2487 768 2549 tituli
793 2487 957 2549 exordium
982 2490 1175 2553 continuisse
1198 2513 1271 2575 pro·

140 2590 245 2652 babilo
269 2597 328 2652 est.

243 2718 288 2780 Ut
311 2717 493 2797 Aesculapii
516 2717 671 2781 sacerdoti
704 2718 816 2782 dicbus
847 2718 933 2781 festis
963 2741 1111 2782 coronam
1142 2733 1270 2804 gestare

141 2822 224 2898 licet,
248 2822 290 2882 ita
314 2829 488 2904 mystarum
512 2841 572 2903 cpe
590 2821 831 2884 Samothracum
857 2821 990 2883 deorum
1012 2823 1160 2886 sacerdos
1183 2847 1271 2889 coro·

140 2924 263 2988 naudus
287 2931 344 3004 est,
367 2946 428 3007 quo
453 2923 505 2986 die
527 2923 593 2986 adit
616 2923 853 2986 sacerdotium.
905 2922 988 2987 Nam
1011 2925 1049 2987 ad
1069 2927 1152 2989 huno
1168 2929 1270 3012 ipsum

141 3028 222 3090 diem
247 3027 347 3091 verba
377 3023 417 3088 (ἓν
447 3015 469 3113 ᾗ
498 3025 614 3104 ἱερᾶται
645 3022 751 3111 iprdpp’
780 3027 938 3109 pertinere
966 3047 983 3088 e
1014 3048 1107 3091 versu
1142 3033 1180 3091 13
1210 3053 1272 3116 sq.:

141 3125 1270 3216 wmfflvffifflnjtmmffwvmmum.umffiffluww

140 3233 247 3295 sertim
273 3232 297 3294 si
321 3233 363 3307 εἷς
386 3228 420 3292 τὸ
443 3229 625 3293 κατάλοιπον
649 3232 824 3315 suppletur,
860 3253 1050 3316 quamquam
1081 3255 1144 3296 uua
1167 3236 1272 3303 littera

140 3335 295 3397 excedere
318 3319 383 3398 hoc'
401 3335 660 3419 supplementum
684 3337 821 3418 spatium
845 3336 875 3397 in
900 3335 991 3397 titulo
1009 3336 1158 3400 traditum
1177 3339 1271 3403 Gom-

140 3438 262 3520 pernius
286 3436 427 3500 adnotat.
1035 3446 1040 3460 ¹

244 3696 252 3729 ¹
273 3695 307 3745 οἰ.
326 3695 366 3746 tii.
385 3695 422 3746 Iu
441 3713 465 3746 v.
485 3696 500 3746 4
520 3711 579 3762 sqq.
599 3698 763 3761 irrlnoo'prrroe
780 3698 831 3748 τῶν
850 3701 984 3763 θυομένων
1003 3704 1084 3751 πάντα
1107 3698 1138 3753 ια’
1160 3704 1271 3771 δέρματα

138 3788 177 3834 nui
196 3779 239 3842 rci3
257 3785 352 3842 κωλὲας,
370 3786 417 3834 ὅσα
435 3806 465 3833 κα
483 3788 520 3833 rol
538 3780 643 3851 ‘lspuirm
661 3787 757 3835 θύωντι
776 3793 828 3841 τοῖς
847 3782 943 3835 δώδεκα
961 3793 1037 3843 θεοῖς.

242 3887 253 3918 ²
272 3885 307 3936 cf.
328 3886 369 3935 tit.
389 3884 426 3937 lb
442 3901 464 3936 V.
478 3886 494 3937 5
506 3900 566 3951 sqq.
585 3895 799 3954 oropororpopn'rro
812 3887 839 3936 «tt
853 3883 896 3943 uic
914 3884 1009 3952 ε’ρότιας
1020 3895 1060 3940 καὶ
1078 3890 1119 3940 tut
1134 3889 1164 3942 rri
1183 3894 1272 3947 {trium

140 3968 251 4037 φοιτῆτω
269 3966 301 4021 ui
320 3970 437 4036 daonium.

242 4071 601 4125 ldQLleffll

242 4174 571 4242 *άῆῂΠιΊηῳ
