2954 4822
568 327 607 338 -
654 285 744 380 [187]
791 329 833 341 -
1228 301 1263 363 ιι

216 480 247 540 5.
277 477 416 543 aiterum
440 485 474 544 ai
496 481 627 544 tertium
645 478 828 548 Ohiliadum
847 483 997 569 pinacem
1012 486 1176 571 periectos
1193 509 1266 554 εεεε

129 586 203 664 post
226 602 347 645 annum
373 583 465 648 1158.

217 685 378 760 Quoniam
391 688 516 774 primns
528 687 712 755 Chiiiadum
723 691 824 777 pinax
836 691 922 757 inter
933 713 1034 757 annos
1051 698 1265 760 1144ε11147

128 789 332 875 conscriptus
350 797 409 872 est,
433 793 580 876 coquitur
594 798 631 856 ut
646 814 761 858 vernus
779 793 864 862 Chii.
880 795 927 859 IV
945 799 1126 872 467-780,
1148 798 1265 882 quibua

127 894 264 978 primam
301 895 386 959 effici
418 895 560 961 Tnotzaa
596 897 770 982 epistolam
798 898 883 979 dixi,
921 906 997 965 ante
1028 921 1149 964 annum
1185 905 1263 965 1144

128 997 277 1063 conditos
302 1020 377 1065 εεεο
401 999 629 1066 concedamus.

213 1102 286 1177 Qua
315 1104 347 1168 in
377 1104 518 1190 epistola
547 1105 628 1171 hacc
657 1112 789 1171 exstant
812 1109 913 1173 verba
935 1107 1034 1194 (Chii.
1057 1108 1107 1172 IV
1129 1112 1192 1173 472
1217 1132 1263 1195 sq.

128 1209 190 1270 502
214 1206 291 1293 aq.):

227 1311 401 1398 Ζαβαρειῷ
422 1311 471 1399 τῷ
493 1313 650 1401 Λαχανᾷ·
672 1306 803 1393 τούτοις
824 1313 880 1380 καί
905 1311 966 1402 γὰρ
988 1309 1118 1402 ἁβρύνει

228 1408 314 1503 ἥπερ
336 1414 355 1479 ὁ
376 1418 522 1500 Κροῖσος
543 1419 727 1504 θησαυροῖς
747 1416 804 1484 καὶ
829 1415 945 1498 Μίδας
966 1421 1015 1508 τῷ
1035 1417 1157 1508 χρυσίῳ

226 1613 312 1709 ἤπερ
335 1614 354 1711 ἡ
378 1616 579 1708 Κλεοπάτρα
601 1621 638 1689 δὲ
658 1618 852 1708 χερσυίσασα
873 1620 933 1714 τὴν
958 1629 1070 1712 Φάρον

226 1727 273 1813 τῷ
296 1722 474 1815 Λεξιφάνει
495 1727 543 1814 τῷ
566 1727 661 1815 σοφῷ
683 1722 848 1793 Κνιδόθεν
870 1721 1048 1817 ὡρμημένῳ

124 1830 177 1893 Λᾶ
198 1830 283 1895 hunc
300 1852 444 1896 errorem
460 1831 692 1917 explicandum
709 1831 851 1897 sufficiet
867 1832 992 1897 scholia
1009 1833 1085 1898 huic
1102 1836 1261 1920 epistolae

123 1933 254 2000 adiecta
277 1936 440 2000 evolvere.
486 1935 602 2001 Habes
625 1936 711 2001 anim
736 1935 818 2001 Ohil.
840 1936 873 2000 ΙΙ
894 1940 930 2001 16
953 1937 1052 2003 λιοεε;

224 2030 245 2126 ἡ
269 2035 480 2122 Πτολεμαίου
503 2033 669 2123 σύναιμος,
693 2036 855 2107 δέσποινα
876 2034 1078 2126 Κλεοπάτρα
1190 2072 1192 2076 ’

227 2135 247 2229 ἡ
271 2137 458 2228 Αἰγυπτία,
481 2135 503 2231 ἡ
526 2138 614 2231 σοφὴ
637 2140 694 2207 καί
718 2138 1024 2232 πανευμυρφοτάτη,

229 2239 249 2334 ἡ
273 2242 403 2335 πιθανὴ
427 2244 484 2312 καί
507 2239 694 2333 εύμλισττος,
718 2238 737 2335 ἡ
761 2243 880 2328 ῥέουσα
902 2248 1067 2336 Σειρῆνας,

227 2344 247 2438 ἡ
269 2346 380 2417 κάλλει
405 2345 533 2429 πάντας
555 2348 720 2436 θέλγουσα
742 2347 798 2415 καὶ
823 2344 1008 2438 φύσιντῶν
1030 2348 1165 2439 θηρίων,

225 2449 282 2519 τὸν
306 2449 408 2519 Γάϊον
427 2446 561 2519 Ἰούλιον
582 2448 640 2518 τὸν
661 2448 819 2538 Καίσαρα
842 2451 879 2518 δὲ
900 2453 1025 2537 μᾶλλον

223 2556 279 2623 καὶ
302 2551 370 2642 μετ’
396 2549 497 2623 αὐτὸν
515 2549 687 2624 ’Λντώνιον
709 2552 856 2643 γαμβρὸν
874 2550 1069 2624 Ὀκταουΐου

223 2764 305 2856 αὕτη
328 2763 386 2833 σύν
408 2760 609 2852 ἀρχιτέκτονι
631 2762 775 2854 Κυπρίιμ
798 2761 974 2855 Δεξιφάνει

222 2868 281 2961 τὴν
303 2866 480 2937 θάλασσαν
501 2865 694 2956 χερσιάσασα
716 2866 776 2959 τὴν
797 2872 857 2959 τῆς
875 2863 1122 2955 Ἀλεξανδρείας

224 2974 301 3045 ὅσον
323 2973 409 3064 πρὸς
429 2972 670 3066 τετραστάδιον,
694 2971 760 3043 εἴτε
781 2972 898 3063 μικρόν
920 3002 952 3044 τι
976 2976 1086 3058 πλέον,

220 3079 277 3150 τὸν
300 3077 424 3169 πύργον
446 3076 656 3168 ἐξειργάσατο
679 3078 736 3148 τὸν
755 3079 909 3166 μέγιστον
930 3082 989 3171 τῆς
1014 3077 1136 3167 Φάρου,

221 3182 335 3254 ὁλκάσι
360 3188 431 3274 φῶς
453 3181 615 3274 σωτήριον
636 3184 760 3268 μᾶλλον
783 3182 816 3249 ἒν
838 3180 917 3273 ζάλῃ
941 3182 1078 3273 φαίνειν.

220 3290 381 3378 μέμνηται
403 3288 463 3375 μὲν
484 3285 653 3375 Βιργίλιος
673 3283 794 3376 ταύτης
815 3290 874 3377 τῆς
896 3283 1123 3374 Κλεοπάτρας,

221 3389 410 3474 Λουκιανὸς
432 3392 487 3459 καὶ
514 3388 656 3480 Γαληνὸς
677 3390 734 3458 καὶ
758 3387 968 3478 Πλούταρχος
991 3387 1050 3458 σύν
1071 3389 1209 3473 τούτοις,

221 3493 399 3584 Διόδωρος,
425 3503 455 3561 Γ
451 3492 584 3583 ειύρμιος
606 3495 624 3561 ὁ
644 3490 791 3582 χρονικὸς
812 3490 870 3561 σύν
894 3488 1015 3574 άλλοις,

221 3600 276 3667 καὶ
298 3594 446 3688 Ἰωάννης
467 3593 536 3684 μετ’
561 3592 681 3678 αύτούς
699 3592 883 3681 Ἀντιοχεύς
906 3591 1055 3685 ύστέριυς.

203 3707 280 3793 Ipse
309 3707 408 3792 igitur
430 3705 571 3770 Tnetnea
597 3705 718 3782 fontes,
749 3726 830 3789 quos
858 3710 990 3769 occutus
1022 3711 1086 3781 cst,
1119 3701 1252 3769 indicat.

117 3812 232 3877 Nullos
264 3817 373 3876 autem
404 3810 536 3889 horum,
572 3830 653 3895 quoa
682 3807 810 3888 laudat,
848 3809 983 3872 fontium
1014 3828 1126 3872 ansam
1155 3828 1251 3893 praa·

117 3917 237 3996 inuisae,
262 3923 297 3980 ut
316 3915 454 3980 Tzetzea
477 3915 509 3978 in
533 3914 633 3979 talem
656 3912 815 3977 inciderat
838 3932 992 3989 errorem,
1014 3911 1076 3974 nisi
1093 3910 1249 3974 Ioannem

117 4021 271 4086 Malalam
295 4021 397 4084 aivam
422 4018 677 4083 Antiochensem
701 4016 746 4104 (p.
762 4019 824 4081 218
845 4037 892 4101 aq.
916 4016 966 4080 cd.
990 4015 1027 4081 L.
1044 4013 1195 4098 Dindori)
1219 4022 1251 4079 ct

116 4124 292 4208 Georgium
325 4116 381 4187 τὸν
410 4115 567 4207 χρονικόν,
601 4120 632 4185 id
666 4129 717 4185 cst
747 4118 927 4204 Georgium
955 4117 1137 4182 Cadrenum
1171 4118 1250 4201 (vol.

116 4229 131 4292 1
154 4252 183 4319 p.
211 4226 288 4309 3114)
312 4265 352 4274 -
376 4226 461 4311 apud
492 4225 644 4288 loannem
676 4222 912 4288 Antiochenam
942 4243 981 4285 cn
1003 4242 1096 4306 para,
1125 4222 1157 4284 in
1187 4243 1250 4307 qua
