2954 4816
599 249 807 309 ...31..

134 436 326 501 mentionem
349 436 434 515 facit,
458 435 632 500 Vrbinates
648 437 829 502 vaticanae
853 437 1065 504 bibliothecae
1088 461 1134 505 ur.
1153 439 1214 503 307
1240 449 1272 504 et

132 544 204 624 308,
227 542 354 608 omnino
378 563 440 605 uou
464 540 627 605 adhibitos
651 562 731 605 esse.

238 647 329 720 Quae
354 667 424 708 cum
460 646 505 708 ita
528 645 600 726 siut,
632 654 759 728 praeter
781 646 1011 710 Mercariauanr
1044 654 1075 710 et
1099 646 1271 720 Quichera·

131 754 250 816 tianam
267 751 361 816 etiam
374 749 536 814 Galaria·
552 756 584 812 et
598 748 706 813 aaran
723 749 896 816 editionem
913 751 953 815 ad
970 760 1076 835 partes
1092 751 1268 815 uocandam

131 877 199 920 esse
223 855 485 934 existimauimus,
509 854 564 937 qui
586 854 697 938 paucis
728 853 868 937 quidem,
902 854 957 919 sed
979 855 1071 918 bouis
1104 854 1266 918 codicibus

139 962 185 1026 W
202 966 234 1024 et
250 962 285 1024 L
302 957 573 1040 (Guelferbytano
592 963 624 1020 et
643 956 811 1040 Leideusi)
828 961 875 1023 usi
891 964 981 1039 suut3
998 960 1137 1043 itemque
1153 959 1270 1023 codicis

132 1063 297 1129 Harieiani
321 1061 525 1127 collationem
548 1059 589 1123 ab
613 1058 768 1125 Onionsio
794 1059 984 1126 confectam.

233 1166 281 1231 Ea
306 1166 497 1242 testimonia,
517 1184 599 1249 quae
630 1185 695 1228 non
718 1185 760 1230 ex
790 1164 972 1230 fabularum
1004 1164 1269 1231 Terentianarurn

132 1270 239 1335 codiee
263 1292 281 1335 a
305 1269 410 1333 Nonio
443 1269 545 1353 petita
569 1288 637 1332 csse
661 1267 834 1333 uerisimile
859 1275 917 1350 est,
952 1267 1011 1331 nisi
1036 1289 1098 1331 uno
1123 1270 1268 1335 alteroue

130 1376 201 1440 loco
224 1398 289 1442 non
312 1373 507 1441 secernenda
530 1375 642 1460 putaui
665 1396 685 1438 a
709 1381 798 1438 tanta
822 1381 1000 1440 ceterorum
1017 1374 1160 1440 Terentii
1183 1377 1270 1440 testi·

132 1481 307 1545 munierum
331 1479 427 1544 mole.
1219 1489 1222 1496 '

236 1584 385 1650 Ceterum
409 1584 453 1646 ita
475 1603 542 1646 rem
564 1581 738 1663 instituam,
762 1588 797 1645 ut
820 1583 955 1669 primum
979 1604 1062 1668 quae
1079 1582 1174 1647 Nouii
1197 1606 1269 1670 pro·

129 1690 197 1775 pria
213 1710 280 1753 esse
297 1685 467 1752 uideantur
490 1685 696 1767 considerem,
713 1685 827 1751 deinde
844 1708 883 1751 aa
899 1688 1090 1766 testimonia,
1112 1709 1194 1772 quae
1211 1709 1266 1773 op·

130 1795 206 1857 time
236 1800 365 1857 seruata
396 1789 598 1855 consentiunt
632 1809 703 1852 cum
733 1791 892 1854 communi
926 1789 1067 1855 Terentii
1099 1792 1265 1872 memoria,

128 1916 342 1981 percenseam,
366 1893 405 1960 ad
431 1899 610 1960 extremum
632 1892 680 1956 his
703 1893 848 1957 omuibus
873 1893 1019 1959 deductis
1042 1892 1083 1957 ad
1107 1915 1154 1973 ea,
1179 1917 1263 1980 quae

129 2007 309 2084 congruunt
337 2020 409 2062 cum
440 2018 505 2062 una
536 1997 679 2062 alterauo
703 1996 844 2063 Terentii
869 2000 1101 2082 recensionem,
1124 2000 1265 2082 animum

129 2104 302 2168 attendam.

659 2266 731 2372 §a

215 2432 385 2497 Ordiamur
418 2431 515 2513 igitur
547 2431 588 2494 ab
619 2431 666 2509 iis,
703 2450 785 2514 qnae
818 2437 983 2516 tamquam
1014 2433 1109 2498 Nouii
1133 2438 1262 2521 propria

130 2542 322 2600 occurrunt:
347 2555 429 2619 quae
452 2533 493 2596 ad
517 2535 651 2617 exiguas
674 2533 813 2618 quidem,
837 2542 869 2597 at
892 2537 1046 2619 pretiosas
1071 2545 1102 2601 et
1127 2561 1208 2625 quue
1232 2542 1263 2605 in

126 2641 266 2705 Terentii
282 2641 352 2702 crisi
369 2637 547 2702 factitanda
559 2639 769 2722 respiciantur
793 2637 905 2722 dignas
923 2641 1069 2725 reliquias
1082 2642 1263 2708 reducenda

127 2767 197 2809 esso
228 2743 404 2828 apparebit.
464 2739 547 2804 Nam
580 2740 664 2826 quod
700 2741 885 2806 Hadrianus
917 2741 1028 2807 Iunius
1058 2746 1089 2808 in
1125 2748 1264 2830 epistula

126 2846 221 2912 Nouii
245 2847 374 2911 editioni
396 2845 570 2931 praemissa
590 2852 693 2908 totum
715 2845 830 2909 librum
854 2844 1037 2911 Nonianum
1054 2869 1126 2912 cum
1136 2850 1264 2933 Augiae

126 2954 252 3016 stabulo
277 2959 451 3035 comparat,
469 2952 545 3034 quin
568 2950 597 3013 in
624 2957 713 3014 tanta
736 2951 918 3014 mendorum
944 2954 1045 3036 copia,
1069 2974 1151 3038 qnae
1166 2954 1262 3020 Nonii

127 3056 271 3120 codicum
306 3055 345 3119 ad
376 3076 475 3118 uuum
508 3054 648 3117 omnium
677 3053 878 3118 redeuntium
915 3054 1145 3142 archetypum¹
1180 3080 1265 3123 corn·

127 3161 234 3224 munia
259 3166 341 3239 sunt,
375 3160 536 3244 permulta
557 3157 597 3221 ad
622 3157 816 3223 Terentiana
840 3179 968 3244 quoque
991 3162 1179 3243 pertineant,
1210 3185 1263 3227 ne·

127 3266 201 3329 mini
226 3263 358 3327 dubium
382 3270 439 3328 est.
477 3263 550 3326 Huc
573 3262 696 3326 accedit
720 3263 882 3327 leuissima
905 3264 998 3344 ratio,
1021 3284 1115 3348 quarn
1140 3265 1262 3331 Nonius

125 3369 402 3453 grammaticorum
442 3386 529 3431 ruore
567 3367 598 3429 in
628 3367 776 3432 omnibus
799 3367 1009 3451 scriptoribus
1053 3370 1262 3453 excerpendis

125 3480 252 3537 secutus
276 3478 334 3536 est.

228 3576 296 3640 Iam
325 3575 446 3661 supra2
490 3575 529 3640 de
572 3575 731 3640 nonnullis
764 3576 841 3640 locis
879 3579 1035 3663 corruptis
1065 3586 1172 3642 actum
1202 3585 1259 3655 est,

125 3681 178 3744 ubi
202 3681 323 3745 lacrmis
344 3681 375 3744 in
389 3681 535 3744 omnibus
550 3679 711 3745 codicibus
732 3679 886 3745 Nonianis
906 3683 1032 3746 statutis
1052 3682 1176 3764 singula
1198 3690 1259 3748 tes·

124 3785 255 3850 timonis
278 3805 317 3848 ex
342 3784 421 3847 binis
445 3790 591 3847 constare
606 3782 804 3848 Terentiauis
828 3784 1127 3850 demonstrauimus.
1161 3785 1260 3850 Erant

123 3895 228 3953 autem
252 3888 283 3951 bi
306 3889 382 3953 ioci:

225 3994 355 4073 481‚26
387 3994 494 4075 potior
527 3992 608 4055 burra
640 3991 719 4075 rem]
757 3993 788 4055 in
830 3993 937 4056 ucrbis
975 3994 1086 4059 anille
1120 3995 1261 4076 potior

228 4205 237 4238 ¹
256 4202 290 4253 oi.
310 4203 437 4254 Gerlach.
457 4200 543 4267 praei.
563 4217 625 4267 pag.
641 4201 733 4252 XXIV
754 4218 795 4268 sq.

226 4292 237 4322 ²
256 4290 290 4340 ci.
311 4305 374 4356 pap.
397 4288 427 4341 13
447 4303 486 4354 aq.
