2956 4822
691 306 780 393 [aar]
1260 310 1300 373 aa

171 501 368 586 fragmentis,
383 503 409 565 si
425 502 464 565 ab
482 500 718 585 epigrammatis
736 500 965 582 recesserimus,
983 500 1303 585 exemplamemiuum

172 609 365 670 variatarum
399 627 462 670 non
501 608 601 688 magis
637 626 730 689 quam
769 605 979 689 repetitarum
1015 603 1122 667 afferri
1156 612 1302 687 possunt,
1355 657 1357 661 .

171 720 275 774 tamen
301 731 446 774 censeam
462 709 520 775 hos
535 730 662 793 quoque
679 715 787 791 poetas
803 708 856 771 ille
873 709 1004 772 artificio
1021 729 1094 772 uses
1110 728 1190 771 esse.
1229 706 1302 768 Hoc

172 814 253 878 euim
271 814 531 877 verisimillimum
548 819 604 893 est,
622 813 765 875 cherieos
783 822 895 894 poetae
912 811 1016 875 studio
1034 812 1158 884 nemina
1175 810 1301 894 propria

172 918 338 981 artificiose
364 914 508 979 variandi
532 916 649 999 primos
672 935 706 977 sa
729 915 872 995 dedisse3
896 935 969 977 nam
993 914 1024 977 in
1048 916 1160 977 ceteris
1175 921 1301 998 praeter

172 1020 332 1083 ehericum
365 1029 397 1084 et
431 1021 552 1103 epicum
584 1018 690 1102 poesia
720 1019 891 1100 generibus
921 1028 994 1080 ante
1025 1019 1165 1101 tragicae
1196 1017 1302 1098 poesis

171 1123 342 1206 primordia
362 1123 493 1187 deorum
509 1125 715 1206 virorumque
731 1121 858 1185 fortium
873 1121 957 1185 faeta
973 1131 1004 1184 et
1018 1121 1084 1183 iata
1100 1121 1225 1203 copiose
1241 1139 1302 1183 non

173 1225 381 1309 explicantur.
420 1226 526 1309 Atque
542 1224 618 1288 illud
635 1225 804 1288 artificium
819 1225 967 1308 queniam
984 1224 1079 1308 epicis
1096 1225 1197 1308 pectis
1214 1225 1301 1307 iguo-

172 1338 238 1394 tum
260 1330 356 1392 fuisse
382 1339 515 1409 constat,
539 1336 606 1391 tum
630 1330 757 1391 demum
774 1328 860 1391 nasci
877 1329 989 1412 potuit,
1013 1336 1179 1413 postquam
1196 1327 1301 1410 poesis

173 1434 300 1497 chor-ica
321 1431 361 1495 ab
379 1433 476 1515 epioe,
502 1452 583 1514 quae
607 1432 776 1494 earundem
802 1432 996 1495 locutionum
1010 1431 1216 1516 repetitiones
1239 1451 1303 1492 uon

173 1535 267 1602 medo
292 1556 352 1599 nou
376 1536 622 1619 aspernabatur,
653 1535 708 1599 sed
732 1536 826 1597 eriam
857 1535 1046 1619 appetebat,
1075 1555 1205 1619 prorsus
1236 1539 1304 1596 crat

173 1643 322 1705 seiuncta.
357 1637 469 1723 Itaque
486 1659 556 1700 cum
570 1638 742 1702 Stesichori
757 1661 807 1703 ars
824 1638 923 1723 lyrica
940 1660 1009 1703 cum
1027 1639 1115 1723 poesi
1132 1639 1221 1722 epiea
1238 1647 1304 1700 tam

174 1753 241 1807 arte
265 1744 460 1819 cohaereret,
484 1751 518 1804 ut
541 1743 609 1826 ipae
628 1765 646 1804 a
663 1742 805 1825 Longino
829 1740 1058 1825 ὁμηρτκώτατος
1075 1743 1176 1805 dietus
1192 1764 1210 1804 a
1228 1763 1303 1805 neu·

174 1847 266 1909 nullis
283 1845 463 1908 hominibus
480 1845 581 1909 doctis
597 1847 699 1929 pectis
717 1847 814 1930 epicis
831 1846 1103 1927 adnumeraretur,
1121 1847 1148 1908 ei
1166 1845 1303 1925 demum,

174 1952 225 2035 qui
250 1955 322 2033 poet
345 1947 563 2012 Stesichorum
585 1951 787 2033 exstiterunt,
810 1957 926 2034 poetae
950 1949 1065 2014 chorici
1089 1950 1175 2012 illam
1196 1947 1303 2033 appel-

174 2054 327 2118 lationum
351 2053 539 2116 varietatem
559 2054 750 2138 appetivisse
774 2054 920 2119 videntur
946 2076 982 2118 co
1007 2052 1147 2132 consilio,
1175 2062 1209 2115 ut
1232 2072 1303 2115 eom

174 2158 270 2243 epicis
293 2156 532 2240 repetitionibus
557 2163 761 2242 opponerent.
808 2158 903 2221 Cuius
934 2158 1058 2221 dicendi
1090 2156 1242 2219 ubertatis
1273 2162 1304 2218 et

176 2262 336 2325 varietatis
357 2261 507 2344 ¹esxmupla
530 2261 620 2323 nobis
645 2259 730 2344 apud
755 2283 851 2324 unum
875 2262 1049 2325 Pindarum
1070 2266 1197 2323 servata
1219 2271 1302 2322 sunt.

278 2363 327 2427 Ad
352 2364 497 2427 scaenica
517 2365 622 2446 poesis
639 2385 756 2447 genera
773 2364 848 2428 illud
867 2366 1033 2427 artificium
1050 2367 1081 2426 in
1098 2363 1197 2449 lyrica
1214 2362 1304 2445 poesi

174 2469 336 2531 inventum
352 2468 541 2550 pertinuisse
557 2487 618 2530 nen
636 2467 769 2530 videtur.
808 2468 845 2531 Iu
862 2468 989 2531 canticis
1005 2469 1135 2552 quidem
1151 2465 1304 2549 Aeschyli

175 2571 420 2654 tragoediarum,
444 2591 526 2654 quae
550 2572 647 2633 multe
671 2572 789 2635 habent
814 2572 995 2635 communia
1018 2593 1090 2635 eum
1113 2569 1303 2634 carminibus

175 2675 313 2757 Pindari,
338 2673 481 2737 nonnulli
504 2674 564 2736 loci
582 2674 699 2754 insunt,
722 2674 775 2737 ubi
793 2696 855 2738 non
872 2695 1003 2760 parvum
1020 2674 1160 2738 studium
1175 2673 1304 2735 nomina

173 2779 301 2863 propria
325 2777 465 2840 variandi
489 2779 691 2859 conspicitur.
736 2777 852 2841 Nonne
874 2779 1036 2863 aptissime
1060 2799 1130 2840 cum
1155 2777 1207 2840 ille
1230 2775 1304 2838 Pin·

175 2883 281 2945 dariae
304 2881 437 2944 artifieio
465 2881 626 2963 congruit.
657 2881 742 2964 quod
768 2882 930 2945 Menelaus
960 2889 991 2945 et
1020 2884 1241 2965 Agamemnon
1273 2878 1302 2940 in

175 2988 289 3068 Agam.
328 3003 356 3046 v.
395 2985 436 3044 42
474 2985 656 3048 nominibus
695 2986 828 3068 propriis
866 2986 1082 3069 appellantur,
1128 2985 1158 3047 in
1197 3004 1225 3046 v.
1264 2986 1304 3045 44

174 3085 282 3171 ὀχυρὸν
312 3087 415 3167 ζεῦγος
443 3088 627 3167 Ἀτρείδαιν,
666 3109 738 3150 cum
766 3089 796 3151 iu
829 3112 857 3151 v.
888 3094 927 3152 60
959 3096 1054 3173 poeta
1085 3109 1140 3152 eos
1175 3084 1305 3166 Ἀτρέως

174 3195 280 3267 παῖδας
324 3190 461 3253 dixerit?
526 3190 664 3254 Eosdem
707 3192 737 3254 in
781 3214 809 3255 v.
854 3194 914 3256 108
960 3214 1021 3255 uon
1066 3193 1167 3255 minus
1213 3192 1303 3254 docte

175 3296 305 3378 Ἀχαιῶν
342 3295 485 3375 δίθρονον
520 3294 625 3375 κράτος
663 3297 860 3375 nominatos,
905 3304 1074 3380 postquam
1111 3295 1141 3358 iu
1179 3314 1207 3357 v,
1245 3296 1304 3355 114

175 3398 387 3482 appellatione
417 3404 568 3477 haurirem
603 3405 678 3460 τεῶν
710 3400 850 3483 insigniti
881 3410 970 3481 sunt,
1012 3401 1042 3464 in
1076 3420 1102 3462 v.
1138 3398 1305 3461 122-123

177 3502 354 3586 Aeschylus
385 3501 511 3565 nemine
542 3504 664 3565 variato
695 3501 814 3578 eaeeee‘e
849 3503 1005 3585 Ἀτρεϊὶὶας
1035 3503 1171 3567 vocavit.
1223 3500 1305 3564 Illud

176 3625 304 3689 quoque
326 3627 345 3667 a
368 3602 496 3667 Pindari
520 3615 587 3670 arte
610 3605 787 3669 derivatum
810 3608 942 3678 videtur,
966 3606 1050 3691 qued
1067 3606 1200 3670 Calchas
1219 3611 1304 3666 vates

174 3709 205 3772 iu
232 3729 259 3772 v.
281 3710 341 3770 122
363 3707 520 3772 locutione
544 3707 647 3785 κεδνὸς
671 3707 891 3790 στρατόμαντις
915 3711 1122 3792 introductus,
1147 3712 1178 3773 in
1196 3731 1224 3774 v.
1244 3710 1304 3772 156

176 3812 302 3877 demum
334 3834 391 3875 suo
424 3812 548 3876 nemine
581 3819 723 3878 vocatur.
778 3817 930 3878 Attamen
963 3835 1113 3878 numerus
1144 3813 1304 3899 repetitio-

176 3939 249 3981 num
273 3917 414 3980 eiusdem
434 3916 652 4000 appellationis
676 3916 773 3980 multo
797 3920 897 3981 maior
924 3928 981 3981 est.
1026 3918 1076 3981 Ita
1110 3917 1240 4000 legitur,
1271 3925 1305 3980 ut

177 4019 427 4083 luculentissima
450 4018 582 4082 efferum
605 4018 751 4103 exemplo
782 4057 819 4065 -
850 4040 924 4083 nam
951 4021 1025 4083 illae
1048 4020 1251 4102 repetitiones
1274 4019 1305 4081 in

177 4143 268 4187 versu
285 4124 475 4201 intercalari,
491 4144 582 4207 quem
595 4144 653 4186 nes
666 4123 761 4186 hodie
779 4122 946 4204 ,Reirain“
966 4123 1108 4201 dicimus,
1124 4132 1159 4186 ut
1171 4122 1305 4187 Eumen.

175 4228 207 4289 in
231 4251 260 4292 v.
285 4230 344 4291 331
372 4230 487 4291 ete-15
513 4226 672 4309 Ἐρινύων,
698 4227 758 4291 hue
782 4248 845 4291 nen
869 4235 1030 4310 spectant,
1061 4247 1130 4289 cum
1161 4226 1304 4291 consulte

176 4331 335 4416 appetitae
358 4332 419 4395 aiut
446 4368 463 4375 -
492 4352 499 4393 ε

1150 4431 1200 4488 19*
