3030 4816
262 283 302 352 10
780 278 872 370 [aaa]

260 485 388 563 praeter·
404 478 597 543 uocabulum
613 481 779 560 συναίρεσις
796 478 883 542 nullo
900 498 1011 542 eorum
1027 477 1138 543 eodem
1152 496 1249 543 sensu
1265 487 1411 546 utantur

261 604 325 669 quo
351 583 473 649 Graeci.
496 620 532 632 -

363 706 490 771 Nostris
512 727 591 772 uero
613 709 820 792 temporibus,
844 712 879 770 ut
902 726 1012 770 omnes
1034 704 1167 771 ‘termini
1190 708 1346 774 technici’
1373 712 1408 774 in

259 816 328 875 arte
351 812 558 895 grammatica
582 812 759 875 accuratius
781 811 935 894 expressi,
958 811 1003 874 sio
1027 810 1120 875 etiam
1144 813 1305 878 uocalium
1331 836 1406 880 mu·

260 915 431 978 tationibus
455 921 542 979 certa
565 916 710 1001 imposita
733 921 807 979 sunt
828 914 972 978 nomina:
996 915 1111 979 etenim
1129 917 1288 980 uocalium
1313 939 1406 984 com·

259 1021 405 1102 missura,
429 1040 510 1102 quae
532 1019 569 1084 fit
590 1020 621 1083 in
645 1041 709 1085 uno
734 1020 900 1100 uocabulo,
927 1020 1053 1085 nomine
1085 1023 1308 1086 contractionis
1343 1046 1404 1088 no·

260 1129 357 1206 tatur,
380 1126 478 1189 orasis
501 1125 628 1188 nomine
653 1125 859 1189 commissura
883 1123 1016 1188 duarum
1041 1124 1197 1189 uocalium
1218 1125 1249 1190 in
1268 1125 1402 1194 duobus

259 1249 342 1313 quac
364 1229 399 1292 fit
422 1229 598 1311 uocabulis,
621 1229 801 1312 synaeresis
823 1249 887 1292 uox
910 1228 1033 1293 abiecta
1057 1236 1116 1294 est.

363 1452 508 1518 Transeo
532 1454 571 1517 ad
595 1453 684 1536 loges
708 1473 833 1517 arascos
859 1452 1098 1536 examinandas,
1121 1453 1229 1538 quales
1252 1475 1399 1539 agram-

160 1638 163 1644 Ι
259 1557 384 1622 maticis
408 1557 525 1622 nostris
548 1558 740 1622 constitutae
762 1564 846 1621 sunt.

362 1679 541 1743 Abrensius
565 1678 595 1741 in
619 1677 736 1758 libello,
760 1679 849 1742 cuius
871 1699 967 1763 supra
989 1678 1107 1742 mentio
1126 1677 1210 1743 lacta
1225 1687 1283 1761 est,
1307 1682 1399 1766 leges

257 1806 398 1850 summas
422 1805 548 1848 eraseos
569 1783 742 1864 constituit,
767 1784 855 1846 cuius
871 1784 1091 1848 auctoritatem
1107 1784 1207 1847 secuti
1230 1791 1306 1848 sunt
1321 1807 1396 1849 cum

258 1888 310 1950 alii
332 1888 531 1970 grammatici
555 1895 622 1951 tum
645 1885 849 1951 Kuehnerus.
893 1886 944 1952 De
967 1887 1080 1970 quibus
1103 1886 1227 1971 legibus
1252 1886 1398 1954 breuiter

260 2010 430 2075 exponam.

363 2109 468 2174 Crasis
498 2109 595 2195 igitur
621 2109 667 2190 fit,
699 2129 771 2173 oum
800 2108 920 2173 uocalis
950 2110 1002 2174 uel
1032 2109 1247 2195 diphthongus
1278 2132 1397 2177 uocem

260 2215 411 2279 claudens
435 2234 505 2277 cum
528 2214 672 2299 proxime
696 2215 859 2298 sequentis
883 2214 971 2277 uocis
994 2216 1097 2278 uocali
1121 2216 1173 2278 uel
1192 2213 1397 2302 diphthongo

259 2320 371 2383 initiali
404 2321 435 2383 in
467 2340 562 2382 unam
596 2318 751 2403 syllabam
786 2318 996 2402 coniungitur.
1050 2320 1283 2385 Abstinuerunt
1318 2342 1396 2386 uero

258 2424 373 2488 Graeci
396 2424 486 2503 crasi,
510 2422 690 2506 ubicunque
714 2422 817 2486 hiatus
842 2423 920 2487 elisa
943 2423 1032 2487 breui
1048 2425 1150 2488 uocali
1167 2425 1261 2489 uitari
1277 2427 1394 2510 potuit.

258 2527 396 2593 Vocales
420 2526 504 2591 duae
527 2547 583 2612 per
606 2527 708 2591 crasin
738 2527 925 2592 coniunctae
954 2549 1080 2613 semper
1110 2536 1178 2594 arte
1208 2529 1395 2615 cohaerent,

259 2651 363 2716 neque
385 2630 453 2695 fieri
476 2637 593 2714 potest,
617 2638 653 2694 ut
674 2650 782 2712 uoces,
811 2651 894 2714 quae
920 2631 1173 2715 interpunctione
1205 2640 1261 2697 aut
1291 2655 1397 2718 pausa

258 2735 387 2798 metrica
410 2741 465 2799 aut
487 2754 694 2820 personarum
717 2734 892 2798 mutatione
914 2733 1092 2821 dissaeptae
1110 2743 1193 2816 sunt,
1216 2758 1273 2821 per
1290 2741 1395 2804 cresin

260 2845 391 2920 coeant,
423 2839 572 2923 quoniam
607 2838 639 2900 in
672 2837 775 2901 media
808 2837 914 2921 aliqua
944 2838 1066 2922 syllaba
1093 2841 1181 2905 nulla
1209 2860 1310 2923 pausa
1341 2845 1395 2907 uel

260 2942 410 3007 orationis
434 2943 486 3005 uel
509 2939 650 3026 rhythmi
673 2961 742 3006 esse
765 2948 881 3026 potest.
925 2941 1052 3007 Deinde
1079 2964 1144 3017 una
1173 2943 1295 3028 syllaba
1327 2967 1393 3011 non

258 3052 365 3130 potest
393 3045 453 3110 nisi
485 3045 540 3108 uni
567 3045 714 3109 accentui
744 3067 876 3128 parere,
908 3045 993 3109 unde
1021 3048 1202 3111 necessario
1233 3048 1396 3130 colligitur

258 3150 344 3233 ipsas
367 3135 463 3213 uoces
486 3168 544 3232 per
567 3149 671 3213 orasin
694 3149 857 3234 copulatas
875 3150 1032 3214 communi
1049 3158 1183 3215 accentu
1206 3151 1284 3233 regi.
1320 3152 1395 3226 Qua

258 3275 292 3318 re
316 3253 397 3316 hanc
419 3251 525 3335 legem
548 3271 704 3314 summam
727 3253 875 3316 constitui
898 3273 1028 3318 necesse
1051 3261 1116 3318 est:

303 3372 418 3438 Crasi
454 3395 532 3438 non
568 3380 741 3457 possunt
775 3374 972 3459 coniungi
1004 3375 1091 3440 nisi
1129 3395 1232 3461 quse
1268 3395 1395 3443 uoces

258 3476 390 3541 facile
423 3477 494 3541 sub
526 3500 643 3543 unum
676 3485 892 3543 accentum
922 3478 1347 3563 comprehenduntur.

259 3597 372 3681 ltaque
394 3598 531 3684 primum
554 3598 701 3663 facillime
724 3601 802 3664 erasi
826 3622 860 3664 se
884 3599 1022 3665 offerunt
1051 3600 1187 3665 uoculae
1217 3607 1272 3663 aut
1302 3602 1394 3669 nullo

259 3709 391 3765 accentu
421 3704 550 3788 proprio
581 3711 636 3768 aut
666 3704 785 3769 leuiore
813 3705 1004 3788 instructae,
1034 3723 1114 3788 quas
1145 3705 1310 3784 intellegas
1340 3707 1396 3771 uel

260 3825 331 3868 cum
354 3806 560 3889 sequentibus
583 3807 634 3870 uel
657 3828 730 3870 oum
753 3806 1016 3871 antecedentibus
1039 3806 1203 3871 uocabulis
1219 3804 1313 3870 facile
1332 3810 1395 3874 sub

260 3909 353 3972 unius
377 3917 527 3975 accentus
551 3911 715 3995 imperium
739 3912 834 3975 coire.
880 3910 1005 3975 Deinde
1030 3918 1156 3975 constat
1184 3911 1215 3975 in
1246 3912 1394 3980 omnibus

259 4011 373 4094 linguis
405 4014 520 4099 passim
554 4013 639 4096 lieri,
671 4023 706 4077 ut
740 4015 834 4078 etiam
866 4014 1023 4098 grauioris
1053 4022 1204 4078 accentus
1232 4016 1397 4082 uocabula

260 4115 447 4206 quotidiano
471 4138 531 4182 usu
561 4118 669 4182 iuncta
698 4139 793 4182 unam
823 4139 936 4182 uocem
966 4120 1020 4182 uni
1050 4120 1196 4183 accentui
1226 4125 1397 4201 parentem

261 4219 415 4301 efficiant3
439 4222 543 4307 itaque
568 4223 662 4285 etiam
685 4222 718 4284 in
742 4221 858 4286 talibus
882 4221 1095 4287 commissuris
1123 4223 1218 4286 orasis
1249 4220 1396 4306 legitima

259 4323 355 4387 statui
379 4333 494 4411 potest,
518 4334 552 4391 ut
575 4324 689 4399 οὕνεκα,
712 4322 875 4404 bdelium,
899 4324 1061 4415 dory'ps'par.
