2956 4822
642 304 730 391 [rra]
1212 309 1251 374 rr

219 501 326 585 Atque
348 521 387 565 eo
410 504 554 586 tempore
577 521 647 565 oum
671 507 739 565 toto
762 500 830 566 fere
852 522 950 586 regno
982 501 1126 587 priuatus
1159 510 1252 582 esset,

115 604 314 670 Rhodiorum
338 606 509 690 praecipue
533 626 602 690 cpe,
626 626 697 669 cum
721 605 836 690 quihus
859 614 927 670 tum
950 607 1135 672 societatem
1152 608 1252 672 habe·

115 709 201 789 bot1,
225 708 353 773 adiutus
378 731 448 774 esse
472 708 611 772 uidetur.
656 709 775 774 Rhodii
800 710 881 773 enim
898 712 977 774 mari
993 731 1061 775 curn
1080 711 1250 797 Aegyptiis

115 812 309 878 certabantl.
356 812 501 887 Quorum
524 814 644 877 auxilio
668 814 720 878 uel
753 815 886 878 classem
916 815 957 878 ad
985 816 1130 880 ciuitates
1154 819 1251 881 Asiae

114 917 244 982 minoris
266 915 503 1002 recuperandas
530 937 645 1001 parare
675 919 781 1003 potuit
804 915 913 1000 (Milz
944 940 1027 1004 quae
1059 941 1252 1005 quamquam

113 1022 242 1101 interiit,
266 1028 373 1086 tamen
397 1021 570 1085 ciuitatium
594 1043 709 1106 magna
734 1030 820 1087 carte
844 1043 927 1106 pers,
952 1044 1023 1087 cum
1045 1023 1252 1089 Ptolemaeus

114 1127 242 1191 domum
259 1146 407 1190 reuersus
422 1125 500 1189 nihil
513 1127 699 1211 susciperet,
714 1127 871 1192 intestinis
884 1126 978 1191 rebus
990 1127 1127 1192 fortasse
1142 1130 1252 1192 etiam·

113 1238 181 1295 tum
203 1239 387 1315 occupatus,
419 1252 525 1316 neque
549 1232 653 1296 minus
678 1233 829 1317 quoniam
852 1233 1088 1318 Aegyptiorum
1118 1234 1252 1297 auaritia

113 1341 145 1399 et
174 1334 345 1399 insolentia
376 1332 646 1418 opprimebantur,
676 1334 836 1420 simulque
860 1355 931 1399 cum
961 1337 994 1399 in
1025 1335 1105 1401 Asia
1129 1336 1252 1401 minore

113 1460 164 1503 res
187 1440 312 1503 interea
327 1437 499 1502 admodum
515 1438 703 1504 immutatae
720 1447 827 1503 essent
850 1440 898 1520 (ut
916 1440 1023 1503 statim
1039 1437 1251 1524 significabo),

112 1543 144 1607 in
179 1542 303 1607 Seleuci
339 1548 532 1628 potestatem
566 1543 747 1623 redierunt,
783 1544 904 1608 scilicet
938 1543 1001 1607 alia
1033 1551 1107 1629 post
1140 1544 1251 1608 aliam:

112 1668 248 1731 quarum
264 1646 431 1732 Magnesia
448 1647 599 1732 Sipylena
623 1649 654 1711 in
677 1648 856 1713 nouissimis
872 1648 978 1712 fuerit.
1016 1648 1151 1712 Pactum
1168 1648 1252 1712 enim

111 1750 362 1836 Smyrnaeorum
386 1757 418 1815 et
434 1750 630 1834 Magnetum
644 1751 825 1835 insequenti
840 1750 969 1814 demum
985 1770 1068 1813 anno
1088 1752 1251 1832 conuenit,

112 1876 183 1920 cum
205 1876 264 1919 rex
279 1856 395 1919 iterum
410 1855 442 1918 in
458 1854 583 1940 Syriam
599 1855 763 1940 profectus
780 1860 875 1920 esset.
915 1854 1250 1919 Animaduertendum

111 1968 219 2024 autem
243 1968 301 2037 est,
325 1964 480 2043 utsupra
504 1957 581 2037 dixi,
605 1957 777 2023 Seleucum
799 1958 854 2022 illo
879 1964 1023 2044 tempore
1055 1959 1180 2041 legatos
1210 1957 1250 2021 ad

111 2084 214 2146 reges,
238 2060 399 2146 dynastas,
424 2062 579 2140 ciuitates,
612 2063 758 2127 nationes
782 2063 903 2126 misisse
934 2059 1032 2146 (tituli
1056 2083 1087 2126 v.
1115 2065 1149 2125 ll
1176 2063 1249 2147 sq).

115 2166 230 2231 Paullo
255 2166 338 2231 enim
361 2172 435 2251 post
457 2167 613 2250 proelium
638 2169 843 2251 Ancyranum
864 2167 1058 2230 Mithridatis
1081 2166 1251 2230 amicitiam

104 2270 174 2333 ¹sibi
198 2290 401 2356 comparasse
424 2269 561 2348 uidetur,
588 2290 698 2334 sorore
722 2272 750 2334 ei
780 2271 810 2334 in
843 2269 1081 2334 matrimonium
1114 2269 1189 2332 data
1220 2276 1252 2334 et

113 2372 230 2457 Magna
252 2372 396 2458 Phrygia
419 2374 502 2438 dotis
526 2375 597 2437 loco
620 2373 804 2439 concessass.
851 2374 1054 2457 Quapropter
1070 2371 1250 2438 Antiochus

112 2476 275 2541 inimicitia
308 2498 379 2541 cum
416 2478 501 2542 socio
536 2480 669 2561 pristino
705 2485 857 2562 suscepta
890 2477 1041 2560 Magnam
1075 2476 1250 2560 Phrygiam

112 2600 284 2665 peragrans
309 2583 437 2668 diripuit
447 2584 470 2645 ⁴.
517 2585 625 2669 Atque
648 2606 719 2649 cum
743 2585 1018 2668 Pergamenorum
1041 2605 1170 2668 quoque
1194 2583 1250 2667 dy·

111 2693 204 2749 nasta
226 2686 281 2750 illc
313 2692 457 2771 tempore
481 2687 651 2754 Seleucum
684 2689 868 2753 societatem
900 2689 1017 2768 iniisse,
1050 2687 1136 2751 haud
1167 2687 1250 2753 male

110 2787 317 2855 Koehlerus⁵
347 2792 491 2857 coniecit.
540 2793 697 2877 Idemque
727 2793 766 2856 de
799 2792 887 2858 Ziela
918 2793 1131 2878 Bithynorum
1161 2813 1248 2875 rege,

112 2893 200 2957 ouius
233 2895 353 2959 sociam
384 2896 576 2961 Heracleam
609 2898 720 2961 urbem
753 2897 962 2962 Ptolemaeus
995 2898 1087 2961 donis
1118 2895 1157 2960 ad
1194 2894 1249 2960 de·

111 2997 282 3064 factionem
306 2999 471 3085 impellere
494 3009 626 3065 conatus
650 3001 750 3083 eracl,
774 3000 848 3065 inde
871 3002 1021 3086 suspicer,
1046 3001 1129 3086 quod
1147 2999 1249 3063 Zielas

110 3102 219 3186 paullo
236 3109 308 3188 post
333 3125 351 3167 a
376 3103 476 3169 Gallis
501 3105 650 3168 Antiochi
675 3105 848 3168 auxiliariis
871 3104 1057 3169 interiectus
1081 3103 1161 3169 estl.

213 3415 1152 3485 ¹Pmmmapmmamsspmm=rmmnwum

213 3503 482 3572 ²hmmvffi

214 3591 490 3658 mmmmm&

212 3677 666 3744 ⁴mmlaKmmpa

213 3763 306 3816 HM

211 3850 222 3885 θ
243 3851 368 3902 Memnon
389 3867 432 3916 ap.
453 3851 577 3902 Pholium
599 3867 624 3915 p.
643 3849 694 3902 229
714 3849 822 3913 aldit).

212 3936 1243 4005 leMmm-memememmemmmffimmmmffim

109 4025 157 4077 illo
171 4033 294 4090 tempore
308 4022 439 4075 Seleucus
453 4023 620 4088 implorauit,
633 4024 654 4073 si
669 4021 778 4089 quidam
792 4024 845 4073 huc
859 4025 963 4075 referas
976 4023 1120 4089 epistulam
1135 4031 1245 4073 senatus

109 4107 1246 4179 qmmSwmmcmmmmtfflmdffissmmmrmammmnm

108 4195 1244 4263 mmmmmdmmpfflmmmdmmwmmsmssmmah

108 4284 180 4336 omni
199 4299 282 4335 onera
300 4282 432 4335 immunes
451 4281 652 4348 praestitisset.
683 4281 759 4345 Quae
779 4282 937 4338 coniectura
949 4281 1100 4336 Niebuhric
1115 4279 1247 4345 dehetnr3

109 4370 143 4425 cf.
162 4370 289 4439 Drcyscn
308 4368 352 4422 III
373 4373 394 4434 l,
413 4367 463 4422 38?
484 4368 547 4421 adu.
