2956 4822
207 288 248 350 ss
732 283 822 368 [154]

208 477 348 540 tribuum
368 499 533 541 numerum
551 479 688 556 auxisse,
706 475 839 539 chcdii
857 476 910 538 uix
925 472 1098 558 yrlraara'ac
1115 475 1186 539 loco
1199 472 1347 558 'limam-'aar

206 583 304 646 tribui
327 582 488 646 adtributi¹
505 581 634 646 fuerint.

310 687 444 751 Accedit
464 686 550 771 quod
568 686 635 749 ueri
650 686 844 749 simillimum
861 684 998 767 uidetur,
1022 684 1111 747 illum
1128 683 1343 748 Lebediorum

206 797 237 853 ct
274 790 544 875 Colophoniorum
583 790 816 874 synoecismum
855 810 926 852 cum
964 789 1063 873 ipsius
1098 787 1218 872 Ephesi
1258 788 1345 851 urhis

207 895 452 977 transpositione
476 894 679 958 coniunctum
703 893 813 971 faisse,
843 891 883 956 dc
914 914 975 977 qna
1007 902 1039 955 at
1062 891 1177 955 Strabo
1210 898 1241 955 ct
1272 891 1344 954 alii¹

205 998 356 1062 certiores
379 1019 439 1062 nos
469 997 597 1061 iaciunt.
642 996 724 1086 Nam
754 997 786 1060 id
818 996 904 1082 quod
928 996 984 1062 Tei
1009 995 1209 1081 Antigonum
1238 995 1344 1061 lacere

205 1102 345 1166 uoluisse
369 1123 466 1186 supra
490 1102 609 1165 conieci
634 1100 681 1186 (p.
706 1104 746 1165 39
771 1105 845 1186 sq),
868 1107 903 1165 ut
926 1099 1038 1165 urbem
1062 1123 1079 1164 e
1102 1101 1173 1164 loco
1207 1100 1344 1164 demisso

204 1215 236 1269 ct
260 1206 393 1290 palustri
416 1205 456 1270 ad
481 1205 645 1270 elatiorem
672 1213 702 1269 et
726 1205 935 1270 salubriorem
960 1204 1143 1280 collocaret,
1168 1205 1199 1268 id
1224 1205 1344 1288 Ephesi

204 1310 430 1393 Lysimachum
456 1310 625 1395 perfecisse
642 1315 775 1376 constat.
823 1310 978 1383 Quamuis
995 1311 1078 1373 enim
1095 1309 1201 1372 inuitis
1221 1310 1345 1372 ciuibus

205 1436 222 1477 c
245 1414 384 1497 pristinis
408 1413 538 1478 sedibus
562 1412 727 1494 traductis,
750 1412 789 1477 ad
817 1414 951 1478 l'ionem
974 1422 1006 1478 ct
1023 1412 1195 1477 Carassura
1220 1408 1345 1477 montes

204 1517 316 1583 urbem
353 1516 458 1581 denuo
492 1518 670 1597 exstruxit,
705 1525 736 1581 et
767 1538 858 1580 muro
890 1518 1041 1588 muniuit,
1073 1518 1160 1581 cuius
1191 1518 1345 1602 reliquiae

204 1620 307 1684 adhuc
333 1626 472 1685 exstant.
518 1622 625 1705 Atque
650 1620 689 1685 de
712 1621 864 1684 aedificiis
888 1641 968 1704 quae
993 1621 1035 1683 illi
1060 1622 1193 1704 tempori
1225 1643 1244 1683 a
1268 1621 1343 1684 uiris

202 1724 304 1789 doctis
322 1724 546 1789 adtribuuntur
555 1726 576 1800 ²,
594 1724 643 1787 hic
660 1744 720 1789 non
736 1724 823 1789 locus
841 1731 890 1789 est
905 1723 1098 1809 disputandi.
1132 1724 1228 1789 Certo
1247 1726 1345 1790 ctiam

203 1830 296 1894 huius
321 1828 408 1893 urhis
431 1850 547 1892 nomen
570 1829 778 1914 Lysimachus
801 1830 955 1892 mutauit:
980 1828 1143 1893 ciuitatem
1165 1830 1249 1892 onim
1274 1850 1345 1892 ase

205 1956 243 1997 ex
276 1932 431 2017 Ephesiis,
463 1932 622 2013 Lebediis‚
654 1933 861 2018 Colophoniis
893 1934 1104 2017 conscriptam
1137 1933 1296 1997 Arsinoen
1327 1954 1345 1996 e

204 2039 347 2121 coniugis
371 2039 498 2102 nominc
521 2038 707 2123 appellauit.
755 2038 856 2111 Quam
880 2037 1038 2102 Arsinoen
1063 2059 1134 2101 cum
1161 2058 1244 2101 anno
1277 2036 1345 2101 fera

205 2145 267 2207 299
290 2143 500 2227 Lysimachus
523 2143 554 2206 in
578 2143 811 2206 matrimonium
835 2141 966 2206 duxerit
989 2140 1091 2224 (Plut.
1109 2141 1254 2206 Demetr.
1275 2139 1345 2224 31),

204 2269 267 2312 non
291 2256 364 2310 ante
389 2268 505 2310 annum
522 2250 596 2328 295,
619 2269 682 2331 quo
706 2246 771 2310 lere
795 2246 958 2310 ciuitatem
976 2266 1085 2310 rursus
1101 2247 1133 2308 in
1150 2252 1344 2326 potestatem

203 2351 337 2435 redegit,
362 2352 444 2415 lmuc
462 2353 694 2434 synoecismum
719 2350 891 2414 instituisse
918 2349 1054 2415 uidetur.
1094 2351 1201 2433 Atque
1219 2371 1259 2413 ne
1276 2358 1344 2412 tum

203 2455 332 2541 quidcm
356 2456 464 2520 statim
489 2455 545 2521 sad
571 2455 733 2540 aliquanto
758 2463 903 2538 tempore
919 2455 1095 2534 interiecto,
1118 2453 1255 2519 fortasse
1272 2462 1345 2538 post

203 2580 320 2623 annum
337 2562 411 2640 287,
436 2560 495 2624 hoc
510 2560 628 2623 lactum
645 2581 726 2639 esse,
750 2579 942 2644 quamquam
961 2580 1024 2622 non
1041 2581 1081 2622 cx
1099 2579 1137 2623 co
1154 2565 1346 2641 argumento

203 2663 288 2747 quod
302 2663 340 2729 E.
355 2663 491 2728 Rohdc³
507 2665 624 2746 attulit,
638 2672 744 2729 tamen
759 2687 776 2728 c
790 2665 926 2727 nummis
939 2664 1127 2747 quibusdam
1141 2686 1160 2727 a
1172 2663 1344 2746 Droyseno

203 2766 307 2849 (112,
332 2769 408 2849 258)
433 2771 537 2833 citatis
561 2777 657 2854 atquc
688 2791 705 2833 c
738 2768 869 2833 decreto
902 2767 1040 2851 quodam
1072 2768 1197 2832 concilii
1231 2764 1345 2831 Ionum

202 2871 364 2956 (Dittcnb.
381 2874 461 2958 Syll.
482 2874 559 2955 137)
584 2875 732 2938 conicere
757 2874 839 2950 licet,
864 2873 915 2936 cui
932 2874 1162 2958 praescriptum
1181 2884 1243 2936 est:
1261 2872 1344 2947 ἔδοξε

198 2973 310 3038 'Irriaarv
333 2982 386 3039 τῶι
410 2979 509 3040 anavair
533 2979 595 3040 raia
618 2976 850 3060 rps[roaar']tlsac
882 2975 1008 3040 πόλεων.
1055 2976 1128 3039 Hoc
1159 2977 1255 3060 igitur
1287 2977 1342 3041 de·

186 3077 334 3157 ¹cretum,
358 3082 442 3166 quod
468 3092 553 3147 certe
570 3082 755 3168 Lysimachi
782 3082 980 3166 temporibus
1008 3102 1114 3165 neque
1139 3089 1246 3145 tamen
1270 3090 1346 3145 ante

202 3206 320 3251 annum
351 3189 412 3250 ‘295
444 3186 565 3251 lactum
596 3195 654 3267 est,
688 3186 809 3251 chcdi
840 3196 871 3250 et
899 3186 1095 3270 Colophonis
1127 3185 1344 3251 destructione

203 3293 362 3376 antiquius
399 3313 469 3357 cssc
504 3291 642 3356 uidetur.
699 3290 782 3354 Nam
816 3294 892 3355 uiuo
926 3292 1119 3377 Lysimacho
1156 3291 1214 3352 has
1248 3290 1345 3356 urbes

203 3397 367 3461 restitutas
402 3417 464 3460 non
500 3418 571 3460 csse
603 3395 677 3460 inde
712 3397 883 3475 coniciam,
917 3396 1001 3481 quod
1038 3396 1192 3460 Arsinoes
1227 3415 1344 3459 nomen

202 3509 275 3584 post
304 3501 388 3585 regis
414 3509 550 3565 mortem
582 3501 710 3565 demum
741 3502 875 3584 pristino
906 3500 1026 3584 Ephesi
1058 3500 1176 3563 nomini
1208 3501 1345 3565 cessisse

203 3604 386 3689 Stephanus
410 3606 578 3689 siguificat.

306 3708 456 3773 Ceterum
490 3710 549 3774 hoc
578 3712 772 3794 synocoismo
804 3716 889 3774 certe
921 3709 1053 3774 chcdii
1087 3717 1119 3773 et
1150 3708 1342 3793 Colophonii

205 3833 314 3877 omnes
330 3812 459 3898 Ephesii
483 3815 568 3896 facti,
593 3836 671 3898 ager
687 3837 795 3879 eorum
812 3813 952 3900 Ephesio
969 3814 1146 3899 adscriptus
1161 3821 1219 3895 est,
1242 3835 1339 3898 quem

309 4007 316 4040 ¹
343 4005 442 4056 Strabo
464 4004 529 4056 XlV
556 4023 580 4072 p.
606 4004 665 4058 610.
702 4007 794 4073 Stcph.
827 4008 888 4073 llys.
913 4022 934 4056 s.
961 4021 984 4056 r.
1005 4010 1116 4071 Ἑρειιος.
1153 4003 1279 4056 Eustath.
1306 4004 1341 4054 ad

206 4089 316 4156 Dionys.
344 4091 454 4158 Parisg.
478 4092 529 4145 828
553 4092 676 4155 (Mulier,
700 4094 802 4158 chgr
827 4093 874 4145 Gr.
901 4093 1017 4144 mirail
1045 4109 1069 4157 p.
1093 4090 1170 4156 363),
1195 4092 1241 4142 ubi
1268 4096 1344 4142 recte

204 4177 256 4226 iam
277 4194 335 4227 cam
356 4178 433 4230 codri.
454 4205 468 4250 y
470 4204 552 4233 vvvvvv
554 4204 565 4241 ς
583 4186 719 4246 proava
674 4204 719 4250 ray
724 4178 778 4246 aa
797 4181 907 4245 legitur.

308 4265 379 4317 ²Cl.
399 4270 507 4332 praeter
527 4265 674 4318 Woodium
694 4266 771 4317 eth.
791 4266 914 4319 Curtium
936 4267 964 4330 (l.
984 4266 1019 4329 c.)
1039 4265 1158 4331 Guhlp.
1180 4264 1228 4316 177
1247 4280 1307 4334 sqq.

310 4349 319 4384 ³
339 4352 394 4404 Der
413 4352 587 4419 griechischc
609 4352 716 4405 Roman
736 4369 761 4419 p
780 4352 813 4406 76
832 4352 894 4405 adn.
