2954 4822
209 274 246 336 rr
642 310 684 322 -
731 271 818 362 [roo]
866 313 905 323 -

205 463 397 542 offenderis,
433 463 520 550 quod
553 463 713 528 Soranum
746 462 910 529 medicum
944 465 1029 529 hunc
1063 486 1192 551 quoque
1226 464 1346 528 librum

205 567 409 652 grammatici
431 567 615 654 argumenti
639 567 873 654 conscripsisse
897 589 1081 635 censemus.

293 671 431 737 Accedit
454 672 541 758 quod
570 673 603 737 in
635 672 704 758 ipso
729 670 843 736 Sorani
874 672 996 758 scripto
1024 669 1102 758 περὶ
1132 695 1198 757 yar.
1221 670 1347 735 παθῶν

205 776 383 841 nonnullae
423 777 631 862 reperiuntur
668 775 900 840 vocabulorum
941 776 1188 861 originationem
1222 796 1252 860 p.
1277 777 1345 851 8,8

204 874 312 968 μήτρα
336 873 454 963 ὑστέρα
477 876 606 968 caper,
630 903 660 967 p.
687 883 776 962 93,8
798 874 908 964 χόριον
931 872 1059 966 ἀγγεῖον
1080 873 1228 966 δεύτερον
1249 873 1345 944 ὕστε-

205 1008 260 1067 ρον
275 978 478 1072 πρόρρηγμα,
496 1007 527 1071 p.
541 988 598 1049 251
608 1033 615 1067 ,
627 988 664 1049 13
679 978 791 1068 μύλος,
808 1005 892 1070 quae
906 984 1137 1070 originationes
1153 982 1343 1048 adverbum

205 1088 275 1153 fere
299 1087 485 1173 conspirant
508 1109 581 1153 cum
604 1088 664 1169 eis,
687 1109 770 1173 quas
793 1088 923 1154 aliunde
946 1089 1113 1167 novimus,
1141 1086 1228 1152 unde
1253 1093 1345 1174 patet

204 1197 368 1256 auctorem
393 1192 479 1256 illius
503 1192 579 1257 libri
595 1194 799 1278 grammatici
815 1215 890 1258 esse
905 1192 1043 1259 eundem
1060 1192 1219 1257 Soranum
1231 1190 1343 1278 Ephe-

206 1294 289 1358 sium
313 1292 486 1376 medicum,
510 1296 564 1381 qui
588 1295 707 1360 librum
730 1293 808 1380 περὶ
831 1319 896 1382 pov.
919 1296 1044 1361 aedeis
1066 1293 1270 1381 conscripsit.

292 1398 384 1464 Inter
398 1420 455 1464 eos
468 1399 589 1480 fontes,
603 1400 658 1485 qui
674 1400 885 1485 fragmentae
900 1400 985 1465 libro
999 1399 1114 1465 Sorani
1125 1397 1201 1486 περὶ
1214 1392 1345 1486 φύσεως

205 1495 396 1587 ἀνθρώπου,
412 1503 466 1587 qui
478 1524 564 1567 nunc
577 1502 674 1588 vulgo
685 1499 895 1588 ἐιυμολογίαι
906 1508 967 1570 τοῦ
977 1498 1131 1588 σώματος
1140 1504 1200 1569 τοῦ
1213 1496 1344 1587 ἀνθρώ-

204 1629 272 1672 που
294 1606 498 1688 inscribitur,
526 1607 702 1693 desumpta
724 1615 994 1689 asservauerunt,
1022 1609 1124 1694 primo
1148 1608 1218 1672 loco
1241 1606 1343 1671 norni-

206 1708 348 1774 nandum
377 1717 428 1774 est
450 1709 713 1796 Etymologicum
738 1710 898 1776 Orionis
922 1711 1120 1791 Thebani,
1149 1711 1204 1797 qui
1233 1731 1343 1796 gram

205 1815 343 1879 maticus
367 1814 472 1879 medio
496 1815 565 1879 fere
589 1816 720 1880 saeculo
739 1838 769 1902 p.
787 1814 862 1880 Ohr.
880 1838 910 1882 n.
928 1817 1040 1902 quinto
1062 1817 1191 1881 lexicon
1209 1815 1344 1880 erariis

206 1918 335 2005 scriptis
374 1919 579 2005 antiquorum
616 1920 902 2005 grammaticorum
936 1921 982 1984 ita
1017 1920 1275 2000 consarcinavit,
1307 1926 1344 1984 ut

205 2023 289 2087 intra
320 2023 575 2108 uniuscuiusque
605 2024 734 2090 litterae
767 2024 849 2089 fines
885 2046 950 2089 non
984 2032 1135 2111 respecto
1160 2024 1343 2089 litterarum

206 2126 319 2193 ordine
350 2149 433 2214 quae
463 2150 505 2193 ex
535 2149 600 2192 uno
631 2128 812 2214 eodemque
841 2129 931 2195 sonte
959 2130 1171 2216 decerpserat
1205 2128 1344 2194 frustula

205 2230 362 2318 deinceps
410 2233 442 2297 in
488 2233 705 2318 etymologica
746 2233 916 2320 proferret.
988 2234 1104 2320 Itaque
1148 2232 1342 2319 disquisitio,

205 2358 365 2422 quaenam
396 2339 607 2404 frustulorum
635 2341 668 2405 in
692 2340 821 2406 Orionis
850 2341 956 2407 lexico
985 2341 1184 2407 exstantium
1215 2340 1342 2405 Sorano

205 2439 419 2523 deberentur,
447 2443 601 2508 facillime
631 2450 721 2510 esset
750 2444 967 2526 instituenda,
999 2446 1062 2511 nisi
1091 2445 1239 2531 pluribus
1262 2444 1343 2508 locis

207 2546 303 2628 ordo,
344 2546 397 2632 qui
441 2548 515 2612 olim
556 2549 661 2614 inerat
703 2550 736 2613 in
775 2551 1008 2635 etymologica,
1050 2548 1147 2615 laede
1191 2549 1343 2614 turbatus

206 2657 313 2729 esset,
351 2652 442 2716 cuius
469 2651 726 2739 perturbationis
756 2673 871 2719 causas
907 2655 1153 2718 accuratissime
1188 2651 1344 2717 indicarit

204 2753 365 2819 Kleistius
394 2756 427 2821 in
449 2759 732 2839 commentatione,
757 2779 843 2844 quae
865 2757 1069 2822 inscribitur:
1093 2755 1144 2822 De
1167 2755 1342 2821 Philoxeni

208 2860 412 2943 grammatici
435 2861 652 2926 Alexandrini
676 2861 790 2926 studiis
814 2861 1041 2948 etymologicis
1064 2883 1096 2948 p.
1119 2863 1159 2924 25
1184 2881 1253 2946 sqq.

294 2963 422 3031 Deinde
448 2966 609 3032 laudanda
630 2973 705 3032 sunt
727 2966 1012 3052 Etymologica
1034 2965 1237 3050 Magnum,
1262 2962 1340 3028 Gu-

203 3064 386 3148 dianum,
410 3070 615 3151 Zonaras,
646 3093 728 3157 quae
751 3072 903 3157 quoniam
931 3070 1089 3155 integrius
1113 3076 1244 3134 servata
1267 3074 1342 3133 sunt

205 3190 300 3254 quam
326 3170 442 3253 Orion,
475 3195 573 3260 saepe
604 3173 644 3237 ad
673 3171 868 3259 corrigenda
898 3179 932 3237 et
955 3170 1106 3257 augenda
1130 3169 1275 3235 Soranea
1299 3169 1341 3233 ab

205 3273 327 3339 Orione
351 3275 498 3341 exhibita
521 3277 712 3343 inserviunt.

287 3378 358 3444 Nec
382 3401 487 3467 pauca
515 3381 668 3461 frustula,
697 3402 781 3468 quae
805 3379 884 3445 alibi
907 3379 1027 3444 frustra
1049 3400 1201 3464 quaeras,
1229 3379 1342 3441 insunt

203 3482 232 3545 in
259 3483 433 3549 scholiis
457 3484 504 3549 ad
520 3475 616 3550 Rufi
632 3484 840 3571 Ephesii¹)
863 3484 981 3550 medici
997 3484 1142 3549 libellum
1165 3478 1242 3565 περὶ
1267 3473 1341 3548 ὀνο-

203 3583 329 3670 μασίας
351 3593 416 3654 τῶν
437 3591 497 3655 τοῦ
519 3584 673 3673 σώματος
694 3585 819 3674 μορίων
841 3586 993 3667 adiectis,
1017 3611 1100 3675 quae
1124 3592 1250 3653 tantum
1274 3607 1339 3650 non

203 3691 312 3756 omnia
334 3691 376 3756 ad
400 3691 558 3758 Soranum
583 3700 750 3759 auctorem
778 3693 885 3758 redire
915 3694 991 3759 inde
1015 3692 1139 3773 elucet,
1170 3688 1256 3777 quod
1283 3695 1345 3754 aut

200 3879 399 3951 Ἱπποκράτους,
417 3880 561 3935 ἐπίστασαι
575 3881 706 3951 subpressi
725 3881 811 3936 τεκαὶ
829 3881 985 3952 'nespilae
1002 3880 1046 3933 καὶ
1066 3879 1100 3933 ut
1115 3881 1162 3935 rod
1173 3877 1340 3950 Ἡρωδιανοῦ

201 3964 245 4018 καὶ
261 3965 292 4018 ut
311 3969 358 4021 rori
373 3967 519 4039 Τρύφωνος
536 3967 582 4021 καὶ
601 3967 635 4022 tri
653 3971 702 4022 τοῦ
719 3968 864 4039 Ἡροδότου
882 3967 928 4021 καὶ
946 3967 980 4022 tri
999 3967 1229 4035 scalmorum...
1240 3963 1274 4019 ari
1286 3967 1340 4036 μὲν

200 4050 257 4122 γάρ
269 4039 344 4113 οἶδας
356 4054 392 4113 ὠς
404 4053 501 4125 ἰατρό
508 4074 533 4120 ς,
553 4052 586 4109 tri
602 4055 633 4108 ct
646 4055 681 4115 ὥς
697 4055 945 4126 γραμματικός,
964 4055 997 4108 ul
1010 4055 1040 4107 δὲ
1057 4054 1092 4113 eis
1104 4053 1257 4125 μηχανικός
1270 4093 1337 4106 .....

273 4143 293 4207 ¹)
312 4140 434 4195 Oeuvres
452 4141 486 4195 de
506 4141 593 4196 Rufus
611 4141 637 4195 d’
657 4128 765 4211 Ephese
783 4143 825 4196 ed.
839 4141 1123 4211 nuremberg-ausus
1141 4139 1239 4209 (Paris.
1259 4140 1338 4207 1879)

201 4242 265 4296 pag.
283 4226 429 4280 237-241.
