2962 4800
220 245 240 304 8
751 238 820 321 [64]

219 432 408 516 Respondet
431 453 555 496 servus:
580 431 618 495 Si
639 433 724 494 intus
747 436 833 512 esset,
856 450 1016 494 evocarem
1031 430 1050 493 i.
1068 452 1096 494 e.
1113 428 1152 495 ‘si
1171 433 1268 498 intus
1287 442 1385 517 esset,

220 535 427 601 iamdudum
451 556 524 598 eum
548 532 747 600 evocassem'.

326 640 374 702 Ao
396 640 502 702 nescio
526 658 567 701 an
590 636 711 701 nullum
734 636 886 701 eiusmodi
903 638 1085 721 exemplum
1101 639 1198 721 apud
1216 640 1382 705 Plautum

221 742 419 824 inveniatur,
463 741 537 825 quin
573 743 670 805 statui
706 742 806 824 possit
842 740 1063 823 imperfectum
1101 744 1315 807 coniunctivi
1351 746 1382 809 in

219 845 353 929 epodosi
376 845 481 929 aliquo
506 844 599 908 modo
622 851 766 926 spectare
790 843 830 907 ad
855 843 1012 908 actionem
1034 846 1270 928 praeteritam.

316 947 386 1014 <Sed
417 946 482 1026 his,
511 947 551 1010 de
582 947 698 1030 quibus
729 947 825 1011 modo
855 946 1010 1029 diximus,
1041 947 1208 1031 exemplis
1243 951 1378 1016 omissis

220 1052 330 1116 novies
354 1048 418 1132 (vel
443 1051 566 1131 decies3
597 1050 635 1112 cf.
658 1051 774 1116 Bacch.
798 1053 860 1114 486
884 1050 965 1114 infra
986 1050 1075 1113 initio
1102 1055 1317 1138 paragraphi
1342 1053 1379 1136 2)

220 1154 365 1219 videmus
386 1155 451 1236 legi
468 1155 704 1218 coniunctivum
720 1153 809 1237 impf.
826 1155 879 1230 ita,
898 1160 933 1217 ut
948 1154 1119 1238 perspicua
1135 1154 1182 1218 sit
1198 1157 1378 1239 praeteriti

219 1258 306 1319 notio
324 1259 390 1321 sive
414 1258 445 1320 in
466 1263 601 1341 utroquo
623 1265 715 1340 parto
738 1258 893 1321 enuntiati
915 1257 982 1321 sive
1004 1257 1036 1320 in
1061 1256 1213 1339 apodosi.
1262 1257 1377 1324 Vicies

220 1368 326 1424 autern
349 1361 394 1425 sic
417 1360 568 1443 leguntur
590 1361 791 1439 coniunctivi,
819 1357 1026 1446 ut'temporis
1054 1361 1240 1442 praesentis
1274 1364 1377 1446 signi·

219 1463 324 1527 ficatio
348 1471 405 1528 aut
427 1470 594 1547 appareat,
624 1471 688 1545 aut,
718 1471 825 1527 utrum
848 1462 1022 1549 praesentis
1051 1482 1092 1524 an
1120 1465 1302 1545 praeteriti
1329 1467 1376 1529 vis

219 1567 302 1649 insit,
325 1566 489 1631 diiudicari
511 1588 574 1631 non
598 1568 707 1652 possit.

753 1851 824 1932 §2

323 2005 394 2068 Iam
415 2026 454 2068 ea
475 2006 704 2090 perlustramus
720 2006 885 2071 enuntiata
904 2006 1142 2088 conditionalia,
1165 2030 1313 2093 quorum
1336 2014 1367 2077 in

220 2109 341 2191 protasi
363 2108 557 2192 imperfecti,
582 2111 613 2172 in
636 2110 771 2193 epodosi
801 2109 1104 2194 plusquamperfecti
1135 2115 1368 2180 coniunctivus

218 2211 346 2294 legitur.
392 2211 443 2275 Ex
473 2212 522 2275 his
552 2213 714 2297 praeteriti
744 2213 906 2276 notionem
935 2213 967 2275 in
1000 2212 1187 2297 imperfecto
1221 2237 1305 2300 prae
1330 2241 1365 2284 se

218 2315 325 2379 ferunt
347 2314 440 2379 haec:

218 2443 333 2508 Bacch.
357 2446 420 2509 486
474 2445 558 2525 Quid
580 2453 671 2529 opust
693 2446 815 2511 uerbis?
832 2450 861 2510 ci
877 2450 1018 2531 opperiri
1032 2448 1166 2512 uellem
1186 2450 1363 2534 paulisper

1147 2553 1253 2634 modo,

479 2651 520 2714 Ut
543 2654 634 2734 opiuo
658 2654 745 2718 illius
767 2655 966 2736 inspectandi
981 2657 1025 2718 mi
1042 2662 1116 2718 essct
1131 2656 1239 2719 maior
1254 2659 1362 2740 copia,

474 2754 554 2819 Plus
574 2756 731 2838 vidissem,
753 2776 849 2838 prtum
871 2758 1000 2839 deceret,
1022 2776 1114 2838 qumu
1129 2778 1176 2820 mc
1192 2765 1288 2839 atquc
1304 2761 1362 2824 illo

1003 2879 1129 2943 aequom
1142 2862 1248 2945 foret.

215 3089 301 3154 illius
317 3088 409 3154 codd.
451 3109 481 3154 v.
498 3090 561 3153 488
584 3091 732 3155 uidisse-m
749 3092 904 3174 Palatini3
928 3092 983 3157 sed
1007 3092 1188 3156 uiderem
1204 3093 1360 3178 Guyetus

215 3192 449 3276 (probabiliter,
484 3194 567 3257 conf.
598 3193 615 3275 ξ
649 3192 682 3272 1)
716 3193 812 3278 idque
846 3194 1013 3259 confirmat
1045 3194 1162 3259 codicis
1193 3195 1226 3257 A
1258 3196 1359 3264 lectio

214 3294 486 3359 Studemundiana
509 3295 753 3363 UIDEEREM.
800 3298 959 3384 Deinceps
986 3317 1080 3380 quruu
1110 3299 1230 3364 deceret
1258 3318 1356 3382 qrram

213 3420 260 3462 mc
283 3405 374 3479 utque
395 3400 450 3463 illo
474 3398 576 3474 codd,
600 3401 712 3484 opinor
734 3419 826 3482 quum
850 3400 950 3485 rnc<cl>
978 3408 1068 3482 utque
1089 3399 1192 3485 illo<c>
1215 3402 1359 3489 Ritsclrl,

213 3500 348 3584 (rursm),
371 3504 494 3586 opinor,
519 3521 610 3583 qtrom
634 3512 793 3585 meatque
816 3505 870 3569 illo
892 3505 1092 3572 Fleckeisen.

213 3629 299 3696 Rud.
322 3632 385 3694 590
662 3634 700 3697 Si
721 3635 857 3698 inuitare
878 3657 935 3700 uos
954 3637 1118 3719 paulisper
1135 3648 1359 3723 perperct,

470 3734 591 3798 loiron
616 3735 883 3802 obdormiscamus.

214 3835 311 3900 Stich.
337 3840 399 3901 742
473 3837 707 3922 Moriperabor,
730 3861 814 3904 meac
836 3841 981 3906 deliciae:
1004 3863 1079 3905 uam
1101 3843 1147 3906 ita
1169 3865 1218 3907 mc
1247 3845 1360 3913 Venus

1001 3964 1131 4008 amorim
1152 3953 1247 4027 amet,

477 4044 517 4108 Ut
540 4065 595 4128 epo
618 4045 677 4107 leuc
693 4048 759 4109 tuuc
775 4047 895 4110 clusium
919 4049 1026 4112 simitu
1049 4049 1176 4112 exissem
1193 4049 1357 4118 vobiscum

1134 4151 1249 4236 forus,

471 4249 545 4326 Nisi
568 4273 614 4323 mc
638 4251 719 4318 cobis
741 4273 998 4319 exornarem.
