2956 4822
670 320 761 404 [215]
1076 327 1081 334 ·
1270 327 1286 389 r

150 515 288 597 spatium
328 534 458 598 operam
493 513 650 598 impendi,
685 512 766 578 hano
800 521 919 578 certam
955 516 1061 597 legem
1097 538 1115 578 a
1150 516 1288 579 Pindaro

151 616 351 682 observatam
383 639 454 682 esse
486 617 647 697 intellexi,
684 617 771 681 cuius
806 618 992 682 memoriam
1026 620 1170 684 homiues
1203 620 1289 683 docti

149 720 287 787 nondum
312 722 525 786 resuscitasse
545 721 692 785 videntur
716 719 755 782 ad
778 720 940 803 ingentem
964 721 1052 784 illum
1076 720 1288 806 epithetorum

41 857 44 862 ·
151 833 183 891 et
219 824 548 908 circumscriptionem
583 844 751 889 numerum
786 824 1028 908 explicandum,
1063 846 1125 910 quo
1158 825 1289 894 Pindari

154 930 256 994 oratio
281 929 453 1011 conspicua
476 936 535 992 est.
575 927 636 1002 Qui
659 948 723 991 uon
746 928 841 991 modo
859 949 1018 1012 nunquam
1036 928 1180 1009 verbum,
1204 931 1288 1014 quod

150 1033 288 1118 aliquam
304 1032 335 1095 in
355 1033 520 1096 enuntiato
539 1033 599 1096 vim
616 1031 758 1105 haberet,
784 1033 830 1095 his
846 1032 898 1095 vel
914 1033 1041 1118 saepius
1056 1034 1139 1096 intra
1154 1034 1289 1098 eandem

150 1136 317 1220 stropham
348 1135 526 1220 epodamve
562 1135 685 1219 posuit,
720 1134 774 1198 sed
811 1136 905 1200 etiam
941 1157 1011 1199 cum
1046 1136 1288 1218 diligentissime

151 1251 297 1318 caveret,
330 1261 370 1303 ne
395 1242 477 1304 intra
501 1239 585 1302 idem
609 1239 761 1322 strophae
782 1239 1003 1323 antistrophae
1030 1240 1126 1323 epodi
1149 1248 1288 1324 systema

152 1344 262 1409 eadem
297 1365 362 1408 vox
395 1343 447 1408 vel
483 1343 578 1407 dictio
613 1350 827 1429 repeteretur,
868 1342 1199 1409 circumlocutionibus
1236 1344 1287 1410 vel

151 1448 299 1530 epithetis
323 1468 380 1533 pro
404 1446 586 1512 nominibus
608 1447 683 1531 ipsis
706 1446 896 1531 plerumque
919 1446 965 1510 uti
988 1448 1111 1513 maluit.

255 1550 349 1615 Hanc
373 1552 470 1636 igitur
493 1553 598 1634 legem
621 1550 798 1614 accuratius
827 1549 887 1613 hac
917 1549 1186 1614 commentatione
1214 1570 1288 1615 con·

155 1654 294 1720 siderare
318 1675 435 1740 operae
459 1655 595 1739 pretium
620 1653 744 1719 videtur
767 1675 847 1719 esse.

686 1897 754 1978 tl·

239 2037 287 2101 Ac
309 2037 444 2121 primum
469 2036 600 2121 quidem
616 2035 792 2115 videamus,
815 2041 970 2121 quatenus
986 2043 1082 2122 poeta
1098 2034 1226 2111 caverit,
1249 2056 1289 2100 ne

150 2141 299 2221 locum,
323 2139 392 2204 ubi
416 2142 515 2205 victor
540 2140 746 2205 celebrandus
770 2142 801 2204 in
825 2142 1048 2206 certaminibus
1068 2139 1287 2205 victoriam

152 2243 326 2330 adeptus
349 2254 432 2322 erat,
456 2245 504 2309 bis
527 2244 642 2310 eodem
666 2246 793 2308 nomine
816 2245 1002 2329 appellaret.
1038 2244 1131 2319 Quod
1150 2243 1289 2308 maxime

154 2369 193 2411 ex
217 2349 318 2413 trihus
342 2349 449 2434 primis
473 2349 663 2413 carminibus
679 2349 853 2433 Olympicis
877 2349 1018 2433 intellegi
1034 2356 1151 2433 potest,
1173 2348 1289 2435 quippe

153 2452 184 2515 in
209 2452 323 2537 quibus
347 2442 680 2517 res'OLYlll’loAE
704 2453 743 2515 de
765 2452 921 2517 industria
951 2473 988 2517 ac
1016 2452 1121 2517 studio
1153 2451 1289 2538 quodam

153 2556 318 2641 expositae
351 2557 421 2620 sint.
472 2555 524 2620 Ita
556 2559 585 2619 in
620 2557 757 2620 carmine
787 2555 955 2642 Olympico
986 2558 1087 2641 primo
1121 2563 1290 2641 postquam

151 2659 237 2724 inv.
263 2661 302 2723 ll
327 2661 367 2724 ab
391 2662 459 2745 ipso
483 2662 612 2724 nomine
636 2661 805 2745 Olympiae
836 2660 959 2724 initium
991 2661 1093 2744 cepit,
1124 2660 1155 2722 in
1186 2681 1216 2725 v.
1250 2661 1288 2722 18

152 2764 311 2827 Pindarus
351 2763 486 2827 eundem
524 2764 629 2827 locum
668 2764 774 2827 Pisam
813 2764 1003 2848 appellavit,
1044 2785 1116 2828 cum
1153 2763 1184 2826 in
1223 2783 1287 2827 uno

152 2873 328 2953 systemate
350 2866 391 2930 ad
422 2868 505 2930 idem
533 2866 722 2932 vocabulum
751 2888 914 2932 recurrere
945 2867 1055 2931 nollet.
1100 2867 1175 2932 Pisa
1208 2866 1290 2930 anim

154 2970 228 3035 urbs
253 2971 425 3056 Olympiae
449 2971 552 3034 vicina
574 2972 637 3034 iam
661 2992 744 3035 anno
770 2970 1025 3055 quingentesimo
1049 2969 1289 3054 septuagesimo

152 3083 225 3158 post
248 3075 414 3139 diuturnas
437 3095 560 3160 pugnas
584 3075 625 3138 ab
648 3074 734 3139 Eleis
765 3082 834 3138 erat
866 3075 971 3139 deleta
1001 3095 1104 3158 nsque
1135 3074 1166 3137 hi
1191 3074 1288 3158 patie-

155 3182 269 3244 bantur
287 3200 400 3243 novam
419 3180 529 3242 urbem
547 3179 718 3244 aedificari.
757 3179 883 3243 Posteri
899 3186 1008 3243 autem
1024 3185 1140 3262 poetae
1157 3185 1291 3263 utraque

154 3284 279 3347 ratione
303 3284 436 3346 confusa
460 3291 491 3347 et
514 3285 615 3347 mixta
638 3304 754 3347 nomen
770 3282 847 3346 illud
864 3283 1035 3346 servabant
1050 3281 1089 3344 ad
1107 3282 1289 3366 Olympiam

153 3387 404 3470 significandam.
450 3385 512 3450 Sed
544 3387 606 3451 iam
637 3386 804 3451 videamus
836 3396 952 3450 cetera.
997 3385 1035 3449 Iu
1065 3408 1095 3450 v.
1131 3386 1214 3450 cuim
1238 3386 1290 3467 20,

152 3490 205 3553 ubi
229 3488 269 3552 de
293 3490 469 3554 Pheronico
497 3492 617 3574 agitur,
649 3492 701 3575 qui
733 3512 833 3576 equus
859 3489 993 3554 Hieroni
1027 3491 1094 3571 regi
1125 3489 1290 3552 victoriam

156 3600 416 3679 comparaverat,
447 3615 504 3678 pro
536 3594 660 3658 nomine
685 3593 854 3677 Olympiae
878 3592 1037 3657 Pindarus
1060 3613 1178 3656 canons
1203 3584 1288 3673 ,uao'

129 3708 130 3711 ’
151 3696 279 3784 Ἀλφεῷ
295 3695 386 3760 oded
414 3695 530 3781 (prope
547 3697 707 3780 Alpheum
727 3697 879 3776 cucurrit)
897 3695 1057 3760 substituit
1071 3695 1215 3777 fluvium,
1239 3695 1293 3779 qui

156 3803 300 3885 proximo
324 3801 504 3886 Olympiam
528 3801 736 3885 praeterfluit.
783 3799 892 3874 Quid?
915 3798 999 3883 quod
1023 3801 1131 3862 statim
1154 3798 1185 3862 in
1204 3818 1233 3862 v.
1250 3800 1291 3860 24

153 3905 262 3984 triana
287 3901 374 3971 diFos
397 3901 484 3980 κλέος
507 3905 539 3967 ἐν
562 3900 679 3985 sddvopc
698 3905 807 3966 Λυδοῦ
828 3900 963 3979 Πέλοπος
986 3901 1105 3989 α’ποικίᾳ
1131 3900 1292 3986 (splendet

156 4018 264 4072 autom
288 4008 354 4072 eius
380 4006 559 4090 [Hieronis]
583 4008 684 4091 gloria
708 4009 738 4070 in
763 4008 936 4093 praestanti
961 4006 1034 4069 viris
1057 4005 1140 4090 Lydi
1162 4005 1292 4090 Pelopis

155 4112 292 4192 colonia)
318 4133 398 4177 novo
426 4112 557 4175 artificio
584 4111 752 4197 Olympiae
775 4132 892 4174 nomeu
923 4107 1080 4173 redditum
1111 4110 1183 4172 est?
1228 4107 1292 4173 Ubi

259 4289 266 4320 ¹
305 4285 416 4337 Numeri
449 4285 547 4337 adiecti
584 4289 647 4336 sunt
684 4283 832 4337 secundum
870 4281 1018 4335 editionem
1051 4282 1291 4335 Mommseoiauanr

156 4372 286 4423 minorem
308 4368 407 4433 (litut).
