2954 4808
659 310 749 397 [rar]

481 559 554 641 §2-
599 527 930 623 rursusnonuu.

436 749 484 801 ΒΕ
503 747 728 802 Iussusucsl
750 747 976 801 tumeamus

241 923 278 987 In
312 923 498 1008 imperfecto
533 922 715 1006 usurpando
753 923 942 988 Ammianus
980 922 1165 1007 saepissime
1202 940 1274 985 cum

137 1029 275 1114 optimas
297 1027 463 1092 latinitatis
487 1027 694 1112 scriptoribus
722 1028 890 1094 consentit.
937 1025 1071 1091 Constat
1100 1027 1132 1089 in
1160 1027 1275 1109 imper·

137 1132 221 1196 festo
248 1132 351 1196 inesse
380 1132 541 1196 notionem
570 1130 785 1196 diuturnitatis
808 1139 841 1195 et
873 1130 1110 1217 perpetuitatis;
1143 1127 1276 1215 quade

138 1257 235 1300 eausa
257 1234 297 1301 ad
321 1236 390 1299 illas
413 1255 464 1300 res
481 1232 674 1299 enarrandas
691 1242 787 1320 atque
803 1234 1027 1301 describendas
1051 1234 1112 1299 hoe
1131 1240 1275 1319 ternpore

139 1329 268 1419 utimur,
292 1361 369 1425 quas
393 1339 524 1404 durasse
547 1345 603 1402 aut
625 1359 722 1423 saepe
749 1340 901 1425 repetitas
932 1361 1003 1405 esse
1035 1338 1178 1402 dicimus.
1223 1335 1275 1401 Ex

139 1442 197 1507 hac
220 1443 437 1508 diuturnitatis
461 1443 592 1507 notione
618 1444 771 1528 sequitur,
803 1450 838 1506 ut
870 1441 1090 1527 imperfectum
1124 1440 1275 1526 imprimis

138 1547 414 1611 accommodatum
428 1548 470 1610 sit
482 1545 522 1611 ad
535 1566 649 1626 mores,
664 1547 818 1623 instituta,
835 1548 905 1611 loca
923 1545 1140 1626 describenda,
1157 1544 1276 1630 quippe

139 1670 272 1735 quorum
297 1655 398 1714 status
422 1658 455 1714 et
478 1648 623 1714 condicio
644 1649 759 1714 durare
775 1651 908 1714 soleant.
956 1651 1110 1729 17.s,10
1132 1648 1276 1730 ungulus

137 1752 261 1818 litterae
283 1754 419 1838 singulis
441 1752 619 1817 umninibus
640 1752 816 1818 sarriebant
837 1760 866 1818 et
887 1751 1007 1833 aerbis,·
1027 1773 1091 1817 non
1105 1771 1274 1837 numquam

137 1855 360 1942 baumeolum
381 1859 523 1942 integros
544 1876 661 1922 sensam.

242 1959 369 2026 Deinde
391 1960 611 2045 imperfectum
633 1960 799 2025 relativam
824 1961 1086 2045 significationem
1109 1959 1152 2024 ita
1168 1959 1275 2042 habet,

139 2073 174 2131 ut
188 2064 388 2150 potissimam
400 2085 513 2129 causas
528 2084 634 2128 rerum
649 2070 810 2149 gestarum
832 2070 864 2128 et
879 2072 1056 2150 temporum
1074 2064 1275 2129 condiciones

138 2169 306 2254 exprimat,
330 2169 448 2254 quippe
471 2188 554 2253 quae
577 2169 638 2232 iam
662 2177 729 2233 tum
753 2168 910 2234 valuerint
934 2176 966 2233 et
985 2167 1180 2249 duraverint,
1204 2187 1275 2231 cum

138 2273 213 2338 illae
236 2294 286 2337 res
309 2273 376 2356 geri
400 2280 532 2358 coeptae
556 2279 639 2338 sunt.
683 2275 734 2337 21.
759 2276 788 2354 l,
814 2277 896 2336 1-4
922 2272 1098 2338 Intercluso
1128 2271 1188 2337 leue
1218 2270 1276 2335 bel

138 2378 240 2442 larum
271 2376 398 2462 difficili
426 2382 511 2440 sorte
540 2375 797 2458 constantim...
820 2375 971 2442 Iulianus
984 2427 1011 2442 ..
1028 2427 1035 2442 .
1050 2375 1277 2460 formidaretis

137 2480 173 2545 in
191 2481 311 2564 futuru
333 2481 471 2545 consiliis
492 2480 558 2546 dies
579 2481 766 2565 impendebat
792 2487 821 2545 el
851 2487 964 2546 noctes.
1011 2479 1130 2544 Narrat
1159 2478 1276 2545 deinde

140 2584 326 2649 Ammianus
345 2583 503 2648 Iulianum
526 2583 580 2648 diu
603 2585 818 2669 ambigentem
841 2585 950 2664 fuisse,
974 2589 1078 2648 utrum
1102 2605 1172 2648 eum
1193 2580 1276 2647 (lon-

138 2690 253 2750 stantio
273 2708 384 2771 pacem
401 2687 530 2767 faceret,
554 2709 594 2751 an
611 2709 682 2752 euni
701 2688 796 2772 copiis
814 2686 1056 2771 aggrederetur,
1080 2695 1147 2751 tum
1164 2707 1276 2750 causas

139 2797 320 2868 enumerat,
353 2810 408 2854 eur
438 2798 503 2853 tarn
532 2790 586 2855 diu
618 2790 828 2856 dubitaverit:
863 2788 950 2872 ‘quae
971 2791 1103 2855 sollicite
1124 2795 1277 2875 reputans

139 2900 304 2975 utrumque
324 2893 546 2978 formidabat,
576 2902 605 2959 et
633 2897 770 2959 arnienm
803 2901 964 2959 cruentum
994 2901 1023 2957 el
1051 2895 1085 2958 in
1115 2895 1277 2958 aerumnis

140 2995 282 3062 ciuilibus
302 3016 395 3081 saepe
416 2994 584 3064 uictorem'

243 3100 347 3186 Saepe
369 3101 589 3186 imperfectum
614 3098 804 3165 collocatum
826 3099 979 3179 videmus,
1010 3100 1064 3163 ubi
1090 3100 1224 3184 scriptor
1245 3107 1277 3164 et

138 3205 207 3290 ipse
230 3206 261 3268 in
285 3203 380 3271 rebus
403 3204 569 3270 narrandis
592 3205 683 3290 quasi
708 3214 850 3270 moratur
873 3216 905 3270 et
928 3205 1055 3270 lectoris
1077 3205 1218 3269 animum
1245 3206 1276 3269 in

138 3311 176 3375 iis
200 3312 243 3375 ita
267 3310 383 3374 versari
416 3318 448 3374 et
477 3309 650 3375 subsistere
673 3309 751 3387 vult,
779 3319 815 3373 ut
846 3331 900 3375 ess
929 3310 974 3374 illi
1002 3310 1091 3395 quasi
1122 3310 1276 3394 picturam

139 3420 214 3478 ante
249 3412 359 3477 oculos
393 3419 501 3496 ponat.
555 3411 626 3485 Quo
662 3413 712 3491 fit,
747 3419 783 3477 ut
814 3412 1003 3476 Ammianus
1037 3433 1091 3477 eas
1125 3413 1276 3489 actiones,

140 3536 273 3602 quarum
295 3516 465 3598 imaginem
489 3516 548 3580 sibi
571 3517 641 3601 ipse
664 3515 796 3599 effingit,
829 3517 861 3580 in
885 3516 998 3600 quibus
1023 3516 1091 3600 ipse
1114 3524 1221 3579 mente
1245 3525 1278 3580 et

140 3620 332 3704 cogitatione
361 3628 524 3698 versatur,
555 3640 612 3704 per
640 3620 862 3705 imperfectum
894 3620 1047 3685 enuntiet.
1096 3624 1144 3684 17.
1177 3623 1226 3701 10,
1257 3623 1276 3685 s

139 3730 167 3789 et
190 3727 242 3788 ira
265 3725 392 3806 quisqm
409 3725 552 3808 percitus
575 3731 774 3788 armatorum
798 3723 908 3788 urebat
931 3744 1038 3809 apres,
1059 3744 1176 3808 pecora
1198 3724 1277 3788 aliri-

137 3829 241 3913 piebat
264 3835 293 3893 et
313 3828 460 3908 leminea,
482 3829 716 3909 resistentesque
737 3830 804 3893 sine
824 3829 892 3892 ullu
913 3830 1112 3912 parsimonia
1130 3835 1277 3892 contrun-

140 3933 247 4011 cabat3
278 3935 329 3996 21.
365 3933 412 4009 12,
444 3934 483 3996 13
512 3931 555 3995 m
578 3932 704 4013 quidum
734 3934 826 3997 elatis
855 3953 951 4016 super
982 3935 1089 4018 capilo
1119 3934 1217 3997 santis
1242 3939 1278 3996 ut

137 4038 316 4123 puqrratnri
338 4037 444 4116 leuius,
468 4036 527 4101 olii
548 4036 687 4102 ualentes
709 4038 826 4102 umeris
848 4044 883 4101 ut
906 4043 1000 4101 antea
1028 4038 1133 4101 saulus
1146 4036 1277 4121 serven·

139 4143 220 4222 tique
235 4143 351 4225 impetu
362 4149 598 4224 procurrentes,
609 4148 741 4226 pectora
756 4143 999 4225 multiformium
1014 4143 1147 4207 telorum
1164 4141 1277 4207 ictibus

140 4245 343 4329 exponebant.
379 4246 438 4311 ulii
453 4246 605 4329 serratas
619 4254 789 4330 portarum
805 4245 902 4311 obices
924 4246 1141 4330 effringendas
1161 4246 1278 4328 adorti,

139 4349 225 4414 ultre
236 4347 362 4433 ignibus
372 4350 570 4435 petebantur,
586 4352 631 4415 ael
645 4353 733 4415 saxis
749 4348 924 4414 muralibus
935 4348 1125 4434 oppetebant.
1150 4350 1278 4432 quidam
