2970 4814
202 312 266 372 aav
640 347 678 356 -
727 306 814 394 [roa]
862 345 903 356 -

287 500 426 565 Accedit
457 502 607 565 alterurn.
662 498 800 564 Constat
829 499 915 564 enim
946 498 1102 563 Orionem
1133 499 1338 581 Thebanum,

200 606 253 689 qui
277 603 383 670 medio
407 604 477 669 fere
500 626 532 690 p.
555 603 632 668 Ohr.
656 625 687 667 n.
710 604 841 668 saeculo
865 603 976 689 quinto
1004 602 1036 667 id
1066 609 1117 668 est
1140 604 1245 668 altero
1268 603 1339 670 fere

200 709 253 773 vel
277 710 373 774 tortio
396 714 471 773 ante
495 707 664 771 Meletium
693 706 826 771 saeculo
855 727 898 771 ex
926 706 1148 793 compluribus
1175 728 1338 792 gramma-

199 813 272 877 ticis
296 812 560 898 Etymologicum
583 810 838 890 consarcinavit,
870 809 987 876 Sorani
1009 810 1112 895 ipsius
1136 808 1221 875 libro
1244 831 1339 875 usum

200 938 285 981 esse.
322 916 395 982 Nec
412 937 489 981 vero
507 916 639 993 scimus,
663 913 792 1000 quando
810 912 926 978 Sorani
949 914 1004 980 ille
1027 914 1112 979 liber
1129 914 1339 1001 etymologici

198 1020 384 1106 'argumenti
407 1020 551 1106 perierit.
605 1017 692 1083 Sane
724 1039 784 1104 per
811 1024 915 1083 totum
943 1018 1087 1084 medium
1110 1018 1197 1104 quod
1220 1018 1340 1085 dicitur

199 1145 316 1190 aevum
333 1145 430 1209 quam
448 1123 536 1187 clara
550 1122 649 1188 fuerit
666 1121 783 1188 Sorani
798 1120 946 1187 doctrina
969 1122 1063 1187 libris
1086 1144 1185 1187 manu
1209 1124 1339 1210 scriptis

199 1234 392 1314 propagata,
415 1227 496 1292 satis
519 1232 662 1303 constat3
687 1226 744 1292 cfr.
769 1247 798 1290 e.
822 1247 853 1311 g.
878 1226 1051 1310 epistolam
1075 1226 1226 1291 monachi
1250 1227 1339 1293 illius

202 1332 245 1398 ad
267 1332 455 1419 Leipsioten
478 1331 650 1397 undecimo
673 1353 705 1418 p.
730 1330 806 1395 Obr.
829 1351 859 1394 n.
884 1330 1016 1396 saeculo
1040 1331 1211 1417 scriptam,
1241 1351 1339 1417 quam

202 1458 300 1523 supra
317 1458 392 1523 pag.
409 1439 446 1501 13
460 1458 507 1521 sq.
519 1435 734 1502 laudavimus.
765 1435 834 1499 Nec
850 1456 930 1500 vero
941 1427 1123 1501 ‘Socrates’
1147 1435 1204 1501 ille
1220 1436 1262 1501 ab
1279 1438 1338 1517 eis,

202 1542 257 1628 qui
273 1540 508 1625 originationes
524 1541 664 1627 partium
688 1540 831 1626 corporis
850 1539 982 1605 humani
1001 1541 1179 1626 proferunt,
1197 1562 1335 1627 usquam

201 1642 368 1709 laudatur:
392 1643 426 1709 id
449 1650 583 1711 estnec
606 1645 638 1708 in
660 1643 890 1730 Etymologico
907 1643 1028 1730 Magno
1051 1665 1113 1710 nec
1136 1645 1169 1708 in
1186 1644 1338 1711 Gudiano

201 1769 262 1813 nec
289 1770 310 1813 a
332 1748 460 1813 Zonara
481 1769 542 1813 nec
572 1748 613 1813 ab
636 1746 805 1833 Hesychia
832 1767 894 1812 neo
924 1768 944 1811 a
970 1747 1107 1814 Polluce
1136 1769 1199 1814 nec
1222 1770 1242 1813 a
1264 1749 1339 1814 Rufi

204 1851 382 1917 scholiasta
405 1872 466 1918 nec
489 1852 530 1916 ab
554 1850 635 1916 aliis.

288 1955 405 2042 Itaque
436 1954 638 2021 confidenter
665 1954 792 2020 conicio
821 1956 854 2020 in
877 1956 896 2033 ξ
919 1959 938 2019 5
962 1954 1133 2021 Meletium
1165 1956 1338 2043 scripsisse

202 2052 366 2145 Σωρανὸς,
400 2081 465 2124 non
489 2055 678 2147 Σωκράτης,
707 2081 804 2146 quam
826 2059 999 2125 lectionem
1023 2059 1056 2124 in
1079 2059 1192 2127 codice
1215 2061 1338 2128 Baroc-

203 2162 298 2227 ciano
317 2166 373 2228 131
394 2162 453 2248 (A)
471 2164 603 2228 sacculo
621 2163 703 2228 XIV
719 2164 854 2229 ineunte
871 2163 1001 2249 scripto,
1025 2184 1068 2229 ex
1085 2185 1148 2250 quo
1164 2163 1339 2230 Oramerus

201 2269 327 2335 Meletii
351 2270 621 2356 praelationem¹)
646 2268 764 2351 edidit,
796 2271 842 2334 ita
874 2276 978 2335 ortam
1006 2291 1081 2336 esse
1111 2271 1274 2357 suspicor,
1303 2278 1340 2336 ut

204 2373 352 2438 indoctus
382 2373 535 2439 librarius
566 2375 746 2460 scripturae
775 2372 1003 2491 compendium
1026 2366 1178 2459 Σωρανὸς
1199 2375 1339 2439 nominis

204 2498 378 2563 perperam
412 2478 574 2558 solveret,
614 2498 688 2542 cum
722 2477 914 2563 praesertim
952 2478 985 2541 in
1018 2477 1037 2554 ξ
1066 2479 1085 2541 3
1127 2476 1341 2597 praecederet

197 2576 481 2670 Ἱπποκράτης,
513 2581 600 2668 quod
623 2603 741 2647 nomen
773 2581 875 2647 isdem
904 2583 1097 2647 terminatur
1122 2582 1238 2648 litteris
1266 2583 1339 2669 qui-

201 2687 263 2751 bus
287 2682 497 2774 Σωκράτης
504 2687 542 2772 ².)
587 2685 726 2751 Accedit
713 2684 835 2772 qtuod
853 2685 996 2751 Socratis
1020 2705 1140 2751 nomen
1164 2708 1237 2751 oum
1255 2687 1335 2753 Ora·

273 2869 292 2934 ¹)
314 2866 492 2942 Prooemium
515 2865 580 2920 libri
603 2865 697 2921 Melet'
677 2865 748 2920 trani
772 2865 802 2919 in
825 2864 891 2920 solis
914 2863 1056 2920 codicibus
1075 2867 1147 2921 Aet
1166 2866 1339 2935 WtVindo·

200 2952 328 3021 bonensi)
350 2955 489 3007 servatum
509 2954 558 3007 est

274 3053 296 3118 ²)
314 3050 355 3105 De
374 3049 537 3120 compendio
551 3050 672 3105 nominis
685 3049 810 3120 Σωρανός
822 3052 850 3104 et
863 3049 996 3103 similium
1009 3051 1058 3104 cfr.
1070 3050 1152 3120 Oreg.
1163 3050 1340 3106 Corinthium

201 3136 244 3192 ed.
263 3136 393 3191 Schaefer
414 3155 441 3206 p.
459 3137 511 3191 242
530 3136 571 3206 (in
590 3137 674 3204 adn).
697 3166 730 3186 -v
753 3135 889 3190 Similiter
906 3136 936 3190 in
955 3135 1156 3207 Etymologicis
1180 3136 1341 3208 saepissime

202 3241 251 3294 pro
271 3223 413 3283 φιλόξενος
430 3222 543 3277 nomine
560 3223 651 3277 multa
668 3222 726 3276 alia
743 3221 921 3291 reperiuntur
939 3223 1065 3287 nomina,
1087 3240 1160 3293 quae
1180 3223 1275 3278 omnia
1291 3241 1341 3294 per

203 3309 381 3364 librariorum
406 3308 614 3380 neglegentiam
634 3309 678 3363 vel
697 3306 838 3363 inscitiam
861 3308 891 3362 in
915 3309 1004 3364 lexico
1028 3309 1110 3364 illata
1131 3312 1211 3374 sunt,
1238 3309 1340 3365 veluti:

203 3397 246 3452 ut.
265 3395 336 3451 Gud.
355 3395 441 3459 3444
460 3395 620 3466 ψιλόδωρος.
657 3395 699 3449 ut.
719 3393 789 3449 Oud.
808 3394 927 3457 334,44:
952 3395 1064 3466 κολῳόν,
1082 3398 1157 3467 παρὰ
1176 3396 1207 3450 τό
1227 3396 1340 3462 κολοιός,

201 3483 265 3536 ὅδὲ
285 3481 446 3547 ψιλόπονος,
474 3480 550 3552 nupti
568 3480 600 3534 w*
623 3481 689 3547 κλῶ,
717 3480 819 3546 aldios,
847 3476 902 3534 dud
926 3484 975 3534 rori
996 3482 1051 3556 κλῷ
1073 3481 1143 3536 aurci
1160 3482 1340 3554 παράγωγήν.

138 3573 140 3576 ’
202 3570 275 3637 Quid
297 3569 373 3639 quod
400 3570 442 3624 Et.
467 3568 538 3624 Gud.
557 3568 616 3632 330,
634 3571 667 3623 12
692 3568 774 3621 eaor
791 3568 931 3638 quendam
956 3571 1063 3639 profert
1084 3573 1226 3625 auctorem
1250 3570 1340 3624 libelli

203 3656 366 3712 Philoxenai
388 3655 449 3727 περὶ
472 3654 683 3727 μονοσυλλάρων
707 3653 838 3727 ῥημάτων
855 3674 875 3709 s.
895 3674 920 3709 v.
938 3656 1061 3727 κναφεύς
1079 3677 1085 3712 :
1104 3654 1189 3717 οὕτως
1214 3655 1294 3716 Φίλος
1311 3657 1341 3710 ἐν

203 3746 240 3816 τῷ
257 3742 319 3815 περὶ
335 3742 547 3814 μονοσυλλάβων
564 3742 715 3814 <impetitori
750 3743 783 3796 In
802 3743 995 3814 Elymologn'co
1014 3743 1125 3798 Orionis
1146 3743 1190 3798 bis
1208 3742 1341 3798 laudatur

203 3829 292 3883 Φίλων
303 3830 418 3899 quidam
437 3829 467 3882 ἐν
484 3830 523 3901 τῷ
541 3827 602 3900 περὶ
613 3829 788 3900 Ἑλληνισμοῦ
799 3829 857 3898 (Or.
870 3831 912 3898 21,
922 3831 957 3885 25
971 3830 1026 3900 [ut.
1039 3831 1070 3885 G.
1083 3831 1125 3895 27,
1135 3830 1182 3900 51]
1201 3833 1230 3885 ab
1245 3829 1339 3886 Koeaii

202 3917 340 3986 uxeerpta
363 3934 378 3970 e
402 3915 461 3970 cod.
484 3915 553 3985 Reg.
572 3915 659 3970 Paris.
678 3916 748 3970 2630
771 3915 847 3986 apud
866 3915 911 3970 Or.
932 3917 1060 3985 185,18)‚
1084 3918 1169 3971 semel
1199 3917 1341 3985 Φιλονίδης

202 4004 233 4057 ἐν
250 4007 289 4075 τῷ
309 4002 372 4074 περὶ
388 4003 571 4074 Ἑλληνισμοῦ,
595 4020 712 4071 quorum
738 4003 881 4057 nominum
906 4007 1036 4059 neutrum
1060 4021 1110 4059 suo
1133 4005 1194 4060 loco
1216 4004 1339 4074 positum

204 4095 247 4145 est
264 4095 293 4145 et
311 4091 463 4167 tribushis
481 4090 549 4145 locis
572 4091 601 4145 in
622 4091 764 4151 φιλόξενος
785 4091 960 4146 mutandum.
1004 4093 1049 4147 Or.
1067 4093 1154 4156 21,25
1177 4091 1252 4146 enim
1273 4087 1339 4144 ‹iad-

202 4178 299 4236 λαστος
322 4177 450 4233 vocabuli
473 4176 690 4248 originationem
712 4176 860 4232 Philoxeni
884 4193 942 4233 esse
966 4196 1030 4239 oum
1052 4177 1165 4232 aliunde
1190 4180 1249 4232 tum
1274 4177 1340 4232 inde

203 4266 330 4334 apparat,
349 4263 424 4332 quod
444 4263 616 4318 circumdata
633 4263 738 4334 legitur
756 4263 852 4318 multis
871 4263 998 4318 frustulis
1018 4263 1204 4327 Philoxeneis3
1223 4264 1298 4332 quod
1316 4263 1340 4318 si
