3030 4816
697 281 786 366 [325]

305 475 348 540 Et
371 496 441 540 eam
461 477 591 558 plorare
612 495 716 558 arare,
739 483 774 540 ut
795 476 961 542 subueniat
982 479 1051 544 silei.

303 579 444 661 Quodsi
465 581 663 665 iutelleperet,
685 602 776 667 quom
798 585 881 647 stetit
902 586 976 649 olim
998 605 1094 669 noua,

303 685 433 749 Actoris
455 705 550 768 opera
572 687 677 771 mapis
698 688 818 751 stetisse
839 709 935 773 quam
957 709 1026 770 sua,

303 787 413 853 Minus
435 788 532 853 multo
556 790 720 872 audacter,
742 813 836 876 quam
859 814 944 857 uunc
966 794 1074 875 laedit,
1096 796 1241 860 laederet.
1280 823 1283 829 ·

277 947 317 1011 In
337 946 398 1030 his,
420 968 501 1032 quae
518 947 696 1026 citavimus,
720 948 794 1032 quid
811 951 950 1015 maxime
966 951 1126 1037 vituperet
1141 951 1310 1020 Terentius

174 1072 302 1139 quoque
324 1051 355 1115 id
380 1052 449 1116 iure
471 1050 567 1116 laniat
590 1072 654 1117 uon
677 1053 797 1138 pariter
820 1054 1024 1139 exploratum
1047 1062 1104 1120 est.

277 1181 420 1246 Primum
444 1181 484 1245 de
508 1181 731 1246 Phasmate
755 1183 921 1248 comoedia
943 1184 1021 1248 nihil
1045 1185 1104 1250 nisi
1126 1207 1193 1250 rem
1208 1188 1309 1274 ipsam

175 1294 265 1352 notat
287 1286 470 1351 Terentius:
502 1285 591 1351 Idem
614 1285 790 1350 Menandri
810 1287 953 1352 Phasma
979 1310 1064 1353 nuuc
1092 1311 1194 1374 nuper
1225 1290 1311 1354 dedit

174 1391 271 1472 (Eun.
295 1390 375 1475 prol.
399 1413 430 1454 v.
455 1387 490 1473 9)
513 1395 600 1454 certa
624 1409 720 1455 eausa
743 1392 985 1475 vituperationis
1015 1414 1080 1457 nou
1109 1393 1227 1457 addita.
1271 1393 1309 1457 Id

174 1503 259 1559 certe
289 1496 419 1558 miratur
446 1494 593 1558 Donatus
622 1516 681 1558 nec
716 1494 796 1557 bene
823 1496 970 1579 'explicat
999 1498 1101 1562 verbis
1136 1497 1176 1560 ad
1211 1497 1240 1561 h.
1271 1499 1308 1563 l.:

178 1599 292 1664 Utrum
305 1619 380 1682 erpo
396 1598 452 1663 leoc
468 1599 563 1677 dicat,
579 1597 662 1682 quod
678 1604 775 1662 totam
786 1598 935 1681 fabulam
949 1600 1174 1684 transferendo
1186 1603 1310 1667 laeserit

172 1702 309 1768 [nescius
331 1703 533 1782 Lanueeiuus,
560 1723 601 1790 aee
625 1721 688 1764 nou
709 1701 766 1766 leoc
788 1709 921 1782 teretium,
951 1704 989 1768 de
1010 1726 1069 1789 quo
1093 1705 1309 1788 reprehendat,

172 1810 228 1873 sed
249 1809 298 1873 leis
319 1810 420 1892 siquis
442 1809 517 1871 uelit
540 1807 715 1888 ostendere,
745 1829 832 1892 quem
865 1810 951 1872 dicat
978 1811 1088 1874 uitiose
1112 1809 1309 1874 Thesaurnm

174 1913 390 1996 composuisse,
414 1918 448 1975 ut
463 1914 497 1975 in
510 1910 672 1976 Thesauro
687 1914 728 1975 sit
744 1914 848 1996 ceetpa,
873 1933 936 1976 non
951 1914 986 1976 iu
1001 1913 1197 1978 Phasmate?
1211 1964 1308 1980 .....

173 2016 272 2081 Hauc
290 2017 437 2099 fabulam
460 2022 557 2080 totam
573 2016 716 2097 daenuat,
739 2023 774 2080 eet
790 2024 934 2102 apparet,
949 2018 1089 2082 silentio:
1111 2017 1310 2082 Tleesaureem

173 2142 248 2185 uero
270 2141 334 2185 nan
361 2128 469 2202 totum,
499 2120 553 2184 sed
575 2141 612 2185 er
639 2142 702 2185 uuo
733 2122 810 2186 loca.
855 2121 899 2184 At
929 2142 965 2186 eo
995 2123 1064 2187 loco
1096 2124 1150 2186 ubi
1180 2124 1308 2187 laedere

176 2225 326 2289 Luscium
350 2225 483 2310 eiusque
506 2230 638 2308 peccata
659 2224 791 2289 irridere
814 2227 881 2289 vult
904 2225 1083 2309 Terentius,
1107 2226 1193 2291 nuda
1209 2227 1309 2291 Phas-

174 2329 267 2393 matis
291 2329 410 2393 mentio
435 2329 479 2391 ita
503 2333 623 2391 tantum
647 2328 792 2393 sulficere
815 2327 855 2392 ad
879 2337 1007 2414 poetam
1030 2330 1308 2415 perstringendum

173 2439 317 2517 poterat,
348 2432 375 2495 si
399 2430 543 2496 fabulam
565 2432 671 2511 illam,
705 2453 777 2496 oum
809 2451 892 2497 nova
921 2440 1085 2516 ageretur,
1120 2441 1307 2499 exactam

176 2557 266 2603 esse
288 2556 420 2620 neque
442 2534 615 2600 stetisse
638 2543 705 2599 tum
728 2557 779 2599 res
803 2536 925 2600 eratin
948 2537 1064 2621 vulgus
1086 2545 1172 2602 uota.
1269 2578 1272 2582 ·

279 2666 317 2729 In
350 2664 592 2728 Thensauro
626 2665 658 2728 id
693 2665 799 2748 arguit
830 2664 1015 2745 Terentius,
1058 2666 1139 2751 quod
1174 2666 1309 2733 Luscius

175 2778 285 2836 contra
302 2770 553 2835 cousuetudinem
568 2770 761 2853 titiqantium
778 2769 985 2852 defensionem
997 2777 1069 2835 aute
1081 2772 1309 2836 accusationem

173 2875 344 2938 induucrit.
378 2875 429 2939 Ita
445 2882 532 2939 recte
551 2874 698 2939 Donatus
715 2873 769 2955 (ad
785 2874 867 2938 Eun.
886 2874 966 2957 prol.
982 2895 1012 2938 v.
1031 2875 1095 2955 10),
1112 2877 1164 2958 qui
1180 2883 1307 2941 narrato

174 2978 301 3043 fabulae
325 2987 514 3062 argumento
539 2980 619 3044 haec
642 2978 742 3042 addit:
764 2998 844 3064 qaae
867 2987 979 3044 cantra
1001 2986 1153 3043 naturam
1169 2981 1310 3066 iurisque

175 3083 425 3147 cousuetudinem
436 3086 545 3168 posita
561 3089 750 3168 crpumenta
766 3090 855 3147 notat
871 3083 1044 3165 Terentius,
1068 3084 1216 3168 quoditie
1231 3085 1309 3165 ordp

172 3190 279 3271 patior
300 3194 380 3280 erat,
401 3183 635 3252 ut'adutescens
652 3189 749 3271 prior
766 3195 952 3272 proponeret
969 3209 1109 3269 causam,
1125 3190 1179 3273 qui
1191 3190 1310 3273 petitor

174 3293 346 3357 inducitur.
380 3292 478 3377 Atqui
494 3291 536 3372 id,
559 3292 696 3357 simodo
712 3300 797 3357 recte
813 3293 896 3356 idem
912 3292 1028 3357 Luscio
1051 3290 1226 3357 ‘obscuram
1242 3293 1311 3357 dili-

174 3398 315 3482 gentiam
338 3398 369 3461 in
392 3395 555 3463 vertendo'
579 3398 686 3476 obicit,
713 3403 799 3462 certe
821 3418 886 3461 non
910 3403 974 3461 tam
997 3397 1028 3461 in
1051 3397 1202 3461 Luscium
1225 3396 1310 3460 cadit

175 3523 271 3586 quam
286 3504 318 3566 in
334 3504 495 3567 Graecum
510 3503 683 3587 exemplar,
704 3503 772 3566 sive
791 3499 823 3564 id
838 3500 1004 3566 Menandri
1022 3500 1083 3564 fuit
1098 3501 1164 3564 sive
1180 3500 1309 3564 alterius

174 3612 297 3692 poetae.
315 3605 397 3670 Nam
409 3605 574 3689 Θησαυρός
584 3607 695 3670 titulus
706 3603 890 3669 comoediae
899 3605 973 3669 satis
985 3603 1130 3689 frequens
1144 3610 1206 3668 est:
1221 3605 1311 3668 velut

175 3716 300 3796 praeter
323 3710 555 3793 Philemonem,
578 3711 668 3774 ouius
691 3707 914 3772 Thensaurum
938 3708 1071 3771 Plautus
1097 3707 1256 3792 expressit
1277 3708 1310 3771 iu

175 3815 381 3891 Trinummo,
419 3820 451 3878 et
485 3812 697 3879 Menandrum
726 3812 875 3896 Diphilus
903 3811 1099 3875 Archadious
1129 3810 1311 3896 Dioxippus

174 3940 276 3984 novae
299 3917 484 3984 comoediae
507 3924 675 3995 auctores,
704 3916 952 3982 Anaxandridee
975 3915 1099 3980 mediae
1122 3937 1159 3980 ao
1183 3917 1311 3983 nomine

174 4023 343 4107 insignitas
359 4021 485 4086 fabulas
501 4022 701 4107 scripserant.
725 4020 809 4086 Satis
824 4021 920 4104 igitur
935 4019 1046 4083 habuit
1057 4018 1226 4082 Terentius
1240 4040 1310 4085 oum

172 4127 278 4212 specie
291 4127 397 4213 aliqua
411 4125 442 4189 id
455 4132 569 4211 poetae
582 4125 708 4189 aemulo
720 4126 795 4189 vitio
808 4132 946 4204 vertere,
960 4121 1043 4207 quod
1054 4122 1227 4187 absurdum
1240 4144 1310 4187 esse

174 4231 326 4296 Romanis
349 4230 468 4295 scilieet
490 4228 721 4314 spectatoribus
745 4228 820 4291 iuris
846 4225 1046 4311 peritioribus
1069 4225 1160 4289 facile
1182 4225 1311 4310 probari

172 4333 383 4423 intellegeret.
436 4339 637 4421 Quamquam
668 4355 732 4399 non
762 4333 863 4418 magis
899 4332 931 4400 in
963 4330 1208 4399 Atheniensium
1242 4329 1311 4395 foro
