<?xml version="1.0" encoding="UTF-8"?>
<!DOCTYPE html PUBLIC "-//W3C//DTD XHTML 1.0 Transitional//EN"
    "http://www.w3.org/TR/xhtml1/DTD/xhtml1-transitional.dtd">
<html xmlns="http://www.w3.org/1999/xhtml" xml:lang="en" lang="en">
 <head>
  <title>
</title>
<meta http-equiv="Content-Type" content="text/html;charset=utf-8" />
  <meta name='ocr-system' content='tesseract 3.04.00' />
  <meta name='ocr-capabilities' content='ocr_page ocr_carea ocr_par ocr_line ocrx_word'/>
</head>
<body>
  <div class='ocr_page' id='page_1' title='image "./dissertationesp00stragoog/dissertationesp00stragoog_0842.png"; bbox 0 0 2954 4808; ppageno 0'>
   <div class='ocr_carea' id='block_1_1' title="bbox 636 298 1247 383">
    <p class='ocr_par' dir='ltr' id='par_1_1' title="bbox 636 298 1247 383">
     <span class='ocr_line' id='line_1_1' title="bbox 636 298 1247 383; baseline 0.005 -18"><span class='ocrx_word' id='word_1_1' title='bbox 636 298 726 383; x_wconf 80' lang='lat' dir='ltr'><strong><em>[ms]</em></strong></span> <span class='ocrx_word' id='word_1_2' title='bbox 1208 307 1247 368; x_wconf 82' lang='lat'><strong><em>13</em></strong></span> 
     </span>
    </p>
   </div>
   <div class='ocr_carea' id='block_1_2' title="bbox 102 494 1333 4428">
    <p class='ocr_par' dir='ltr' id='par_1_2' title="bbox 106 494 1251 2744">
     <span class='ocr_line' id='line_1_2' title="bbox 115 494 1247 581; baseline 0 -20"><span class='ocrx_word' id='word_1_3' title='bbox 115 495 361 575; x_wconf 72' lang='lat' dir='ltr'><em>Thermodontis,</em></span> <span class='ocrx_word' id='word_1_4' title='bbox 384 514 521 578; x_wconf 88' lang='lat' dir='ltr'><strong><em>quorum</em></strong></span> <span class='ocrx_word' id='word_1_5' title='bbox 542 495 707 576; x_wconf 80' lang='lat' dir='ltr'><strong><em>propenies</em></strong></span> <span class='ocrx_word' id='word_1_6' title='bbox 731 494 820 578; x_wconf 80' lang='lat' dir='ltr'><strong><em>lonqe</em></strong></span> <span class='ocrx_word' id='word_1_7' title='bbox 847 494 956 559; x_wconf 90' lang='lat' dir='ltr'><strong><em>deinde</em></strong></span> <span class='ocrx_word' id='word_1_8' title='bbox 984 503 1167 581; x_wconf 81' lang='lat' dir='ltr'><strong><em>propopotn</em></strong></span> <span class='ocrx_word' id='word_1_9' title='bbox 1188 518 1247 580; x_wconf 90' lang='lat' dir='ltr'><strong><em>per</em></strong></span> 
     </span>
     <span class='ocr_line' id='line_1_3' title="bbox 112 597 1251 686; baseline 0.002 -22"><span class='ocrx_word' id='word_1_10' title='bbox 112 620 312 666; x_wconf 82' lang='lat' dir='ltr'><strong><em>numerosam</em></strong></span> <span class='ocrx_word' id='word_1_11' title='bbox 334 597 468 662; x_wconf 80' lang='lat' dir='ltr'><em>subolem</em></span> <span class='ocrx_word' id='word_1_12' title='bbox 490 618 589 662; x_wconf 80' lang='lat' dir='ltr'><strong><em>rnorem</em></strong></span> <span class='ocrx_word' id='word_1_13' title='bbox 602 597 797 679; x_wconf 78' lang='lat' dir='ltr'><strong><em>firmissima</em></strong></span> <span class='ocrx_word' id='word_1_14' title='bbox 819 599 863 662; x_wconf 90' lang='lat' dir='ltr'><strong><em>ad</em></strong></span> <span class='ocrx_word' id='word_1_15' title='bbox 885 599 955 663; x_wconf 90' lang='lat' dir='ltr'><strong><em>loca</em></strong></span> <span class='ocrx_word' id='word_1_16' title='bbox 977 608 1148 664; x_wconf 72' lang='lat' dir='ltr'><strong><em>reverterat</em></strong></span> <span class='ocrx_word' id='word_1_17' title='bbox 1165 604 1251 686; x_wconf 81' lang='lat' dir='ltr'><strong><em>qeni-</em></strong></span> 
     </span>
     <span class='ocr_line' id='line_1_4' title="bbox 113 702 1250 791; baseline 0.002 -23"><span class='ocrx_word' id='word_1_18' title='bbox 113 707 190 769; x_wconf 88' lang='lat' dir='ltr'><strong><em>tulio</em></strong></span> <span class='ocrx_word' id='word_1_19' title='bbox 201 727 214 786; x_wconf 89' lang='lat'><em>;</em></span> <span class='ocrx_word' id='word_1_20' title='bbox 237 706 288 767; x_wconf 87' lang='grc'><strong><em>21.</em></strong></span> <span class='ocrx_word' id='word_1_21' title='bbox 311 705 398 778; x_wconf 87' lang='grc'>6,10</span> <span class='ocrx_word' id='word_1_22' title='bbox 421 723 480 787; x_wconf 83' lang='lat' dir='ltr'><strong><em>qno</em></strong></span> <span class='ocrx_word' id='word_1_23' title='bbox 504 704 623 766; x_wconf 88' lang='lat' dir='ltr'><strong><em>monitu</em></strong></span> <span class='ocrx_word' id='word_1_24' title='bbox 645 708 679 765; x_wconf 90' lang='lat' dir='ltr'><strong><em>ut</em></strong></span> <span class='ocrx_word' id='word_1_25' title='bbox 702 702 822 765; x_wconf 87' lang='lat' dir='ltr'><strong><em>redicre</em></strong></span> <span class='ocrx_word' id='word_1_26' title='bbox 836 702 986 788; x_wconf 75' lang='lat' dir='ltr'><strong><em>plerique,</em></strong></span> <span class='ocrx_word' id='word_1_27' title='bbox 1009 705 1161 769; x_wconf 80' lang='lat' dir='ltr'><strong><em>incentivo</em></strong></span> <span class='ocrx_word' id='word_1_28' title='bbox 1178 727 1250 791; x_wconf 87' lang='lat' dir='ltr'><strong><em>per·</em></strong></span> 
     </span>
     <span class='ocr_line' id='line_1_5' title="bbox 113 805 1250 892; baseline 0 -19"><span class='ocrx_word' id='word_1_29' title='bbox 113 811 193 874; x_wconf 87' lang='lat' dir='ltr'><strong><em>citus</em></strong></span> <span class='ocrx_word' id='word_1_30' title='bbox 218 859 225 874; x_wconf 99' lang='lat'><strong>.</strong></span> <span class='ocrx_word' id='word_1_31' title='bbox 250 858 257 872; x_wconf 94' lang='lat'><strong>.</strong></span> <span class='ocrx_word' id='word_1_32' title='bbox 283 857 290 872; x_wconf 99' lang='lat'><strong>.</strong></span> <span class='ocrx_word' id='word_1_33' title='bbox 314 805 440 870; x_wconf 84' lang='lat' dir='ltr'><strong><em>Ciuilem</em></strong></span> <span class='ocrx_word' id='word_1_34' title='bbox 460 855 467 870; x_wconf 94' lang='lat'><strong>.</strong></span> <span class='ocrx_word' id='word_1_35' title='bbox 491 853 499 870; x_wconf 86' lang='lat'><strong>.</strong></span> <span class='ocrx_word' id='word_1_36' title='bbox 523 855 530 869; x_wconf 94' lang='lat'><strong>.</strong></span> <span class='ocrx_word' id='word_1_37' title='bbox 555 806 600 869; x_wconf 89' lang='lat' dir='ltr'><strong><em>od</em></strong></span> <span class='ocrx_word' id='word_1_38' title='bbox 622 826 653 870; x_wconf 93' lang='lat' dir='ltr'><strong><em>se</em></strong></span> <span class='ocrx_word' id='word_1_39' title='bbox 674 812 861 889; x_wconf 77' lang='lat' dir='ltr'><strong><em>poposcerat</em></strong></span> <span class='ocrx_word' id='word_1_40' title='bbox 882 809 987 889; x_wconf 89' lang='lat' dir='ltr'><strong><em>mitti;</em></strong></span> <span class='ocrx_word' id='word_1_41' title='bbox 1013 809 1062 870; x_wconf 89' lang='lat'><strong><em>19.</em></strong></span> <span class='ocrx_word' id='word_1_42' title='bbox 1084 811 1115 887; x_wconf 85' lang='lat'><strong><em>2,</em></strong></span> <span class='ocrx_word' id='word_1_43' title='bbox 1140 811 1155 871; x_wconf 93' lang='lat'><strong>1</strong></span> <span class='ocrx_word' id='word_1_44' title='bbox 1178 810 1250 892; x_wconf 90' lang='lat' dir='ltr'><strong><em>pla·</em></strong></span> 
     </span>
     <span class='ocr_line' id='line_1_6' title="bbox 113 909 1250 994; baseline -0.001 -16"><span class='ocrx_word' id='word_1_45' title='bbox 113 920 243 994; x_wconf 86' lang='lat' dir='ltr'><strong><em>cuerat;</em></strong></span> <span class='ocrx_word' id='word_1_46' title='bbox 265 915 317 977; x_wconf 85' lang='lat'><strong><em>29.</em></strong></span> <span class='ocrx_word' id='word_1_47' title='bbox 341 916 371 990; x_wconf 93' lang='grc'><strong><em>4,</em></strong></span> <span class='ocrx_word' id='word_1_48' title='bbox 396 913 412 974; x_wconf 82' lang='lat' dir='ltr'><strong><em>l</em></strong></span> <span class='ocrx_word' id='word_1_49' title='bbox 436 912 471 973; x_wconf 89' lang='lat' dir='ltr'><strong><em>in</em></strong></span> <span class='ocrx_word' id='word_1_50' title='bbox 495 909 662 973; x_wconf 78' lang='lat' dir='ltr'><strong><em>Macriani</em></strong></span> <span class='ocrx_word' id='word_1_51' title='bbox 689 909 815 974; x_wconf 91' lang='lat' dir='ltr'><strong><em>locum.</em></strong></span> <span class='ocrx_word' id='word_1_52' title='bbox 840 960 847 974; x_wconf 95' lang='lat'><strong>.</strong></span> <span class='ocrx_word' id='word_1_53' title='bbox 873 956 880 971; x_wconf 91' lang='lat'><strong>.</strong></span> <span class='ocrx_word' id='word_1_54' title='bbox 905 909 1136 975; x_wconf 80' lang='lat' dir='ltr'><strong><em>Fraomarium</em></strong></span> <span class='ocrx_word' id='word_1_55' title='bbox 1166 913 1250 977; x_wconf 87' lang='lat' dir='ltr'><strong><em>ordi·</em></strong></span> 
     </span>
     <span class='ocr_line' id='line_1_7' title="bbox 110 1013 1251 1100; baseline 0 -19"><span class='ocrx_word' id='word_1_56' title='bbox 110 1018 216 1097; x_wconf 84' lang='lat' dir='ltr'><strong><em>uouit,</em></strong></span> <span class='ocrx_word' id='word_1_57' title='bbox 252 1036 341 1100; x_wconf 90' lang='lat' dir='ltr'><strong><em>quem</em></strong></span> <span class='ocrx_word' id='word_1_58' title='bbox 374 1017 471 1097; x_wconf 91' lang='lat' dir='ltr'><strong><em>panto</em></strong></span> <span class='ocrx_word' id='word_1_59' title='bbox 504 1020 616 1096; x_wconf 89' lang='lat' dir='ltr'><strong><em>postea</em></strong></span> <span class='ocrx_word' id='word_1_60' title='bbox 640 1062 647 1077; x_wconf 99' lang='lat'><strong>.</strong></span> <span class='ocrx_word' id='word_1_61' title='bbox 673 1057 712 1077; x_wconf 86' lang='lat'><strong><em>..</em></strong></span> <span class='ocrx_word' id='word_1_62' title='bbox 768 1013 1025 1078; x_wconf 76' lang='lat' dir='ltr'><strong><em>Alamannorum</em></strong></span> <span class='ocrx_word' id='word_1_63' title='bbox 1050 1016 1251 1099; x_wconf 78' lang='lat' dir='ltr'><strong><em>praefecerat</em></strong></span> 
     </span>
     <span class='ocr_line' id='line_1_8' title="bbox 111 1118 1247 1201; baseline -0.001 -16"><span class='ocrx_word' id='word_1_64' title='bbox 111 1141 258 1200; x_wconf 87' lang='lat' dir='ltr'><strong><em>nurnero,·</em></strong></span> <span class='ocrx_word' id='word_1_65' title='bbox 290 1122 336 1182; x_wconf 81' lang='lat'><strong><em>19.</em></strong></span> <span class='ocrx_word' id='word_1_66' title='bbox 369 1121 397 1199; x_wconf 89' lang='grc'><strong><em>6,</em></strong></span> <span class='ocrx_word' id='word_1_67' title='bbox 424 1121 462 1181; x_wconf 91' lang='grc'><strong><em>12</em></strong></span> <span class='ocrx_word' id='word_1_68' title='bbox 486 1120 642 1197; x_wconf 87' lang='lat' dir='ltr'><strong><em>iusserat,·</em></strong></span> <span class='ocrx_word' id='word_1_69' title='bbox 674 1120 725 1182; x_wconf 86' lang='lat'><strong><em>20.</em></strong></span> <span class='ocrx_word' id='word_1_70' title='bbox 750 1120 786 1197; x_wconf 88' lang='lat'><strong><em>2,</em></strong></span> <span class='ocrx_word' id='word_1_71' title='bbox 818 1118 1013 1199; x_wconf 87' lang='lat' dir='ltr'><strong><em>2dederat;</em></strong></span> <span class='ocrx_word' id='word_1_72' title='bbox 1043 1122 1093 1184; x_wconf 89' lang='lat'><strong><em>22.</em></strong></span> <span class='ocrx_word' id='word_1_73' title='bbox 1130 1123 1179 1201; x_wconf 84' lang='lat'><strong><em>16,</em></strong></span> <span class='ocrx_word' id='word_1_74' title='bbox 1213 1124 1247 1184; x_wconf 93' lang='lat' dir='ltr'><strong><em>ll</em></strong></span> 
     </span>
     <span class='ocr_line' id='line_1_9' title="bbox 112 1224 1248 1307; baseline 0 -18"><span class='ocrx_word' id='word_1_75' title='bbox 112 1227 265 1303; x_wconf 78' lang='lat' dir='ltr'><strong><em>iusserat3</em></strong></span> <span class='ocrx_word' id='word_1_76' title='bbox 286 1227 333 1287; x_wconf 88' lang='grc'>14.</span> <span class='ocrx_word' id='word_1_77' title='bbox 349 1226 379 1287; x_wconf 85' lang='grc'><strong><em>5.</em></strong></span> <span class='ocrx_word' id='word_1_78' title='bbox 395 1225 434 1305; x_wconf 70' lang='grc'>6,</span> <span class='ocrx_word' id='word_1_79' title='bbox 458 1225 510 1287; x_wconf 88' lang='grc'><strong><em>24.</em></strong></span> <span class='ocrx_word' id='word_1_80' title='bbox 530 1226 557 1302; x_wconf 95' lang='grc'><strong><em>1,</em></strong></span> <span class='ocrx_word' id='word_1_81' title='bbox 576 1224 631 1304; x_wconf 87' lang='grc'><strong><em>11;</em></strong></span> <span class='ocrx_word' id='word_1_82' title='bbox 648 1224 700 1286; x_wconf 90' lang='grc'><strong><em>24.</em></strong></span> <span class='ocrx_word' id='word_1_83' title='bbox 719 1225 750 1304; x_wconf 88' lang='grc'><strong><em>4,</em></strong></span> <span class='ocrx_word' id='word_1_84' title='bbox 768 1225 822 1301; x_wconf 82' lang='grc'>17;</span> <span class='ocrx_word' id='word_1_85' title='bbox 840 1224 891 1286; x_wconf 88' lang='grc'><strong><em>24.</em></strong></span> <span class='ocrx_word' id='word_1_86' title='bbox 908 1226 939 1304; x_wconf 90' lang='grc'><strong><em>4,</em></strong></span> <span class='ocrx_word' id='word_1_87' title='bbox 956 1225 1011 1305; x_wconf 86' lang='grc'><strong><em>29;</em></strong></span> <span class='ocrx_word' id='word_1_88' title='bbox 1028 1226 1079 1288; x_wconf 89' lang='grc'><strong><em>24.</em></strong></span> <span class='ocrx_word' id='word_1_89' title='bbox 1099 1226 1127 1306; x_wconf 82' lang='grc'>7,</span> <span class='ocrx_word' id='word_1_90' title='bbox 1144 1227 1180 1307; x_wconf 83' lang='lat'><strong><em>43</em></strong></span> <span class='ocrx_word' id='word_1_91' title='bbox 1200 1228 1248 1290; x_wconf 80' lang='lat' dir='ltr'><strong><em>l&#39;t.</em></strong></span> 
     </span>
     <span class='ocr_line' id='line_1_10' title="bbox 113 1326 1249 1411; baseline 0.002 -21"><span class='ocrx_word' id='word_1_92' title='bbox 113 1332 141 1409; x_wconf 87' lang='lat'><strong><em>1,</em></strong></span> <span class='ocrx_word' id='word_1_93' title='bbox 158 1331 196 1410; x_wconf 76' lang='lat'><strong><em>23</em></strong></span> <span class='ocrx_word' id='word_1_94' title='bbox 223 1331 271 1393; x_wconf 84' lang='lat'><strong><em>19.</em></strong></span> <span class='ocrx_word' id='word_1_95' title='bbox 296 1331 325 1408; x_wconf 86' lang='grc'><strong><em>2,</em></strong></span> <span class='ocrx_word' id='word_1_96' title='bbox 350 1331 390 1391; x_wconf 88' lang='grc'><strong><em>14</em></strong></span> <span class='ocrx_word' id='word_1_97' title='bbox 414 1326 596 1411; x_wconf 88' lang='lat' dir='ltr'><strong><em>tandemque</em></strong></span> <span class='ocrx_word' id='word_1_98' title='bbox 618 1347 681 1389; x_wconf 80' lang='lat' dir='ltr'><strong><em>reon</em></strong></span> <span class='ocrx_word' id='word_1_99' title='bbox 700 1327 802 1408; x_wconf 72' lang='lat' dir='ltr'><strong><em>finem</em></strong></span> <span class='ocrx_word' id='word_1_100' title='bbox 834 1327 979 1390; x_wconf 83' lang='lat' dir='ltr'><strong><em>caedibus</em></strong></span> <span class='ocrx_word' id='word_1_101' title='bbox 994 1327 1078 1410; x_wconf 88' lang='lat' dir='ltr'><strong><em>fecit</em></strong></span> <span class='ocrx_word' id='word_1_102' title='bbox 1101 1335 1129 1391; x_wconf 90' lang='lat' dir='ltr'><strong><em>ct</em></strong></span> <span class='ocrx_word' id='word_1_103' title='bbox 1150 1329 1249 1393; x_wconf 90' lang='lat' dir='ltr'><strong><em>satias</em></strong></span> 
     </span>
     <span class='ocr_line' id='line_1_11' title="bbox 111 1430 1248 1515; baseline 0.001 -19"><span class='ocrx_word' id='word_1_104' title='bbox 111 1453 339 1496; x_wconf 88' lang='lat' dir='ltr'><strong><em>aerumnarum</em></strong></span> <span class='ocrx_word' id='word_1_105' title='bbox 371 1431 515 1494; x_wconf 89' lang='lat' dir='ltr'><strong><em>indutias</em></strong></span> <span class='ocrx_word' id='word_1_106' title='bbox 544 1430 691 1514; x_wconf 89' lang='lat' dir='ltr'><strong><em>partibus</em></strong></span> <span class='ocrx_word' id='word_1_107' title='bbox 721 1430 849 1494; x_wconf 86' lang='lat' dir='ltr'><strong><em>dederat</em></strong></span> <span class='ocrx_word' id='word_1_108' title='bbox 876 1432 1054 1515; x_wconf 85' lang='lat' dir='ltr'><strong><em>loupiorcs,·</em></strong></span> <span class='ocrx_word' id='word_1_109' title='bbox 1085 1433 1135 1497; x_wconf 88' lang='grc'><strong><em>20.</em></strong></span> <span class='ocrx_word' id='word_1_110' title='bbox 1168 1436 1198 1514; x_wconf 87' lang='grc'>4,</span> <span class='ocrx_word' id='word_1_111' title='bbox 1229 1437 1248 1497; x_wconf 90' lang='grc'>4</span> 
     </span>
     <span class='ocr_line' id='line_1_12' title="bbox 111 1534 1250 1620; baseline 0 -20"><span class='ocrx_word' id='word_1_112' title='bbox 111 1536 264 1600; x_wconf 81' lang='lat' dir='ltr'><strong><em>Conticuit</em></strong></span> <span class='ocrx_word' id='word_1_113' title='bbox 295 1537 401 1620; x_wconf 86' lang='lat' dir='ltr'><strong><em>bisque</em></strong></span> <span class='ocrx_word' id='word_1_114' title='bbox 431 1535 633 1619; x_wconf 86' lang='lat' dir='ltr'><strong><em>adquieuerot</em></strong></span> <span class='ocrx_word' id='word_1_115' title='bbox 665 1534 814 1598; x_wconf 86' lang='lat' dir='ltr'><strong><em>lulianus</em></strong></span> <span class='ocrx_word' id='word_1_116' title='bbox 824 1556 836 1615; x_wconf 88' lang='lat'><strong><em>,·</em></strong></span> <span class='ocrx_word' id='word_1_117' title='bbox 870 1537 921 1599; x_wconf 91' lang='lat'><strong><em>21.</em></strong></span> <span class='ocrx_word' id='word_1_118' title='bbox 958 1537 1008 1618; x_wconf 89' lang='lat'><strong><em>12,</em></strong></span> <span class='ocrx_word' id='word_1_119' title='bbox 1042 1538 1081 1599; x_wconf 89' lang='lat'><strong><em>16</em></strong></span> <span class='ocrx_word' id='word_1_120' title='bbox 1115 1536 1250 1600; x_wconf 90' lang='lat' dir='ltr'><strong><em>turbatis</em></strong></span> 
     </span>
     <span class='ocr_line' id='line_1_13' title="bbox 111 1639 1250 1723; baseline -0.001 -17"><span class='ocrx_word' id='word_1_121' title='bbox 111 1641 267 1706; x_wconf 86' lang='lat' dir='ltr'><strong><em>consuluit</em></strong></span> <span class='ocrx_word' id='word_1_122' title='bbox 289 1639 391 1720; x_wconf 88' lang='lat' dir='ltr'><strong><em>rebus,</em></strong></span> <span class='ocrx_word' id='word_1_123' title='bbox 421 1659 550 1723; x_wconf 80' lang='lat' dir='ltr'><strong><em>emorque</em></strong></span> <span class='ocrx_word' id='word_1_124' title='bbox 576 1639 743 1721; x_wconf 81' lang='lat' dir='ltr'><strong><em>Aqilonem</em></strong></span> <span class='ocrx_word' id='word_1_125' title='bbox 768 1689 775 1702; x_wconf 93' lang='lat'><strong>.</strong></span> <span class='ocrx_word' id='word_1_126' title='bbox 800 1687 807 1702; x_wconf 94' lang='lat'><strong>.</strong></span> <span class='ocrx_word' id='word_1_127' title='bbox 832 1688 839 1703; x_wconf 92' lang='lat'><strong>.</strong></span> <span class='ocrx_word' id='word_1_128' title='bbox 863 1641 1004 1719; x_wconf 87' lang='lat' dir='ltr'><strong><em>miserat,</em></strong></span> <span class='ocrx_word' id='word_1_129' title='bbox 1037 1648 1072 1704; x_wconf 88' lang='lat' dir='ltr'><strong><em>nt</em></strong></span> <span class='ocrx_word' id='word_1_130' title='bbox 1096 1691 1103 1706; x_wconf 99' lang='lat'><strong>.</strong></span> <span class='ocrx_word' id='word_1_131' title='bbox 1128 1692 1135 1707; x_wconf 92' lang='lat'><strong>.</strong></span> <span class='ocrx_word' id='word_1_132' title='bbox 1159 1690 1166 1704; x_wconf 91' lang='lat'><strong>.</strong></span> <span class='ocrx_word' id='word_1_133' title='bbox 1189 1643 1250 1706; x_wconf 90' lang='lat' dir='ltr'><strong><em>sol·</em></strong></span> 
     </span>
     <span class='ocr_line' id='line_1_14' title="bbox 109 1742 1250 1830; baseline 0.002 -22"><span class='ocrx_word' id='word_1_134' title='bbox 109 1751 232 1809; x_wconf 80' lang='lat' dir='ltr'><strong><em>veretur</em></strong></span> <span class='ocrx_word' id='word_1_135' title='bbox 255 1742 426 1823; x_wconf 89' lang='lat' dir='ltr'><strong><em>obsidium,·</em></strong></span> <span class='ocrx_word' id='word_1_136' title='bbox 450 1744 502 1806; x_wconf 87' lang='grc'><strong><em>21.</em></strong></span> <span class='ocrx_word' id='word_1_137' title='bbox 528 1744 612 1822; x_wconf 88' lang='grc'>12,5</span> <span class='ocrx_word' id='word_1_138' title='bbox 637 1743 788 1806; x_wconf 81' lang='lat' dir='ltr'><strong><em>commisit</em></strong></span> <span class='ocrx_word' id='word_1_139' title='bbox 810 1742 995 1806; x_wconf 76' lang='lat' dir='ltr'><strong><em>Armeniam</em></strong></span> <span class='ocrx_word' id='word_1_140' title='bbox 1013 1794 1020 1808; x_wconf 94' lang='lat'><strong>.</strong></span> <span class='ocrx_word' id='word_1_141' title='bbox 1039 1792 1070 1808; x_wconf 91' lang='lat'><strong><em>..</em></strong></span> <span class='ocrx_word' id='word_1_142' title='bbox 1094 1745 1250 1830; x_wconf 75' lang='lat' dir='ltr'><strong><em>isdemque</em></strong></span> 
     </span>
     <span class='ocr_line' id='line_1_15' title="bbox 110 1843 1249 1934; baseline 0.002 -22"><span class='ocrx_word' id='word_1_143' title='bbox 110 1849 307 1934; x_wconf 62' lang='grc' dir='ltr'><strong><em>4144114141,ἱ</em></strong></span> <span class='ocrx_word' id='word_1_144' title='bbox 328 1851 377 1911; x_wconf 88' lang='grc'>14.</span> <span class='ocrx_word' id='word_1_145' title='bbox 404 1849 454 1926; x_wconf 91' lang='grc'><strong><em>11,</em></strong></span> <span class='ocrx_word' id='word_1_146' title='bbox 479 1849 491 1908; x_wconf 94' lang='grc'>1</span> <span class='ocrx_word' id='word_1_147' title='bbox 518 1843 684 1909; x_wconf 78' lang='lat' dir='ltr'><strong><em>Caesarem</em></strong></span> <span class='ocrx_word' id='word_1_148' title='bbox 709 1847 874 1909; x_wconf 86' lang='lat' dir='ltr'><strong><em>conuellere</em></strong></span> <span class='ocrx_word' id='word_1_149' title='bbox 890 1897 897 1910; x_wconf 90' lang='lat'><strong>.</strong></span> <span class='ocrx_word' id='word_1_150' title='bbox 915 1894 948 1911; x_wconf 92' lang='lat'><strong><em>..</em></strong></span> <span class='ocrx_word' id='word_1_151' title='bbox 974 1846 1141 1930; x_wconf 85' lang='lat' dir='ltr'><strong><em>copitabot,</em></strong></span> <span class='ocrx_word' id='word_1_152' title='bbox 1164 1851 1249 1934; x_wconf 90' lang='lat' dir='ltr'><strong><em>cique</em></strong></span> 
     </span>
     <span class='ocr_line' id='line_1_16' title="bbox 109 1943 1248 2035; baseline 0.001 -18"><span class='ocrx_word' id='word_1_153' title='bbox 109 1952 385 2019; x_wconf 87' lang='lat' dir='ltr'><strong><em>deliberanti...</em></strong></span> <span class='ocrx_word' id='word_1_154' title='bbox 411 1971 473 2035; x_wconf 89' lang='lat' dir='ltr'><strong><em>qua</em></strong></span> <span class='ocrx_word' id='word_1_155' title='bbox 496 1953 527 2014; x_wconf 89' lang='lat' dir='ltr'><strong><em>oi</em></strong></span> <span class='ocrx_word' id='word_1_156' title='bbox 550 2002 557 2016; x_wconf 94' lang='lat'><strong>.</strong></span> <span class='ocrx_word' id='word_1_157' title='bbox 582 1997 589 2012; x_wconf 93' lang='lat'><strong>.</strong></span> <span class='ocrx_word' id='word_1_158' title='bbox 615 2001 622 2016; x_wconf 97' lang='lat'><strong>.</strong></span> <span class='ocrx_word' id='word_1_159' title='bbox 645 1943 689 2013; x_wconf 88' lang='lat' dir='ltr'><strong><em>id</em></strong></span> <span class='ocrx_word' id='word_1_160' title='bbox 693 1951 817 2032; x_wconf 83' lang='lat' dir='ltr'><strong><em>fleret.</em></strong></span> <span class='ocrx_word' id='word_1_161' title='bbox 843 1997 850 2012; x_wconf 92' lang='lat'><strong>.</strong></span> <span class='ocrx_word' id='word_1_162' title='bbox 874 1999 881 2014; x_wconf 95' lang='lat'><strong>.</strong></span> <span class='ocrx_word' id='word_1_163' title='bbox 906 1952 1030 2016; x_wconf 91' lang='lat' dir='ltr'><strong><em>acciri.</em></strong></span> <span class='ocrx_word' id='word_1_164' title='bbox 1055 2003 1062 2017; x_wconf 97' lang='lat'><strong>.</strong></span> <span class='ocrx_word' id='word_1_165' title='bbox 1087 2003 1095 2018; x_wconf 98' lang='lat'><strong>.</strong></span> <span class='ocrx_word' id='word_1_166' title='bbox 1119 1954 1248 2018; x_wconf 81' lang='lat' dir='ltr'><strong><em>eundem</em></strong></span> 
     </span>
     <span class='ocr_line' id='line_1_17' title="bbox 106 2053 1247 2143; baseline -0.002 -21"><span class='ocrx_word' id='word_1_167' title='bbox 106 2059 274 2143; x_wconf 88' lang='lat' dir='ltr'><strong><em>placuerat</em></strong></span> <span class='ocrx_word' id='word_1_168' title='bbox 296 2055 425 2119; x_wconf 86' lang='lat' dir='ltr'><strong><em>Gallum</em></strong></span> <span class='ocrx_word' id='word_1_169' title='bbox 448 2053 662 2136; x_wconf 80' lang='lat' dir='ltr'><strong><em>(Caesarem);</em></strong></span> <span class='ocrx_word' id='word_1_170' title='bbox 687 2057 737 2118; x_wconf 88' lang='lat'><strong><em>15.</em></strong></span> <span class='ocrx_word' id='word_1_171' title='bbox 759 2057 790 2136; x_wconf 86' lang='lat'><strong><em>5,</em></strong></span> <span class='ocrx_word' id='word_1_172' title='bbox 813 2057 854 2118; x_wconf 88' lang='grc'><strong><em>30</em></strong></span> <span class='ocrx_word' id='word_1_173' title='bbox 878 2056 1001 2118; x_wconf 88' lang='lat' dir='ltr'><strong><em>occulta</em></strong></span> <span class='ocrx_word' id='word_1_174' title='bbox 1025 2056 1247 2121; x_wconf 84' lang='lat' dir='ltr'><strong><em>scrutabamur</em></strong></span> 
     </span>
     <span class='ocr_line' id='line_1_18' title="bbox 111 2159 1247 2244; baseline -0.003 -15"><span class='ocrx_word' id='word_1_175' title='bbox 111 2212 118 2229; x_wconf 91' lang='lat'><strong>.</strong></span> <span class='ocrx_word' id='word_1_176' title='bbox 137 2210 170 2228; x_wconf 90' lang='lat'><strong><em>..</em></strong></span> <span class='ocrx_word' id='word_1_177' title='bbox 192 2161 398 2240; x_wconf 88' lang='lat' dir='ltr'><strong><em>sederatque.</em></strong></span> <span class='ocrx_word' id='word_1_178' title='bbox 416 2206 423 2221; x_wconf 99' lang='lat'><strong>.</strong></span> <span class='ocrx_word' id='word_1_179' title='bbox 440 2209 448 2224; x_wconf 87' lang='lat'><strong>.</strong></span> <span class='ocrx_word' id='word_1_180' title='bbox 465 2166 499 2222; x_wconf 92' lang='lat' dir='ltr'><strong><em>ut</em></strong></span> <span class='ocrx_word' id='word_1_181' title='bbox 516 2210 524 2225; x_wconf 97' lang='lat'><strong>.</strong></span> <span class='ocrx_word' id='word_1_182' title='bbox 541 2210 548 2223; x_wconf 92' lang='lat'><strong>.</strong></span> <span class='ocrx_word' id='word_1_183' title='bbox 566 2180 592 2239; x_wconf 82' lang='lat'><strong><em>.;</em></strong></span> <span class='ocrx_word' id='word_1_184' title='bbox 623 2162 671 2222; x_wconf 85' lang='grc'><strong><em>19.</em></strong></span> <span class='ocrx_word' id='word_1_185' title='bbox 698 2161 724 2239; x_wconf 90' lang='grc'><strong><em>1,</em></strong></span> <span class='ocrx_word' id='word_1_186' title='bbox 750 2162 768 2222; x_wconf 88' lang='grc'><strong>6</strong></span> <span class='ocrx_word' id='word_1_187' title='bbox 792 2159 949 2223; x_wconf 88' lang='lat' dir='ltr'><strong><em>eruendae</em></strong></span> <span class='ocrx_word' id='word_1_188' title='bbox 971 2159 1059 2223; x_wconf 86' lang='lat' dir='ltr'><strong><em>urbis</em></strong></span> <span class='ocrx_word' id='word_1_189' title='bbox 1083 2169 1247 2244; x_wconf 88' lang='lat' dir='ltr'><strong><em>apparatu</em></strong></span> 
     </span>
     <span class='ocr_line' id='line_1_19' title="bbox 108 2263 1247 2350; baseline -0.001 -19"><span class='ocrx_word' id='word_1_190' title='bbox 108 2266 227 2332; x_wconf 82' lang='lat' dir='ltr'><strong><em>nisibus</em></strong></span> <span class='ocrx_word' id='word_1_191' title='bbox 249 2266 377 2348; x_wconf 82' lang='lat' dir='ltr'><strong><em>maqnis</em></strong></span> <span class='ocrx_word' id='word_1_192' title='bbox 400 2263 549 2346; x_wconf 87' lang='lat' dir='ltr'><strong><em>instabat,</em></strong></span> <span class='ocrx_word' id='word_1_193' title='bbox 572 2270 626 2328; x_wconf 89' lang='lat' dir='ltr'><strong><em>et.</em></strong></span> <span class='ocrx_word' id='word_1_194' title='bbox 650 2312 657 2327; x_wconf 92' lang='lat'><strong>.</strong></span> <span class='ocrx_word' id='word_1_195' title='bbox 682 2314 689 2328; x_wconf 94' lang='lat'><strong>.</strong></span> <span class='ocrx_word' id='word_1_196' title='bbox 713 2264 775 2327; x_wconf 91' lang='lat' dir='ltr'><strong><em>leni</em></strong></span> <span class='ocrx_word' id='word_1_197' title='bbox 796 2270 988 2328; x_wconf 89' lang='lat' dir='ltr'><strong><em>summatum</em></strong></span> <span class='ocrx_word' id='word_1_198' title='bbox 1009 2264 1156 2347; x_wconf 87' lang='lat' dir='ltr'><strong><em>petitione</em></strong></span> <span class='ocrx_word' id='word_1_199' title='bbox 1176 2267 1247 2350; x_wconf 89' lang='lat' dir='ltr'><strong><em>pta·</em></strong></span> 
     </span>
     <span class='ocr_line' id='line_1_20' title="bbox 110 2367 1247 2454; baseline -0.003 -18"><span class='ocrx_word' id='word_1_200' title='bbox 110 2379 199 2436; x_wconf 86' lang='lat' dir='ltr'><strong><em>caius</em></strong></span> <span class='ocrx_word' id='word_1_201' title='bbox 224 2369 377 2454; x_wconf 88' lang='lat' dir='ltr'><strong><em>postridie</em></strong></span> <span class='ocrx_word' id='word_1_202' title='bbox 406 2389 523 2454; x_wconf 87' lang='lat' dir='ltr'><strong><em>quoque</em></strong></span> <span class='ocrx_word' id='word_1_203' title='bbox 545 2389 640 2451; x_wconf 90' lang='lat' dir='ltr'><strong><em>super</em></strong></span> <span class='ocrx_word' id='word_1_204' title='bbox 663 2368 816 2431; x_wconf 89' lang='lat' dir='ltr'><strong><em>deditione</em></strong></span> <span class='ocrx_word' id='word_1_205' title='bbox 843 2369 963 2432; x_wconf 91' lang='lat' dir='ltr'><strong><em>moneri</em></strong></span> <span class='ocrx_word' id='word_1_206' title='bbox 990 2367 1168 2432; x_wconf 84' lang='lat' dir='ltr'><strong><em>decreverat</em></strong></span> <span class='ocrx_word' id='word_1_207' title='bbox 1197 2370 1247 2434; x_wconf 89' lang='lat' dir='ltr'><strong><em>de·</em></strong></span> 
     </span>
     <span class='ocr_line' id='line_1_21' title="bbox 106 2471 1246 2559; baseline -0.003 -19"><span class='ocrx_word' id='word_1_208' title='bbox 106 2477 252 2559; x_wconf 69' lang='lat' dir='ltr'><strong><em>tonsores</em></strong></span> <span class='ocrx_word' id='word_1_209' title='bbox 258 2496 270 2555; x_wconf 94' lang='lat'><strong><em>,·</em></strong></span> <span class='ocrx_word' id='word_1_210' title='bbox 301 2475 351 2538; x_wconf 90' lang='lat'><strong><em>23.</em></strong></span> <span class='ocrx_word' id='word_1_211' title='bbox 381 2480 404 2551; x_wconf 86' lang='lat'><strong><em>1,</em></strong></span> <span class='ocrx_word' id='word_1_212' title='bbox 429 2474 448 2535; x_wconf 92' lang='grc'><strong>2</strong></span> <span class='ocrx_word' id='word_1_213' title='bbox 478 2474 624 2555; x_wconf 79' lang='lat' dir='ltr'><strong><em>terrrptnm</em></strong></span> <span class='ocrx_word' id='word_1_214' title='bbox 648 2522 656 2537; x_wconf 98' lang='lat'><strong>.</strong></span> <span class='ocrx_word' id='word_1_215' title='bbox 679 2521 686 2537; x_wconf 91' lang='lat'><strong>.</strong></span> <span class='ocrx_word' id='word_1_216' title='bbox 711 2525 717 2538; x_wconf 91' lang='lat'><strong>.</strong></span> <span class='ocrx_word' id='word_1_217' title='bbox 740 2474 927 2536; x_wconf 88' lang='lat' dir='ltr'><strong><em>instaurare</em></strong></span> <span class='ocrx_word' id='word_1_218' title='bbox 956 2471 1133 2557; x_wconf 86' lang='lat' dir='ltr'><strong><em>sumptibus</em></strong></span> <span class='ocrx_word' id='word_1_219' title='bbox 1163 2475 1246 2558; x_wconf 81' lang='lat' dir='ltr'><strong><em>copi·</em></strong></span> 
     </span>
     <span class='ocr_line' id='line_1_22' title="bbox 110 2576 1247 2660; baseline -0.002 -18"><span class='ocrx_word' id='word_1_220' title='bbox 110 2579 198 2642; x_wconf 88' lang='lat' dir='ltr'><strong><em>tabat</em></strong></span> <span class='ocrx_word' id='word_1_221' title='bbox 231 2577 421 2658; x_wconf 85' lang='lat' dir='ltr'><strong><em>immodicis,</em></strong></span> <span class='ocrx_word' id='word_1_222' title='bbox 455 2579 670 2660; x_wconf 84' lang='lat' dir='ltr'><strong><em>nepotiumque</em></strong></span> <span class='ocrx_word' id='word_1_223' title='bbox 702 2577 935 2641; x_wconf 89' lang='lat' dir='ltr'><strong><em>maturandum</em></strong></span> <span class='ocrx_word' id='word_1_224' title='bbox 968 2576 1085 2660; x_wconf 77' lang='lat' dir='ltr'><strong><em>Alypio</em></strong></span> <span class='ocrx_word' id='word_1_225' title='bbox 1118 2576 1247 2640; x_wconf 88' lang='lat' dir='ltr'><strong><em>dederat</em></strong></span> 
     </span>
     <span class='ocr_line' id='line_1_23' title="bbox 109 2679 322 2744; baseline -0.014 0"><span class='ocrx_word' id='word_1_226' title='bbox 109 2679 322 2744; x_wconf 81' lang='lat' dir='ltr'><strong><em>Antiochensi.</em></strong></span> 
     </span>
    </p>

    <p class='ocr_par' dir='ltr' id='par_1_3' title="bbox 106 2781 1246 3284">
     <span class='ocr_line' id='line_1_24' title="bbox 213 2781 1244 2869; baseline 0.001 -23"><span class='ocrx_word' id='word_1_227' title='bbox 213 2783 450 2866; x_wconf 77' lang='lat' dir='ltr'><strong><em>Nonnunquam</em></strong></span> <span class='ocrx_word' id='word_1_228' title='bbox 473 2781 648 2866; x_wconf 84' lang='lat' dir='ltr'><strong><em>perlectum</em></strong></span> <span class='ocrx_word' id='word_1_229' title='bbox 673 2790 704 2846; x_wconf 89' lang='grc'><strong><em>41</em></strong></span> <span class='ocrx_word' id='word_1_230' title='bbox 727 2781 1072 2867; x_wconf 82' lang='lat' dir='ltr'><strong><em>plusquamperfectum</em></strong></span> <span class='ocrx_word' id='word_1_231' title='bbox 1101 2783 1146 2846; x_wconf 79' lang='lat' dir='ltr'><strong><em>ita</em></strong></span> <span class='ocrx_word' id='word_1_232' title='bbox 1174 2803 1244 2869; x_wconf 82' lang='lat' dir='ltr'><strong><em>sesa</em></strong></span> 
     </span>
     <span class='ocr_line' id='line_1_25' title="bbox 109 2887 1245 2972; baseline -0.001 -20"><span class='ocrx_word' id='word_1_233' title='bbox 109 2887 290 2972; x_wconf 81' lang='lat' dir='ltr'><strong><em>excipiunt,</em></strong></span> <span class='ocrx_word' id='word_1_234' title='bbox 325 2894 360 2949; x_wconf 86' lang='lat' dir='ltr'><strong><em>ut</em></strong></span> <span class='ocrx_word' id='word_1_235' title='bbox 392 2907 487 2950; x_wconf 87' lang='lat' dir='ltr'><strong><em>seusu</em></strong></span> <span class='ocrx_word' id='word_1_236' title='bbox 522 2887 688 2970; x_wconf 87' lang='lat' dir='ltr'><strong><em>utriusque</em></strong></span> <span class='ocrx_word' id='word_1_237' title='bbox 722 2887 875 2970; x_wconf 87' lang='lat' dir='ltr'><strong><em>temporie</em></strong></span> <span class='ocrx_word' id='word_1_238' title='bbox 909 2893 1033 2950; x_wconf 84' lang='lat' dir='ltr'><strong><em>mutato</em></strong></span> <span class='ocrx_word' id='word_1_239' title='bbox 1063 2887 1245 2971; x_wconf 85' lang='lat' dir='ltr'><strong><em>plusquam·</em></strong></span> 
     </span>
     <span class='ocr_line' id='line_1_26' title="bbox 109 2988 1246 3076; baseline 0.002 -22"><span class='ocrx_word' id='word_1_240' title='bbox 109 2991 285 3075; x_wconf 85' lang='lat' dir='ltr'><strong><em>perlectum</em></strong></span> <span class='ocrx_word' id='word_1_241' title='bbox 321 2998 447 3074; x_wconf 84' lang='lat' dir='ltr'><strong><em>tempus</em></strong></span> <span class='ocrx_word' id='word_1_242' title='bbox 479 3009 537 3073; x_wconf 88' lang='lat' dir='ltr'><strong><em>pro</em></strong></span> <span class='ocrx_word' id='word_1_243' title='bbox 570 2989 728 3073; x_wconf 82' lang='lat' dir='ltr'><strong><em>pertento,</em></strong></span> <span class='ocrx_word' id='word_1_244' title='bbox 760 2988 936 3073; x_wconf 81' lang='lat' dir='ltr'><strong><em>perlectum</em></strong></span> <span class='ocrx_word' id='word_1_245' title='bbox 970 3010 1029 3074; x_wconf 87' lang='lat' dir='ltr'><strong><em>pro</em></strong></span> <span class='ocrx_word' id='word_1_246' title='bbox 1063 2991 1246 3076; x_wconf 87' lang='lat' dir='ltr'><strong><em>plusquam·</em></strong></span> 
     </span>
     <span class='ocr_line' id='line_1_27' title="bbox 106 3091 1245 3180; baseline 0.001 -21"><span class='ocrx_word' id='word_1_247' title='bbox 106 3095 250 3180; x_wconf 79' lang='lat' dir='ltr'><strong><em>perfeeto</em></strong></span> <span class='ocrx_word' id='word_1_248' title='bbox 284 3093 535 3178; x_wconf 86' lang='lat' dir='ltr'><strong><em>intellegendum</em></strong></span> <span class='ocrx_word' id='word_1_249' title='bbox 570 3093 620 3158; x_wconf 87' lang='lat' dir='ltr'><strong><em>sit.</em></strong></span> <span class='ocrx_word' id='word_1_250' title='bbox 672 3091 786 3177; x_wconf 85' lang='lat' dir='ltr'><strong><em>Itaque</em></strong></span> <span class='ocrx_word' id='word_1_251' title='bbox 821 3092 857 3156; x_wconf 82' lang='lat' dir='ltr'><strong><em>fit</em></strong></span> <span class='ocrx_word' id='word_1_252' title='bbox 891 3100 1050 3177; x_wconf 79' lang='lat' dir='ltr'><strong><em>tamquam</em></strong></span> <span class='ocrx_word' id='word_1_253' title='bbox 1085 3095 1245 3180; x_wconf 85' lang='lat' dir='ltr'><strong><em>quoddam</em></strong></span> 
     </span>
     <span class='ocr_line' id='line_1_28' title="bbox 109 3199 656 3284; baseline 0 -23"><span class='ocrx_word' id='word_1_254' title='bbox 109 3199 260 3284; x_wconf 81' lang='lat' dir='ltr'><strong><em>hysteron</em></strong></span> <span class='ocrx_word' id='word_1_255' title='bbox 283 3205 434 3282; x_wconf 85' lang='lat' dir='ltr'><strong><em>proteron</em></strong></span> <span class='ocrx_word' id='word_1_256' title='bbox 459 3206 656 3281; x_wconf 87' lang='lat' dir='ltr'><strong><em>temporum:</em></strong></span> 
     </span>
    </p>

    <p class='ocr_par' dir='ltr' id='par_1_4' title="bbox 102 3299 1333 4428">
     <span class='ocr_line' id='line_1_29' title="bbox 106 3299 1244 3385; baseline 0.001 -18"><span class='ocrx_word' id='word_1_257' title='bbox 106 3363 108 3367; x_wconf 86' lang='grc'><em>,</em></span> <span class='ocrx_word' id='word_1_258' title='bbox 176 3314 179 3320; x_wconf 80' lang='lat'>‘</span> <span class='ocrx_word' id='word_1_259' title='bbox 211 3305 264 3366; x_wconf 87' lang='grc'><strong><em>26.</em></strong></span> <span class='ocrx_word' id='word_1_260' title='bbox 289 3304 353 3383; x_wconf 85' lang='grc'>9,5</span> <span class='ocrx_word' id='word_1_261' title='bbox 376 3303 410 3364; x_wconf 87' lang='lat' dir='ltr'><strong><em>in</em></strong></span> <span class='ocrx_word' id='word_1_262' title='bbox 432 3301 534 3364; x_wconf 87' lang='lat' dir='ltr'><strong><em>locum</em></strong></span> <span class='ocrx_word' id='word_1_263' title='bbox 550 3299 708 3365; x_wconf 83' lang='lat' dir='ltr'><strong><em>Florentii</em></strong></span> <span class='ocrx_word' id='word_1_264' title='bbox 725 3299 925 3385; x_wconf 86' lang='lat' dir='ltr'><strong><em>praefectum</em></strong></span> <span class='ocrx_word' id='word_1_265' title='bbox 946 3303 1109 3385; x_wconf 87' lang='lat' dir='ltr'><strong><em>praetorio</em></strong></span> <span class='ocrx_word' id='word_1_266' title='bbox 1132 3300 1244 3368; x_wconf 92' lang='lat' dir='ltr'><strong><em>Nebri-</em></strong></span> 
     </span>
     <span class='ocr_line' id='line_1_30' title="bbox 108 3403 1333 3489; baseline 0 -19"><span class='ocrx_word' id='word_1_267' title='bbox 108 3407 195 3470; x_wconf 90' lang='lat' dir='ltr'><strong><em>dium</em></strong></span> <span class='ocrx_word' id='word_1_268' title='bbox 240 3413 305 3468; x_wconf 90' lang='lat' dir='ltr'><strong><em>tum</em></strong></span> <span class='ocrx_word' id='word_1_269' title='bbox 349 3413 541 3488; x_wconf 89' lang='lat' dir='ltr'><strong><em>quaestorem</em></strong></span> <span class='ocrx_word' id='word_1_270' title='bbox 585 3405 721 3469; x_wconf 89' lang='lat' dir='ltr'><strong><em>eiusdem</em></strong></span> <span class='ocrx_word' id='word_1_271' title='bbox 760 3403 907 3469; x_wconf 82' lang='lat' dir='ltr'><strong><em>Caesaris</em></strong></span> <span class='ocrx_word' id='word_1_272' title='bbox 948 3414 1149 3489; x_wconf 83' lang='lat' dir='ltr'><strong><em>promoverat</em></strong></span> <span class='ocrx_word' id='word_1_273' title='bbox 1173 3456 1180 3472; x_wconf 92' lang='lat'><strong>.</strong></span> <span class='ocrx_word' id='word_1_274' title='bbox 1206 3455 1245 3471; x_wconf 89' lang='lat'><strong><em>..</em></strong></span> <span class='ocrx_word' id='word_1_275' title='bbox 1328 3472 1333 3483; x_wconf 77' lang='grc'>,</span> 
     </span>
     <span class='ocr_line' id='line_1_31' title="bbox 107 3508 1245 3595; baseline -0.001 -21"><span class='ocrx_word' id='word_1_276' title='bbox 107 3509 313 3574; x_wconf 85' lang='lat' dir='ltr'><strong><em>Gumoarium</em></strong></span> <span class='ocrx_word' id='word_1_277' title='bbox 351 3511 432 3574; x_wconf 89' lang='lat' dir='ltr'><strong><em>enim</em></strong></span> <span class='ocrx_word' id='word_1_278' title='bbox 465 3529 672 3574; x_wconf 88' lang='lat' dir='ltr'><strong><em>successorem</em></strong></span> <span class='ocrx_word' id='word_1_279' title='bbox 707 3508 874 3593; x_wconf 81' lang='lat' dir='ltr'><strong><em>Lapicini,</em></strong></span> <span class='ocrx_word' id='word_1_280' title='bbox 909 3517 1075 3595; x_wconf 86' lang='lat' dir='ltr'><strong><em>antequam</em></strong></span> <span class='ocrx_word' id='word_1_281' title='bbox 1109 3512 1245 3576; x_wconf 87' lang='lat' dir='ltr'><strong><em>sciretur</em></strong></span> 
     </span>
     <span class='ocr_line' id='line_1_32' title="bbox 104 3613 1243 3699; baseline 0 -21"><span class='ocrx_word' id='word_1_282' title='bbox 104 3615 198 3679; x_wconf 89' lang='lat' dir='ltr'><strong><em>buius</em></strong></span> <span class='ocrx_word' id='word_1_283' title='bbox 228 3614 313 3677; x_wconf 91' lang='lat' dir='ltr'><strong><em>modi</em></strong></span> <span class='ocrx_word' id='word_1_284' title='bbox 345 3617 523 3699; x_wconf 89' lang='lat' dir='ltr'><strong><em>quicquam,</em></strong></span> <span class='ocrx_word' id='word_1_285' title='bbox 552 3615 741 3697; x_wconf 81' lang='lat' dir='ltr'><strong><em>maqistrum</em></strong></span> <span class='ocrx_word' id='word_1_286' title='bbox 770 3615 915 3697; x_wconf 80' lang='lat' dir='ltr'><strong><em>prouenit</em></strong></span> <span class='ocrx_word' id='word_1_287' title='bbox 950 3634 1124 3679; x_wconf 90' lang='lat' dir='ltr'><strong><em>armorum.</em></strong></span> <span class='ocrx_word' id='word_1_288' title='bbox 1177 3613 1243 3678; x_wconf 93' lang='lat' dir='ltr'><strong><em>Pro</em></strong></span> 
     </span>
     <span class='ocr_line' id='line_1_33' title="bbox 105 3716 1242 3803; baseline 0.001 -21"><span class='ocrx_word' id='word_1_289' title='bbox 105 3726 302 3803; x_wconf 82' lang='lat' dir='ltr'><strong><em>proruooerat</em></strong></span> <span class='ocrx_word' id='word_1_290' title='bbox 325 3717 514 3781; x_wconf 85' lang='lat' dir='ltr'><strong><em>Ammianus</em></strong></span> <span class='ocrx_word' id='word_1_291' title='bbox 532 3719 691 3802; x_wconf 87' lang='lat' dir='ltr'><strong><em>promouit</em></strong></span> <span class='ocrx_word' id='word_1_292' title='bbox 714 3724 746 3780; x_wconf 86' lang='lat' dir='ltr'><strong><em>et</em></strong></span> <span class='ocrx_word' id='word_1_293' title='bbox 768 3739 825 3801; x_wconf 86' lang='lat' dir='ltr'><strong><em>pro</em></strong></span> <span class='ocrx_word' id='word_1_294' title='bbox 843 3719 989 3801; x_wconf 78' lang='lat' dir='ltr'><strong><em>prouenit</em></strong></span> <span class='ocrx_word' id='word_1_295' title='bbox 1019 3717 1156 3782; x_wconf 87' lang='lat' dir='ltr'><strong><em>seribere</em></strong></span> <span class='ocrx_word' id='word_1_296' title='bbox 1186 3716 1242 3783; x_wconf 86' lang='lat' dir='ltr'><strong><em>de-</em></strong></span> 
     </span>
     <span class='ocr_line' id='line_1_34' title="bbox 107 3820 1242 3907; baseline -0.002 -21"><span class='ocrx_word' id='word_1_297' title='bbox 107 3824 204 3887; x_wconf 85' lang='lat' dir='ltr'><strong><em>bebat</em></strong></span> <span class='ocrx_word' id='word_1_298' title='bbox 230 3829 436 3906; x_wconf 78' lang='lat' dir='ltr'><strong><em>prouexerat3</em></strong></span> <span class='ocrx_word' id='word_1_299' title='bbox 469 3823 551 3907; x_wconf 89' lang='lat' dir='ltr'><strong><em>quod</em></strong></span> <span class='ocrx_word' id='word_1_300' title='bbox 585 3821 684 3886; x_wconf 89' lang='lat' dir='ltr'><strong><em>multo</em></strong></span> <span class='ocrx_word' id='word_1_301' title='bbox 715 3820 1047 3905; x_wconf 73' lang='lat' dir='ltr'><strong><em>clariusmpparobit,</em></strong></span> <span class='ocrx_word' id='word_1_302' title='bbox 1081 3821 1108 3884; x_wconf 87' lang='lat' dir='ltr'><strong><em>si</em></strong></span> <span class='ocrx_word' id='word_1_303' title='bbox 1139 3827 1242 3885; x_wconf 81' lang='lat' dir='ltr'><strong><em>totum</em></strong></span> 
     </span>
     <span class='ocr_line' id='line_1_35' title="bbox 104 3924 1242 4009; baseline -0.003 -18"><span class='ocrx_word' id='word_1_304' title='bbox 104 3928 264 4007; x_wconf 83' lang='lat' dir='ltr'><strong><em>¹Ammiani</em></strong></span> <span class='ocrx_word' id='word_1_305' title='bbox 287 3927 392 3990; x_wconf 87' lang='lat' dir='ltr'><strong><em>locum</em></strong></span> <span class='ocrx_word' id='word_1_306' title='bbox 416 3932 564 3990; x_wconf 77' lang='lat' dir='ltr'><strong><em>accurate</em></strong></span> <span class='ocrx_word' id='word_1_307' title='bbox 589 3925 771 4009; x_wconf 84' lang='lat' dir='ltr'><strong><em>perlegeris.</em></strong></span> <span class='ocrx_word' id='word_1_308' title='bbox 818 3927 870 3989; x_wconf 80' lang='grc'><strong><em>27.</em></strong></span> <span class='ocrx_word' id='word_1_309' title='bbox 896 3928 924 4002; x_wconf 81' lang='grc'>7,</span> <span class='ocrx_word' id='word_1_310' title='bbox 950 3928 963 3987; x_wconf 95' lang='lat' dir='ltr'>l</span> <span class='ocrx_word' id='word_1_311' title='bbox 989 3925 1042 3987; x_wconf 80' lang='lat' dir='ltr'><strong><em>oin</em></strong></span> <span class='ocrx_word' id='word_1_312' title='bbox 1065 3924 1130 3988; x_wconf 91' lang='lat' dir='ltr'><strong><em>dics</em></strong></span> <span class='ocrx_word' id='word_1_313' title='bbox 1146 3926 1242 3988; x_wconf 90' lang='lat' dir='ltr'><strong><em>inter-</em></strong></span> 
     </span>
     <span class='ocr_line' id='line_1_36' title="bbox 107 4028 1242 4114; baseline -0.002 -20"><span class='ocrx_word' id='word_1_314' title='bbox 107 4051 221 4094; x_wconf 86' lang='lat' dir='ltr'><strong><em>cessere</em></strong></span> <span class='ocrx_word' id='word_1_315' title='bbox 240 4032 349 4114; x_wconf 73' lang='lat' dir='ltr'><strong><em>paud,</em></strong></span> <span class='ocrx_word' id='word_1_316' title='bbox 373 4051 441 4093; x_wconf 88' lang='lat' dir='ltr'><strong><em>eum</em></strong></span> <span class='ocrx_word' id='word_1_317' title='bbox 464 4029 689 4094; x_wconf 89' lang='lat' dir='ltr'><strong><em>Mamertinum</em></strong></span> <span class='ocrx_word' id='word_1_318' title='bbox 711 4077 719 4093; x_wconf 91' lang='lat'><strong>.</strong></span> <span class='ocrx_word' id='word_1_319' title='bbox 744 4079 752 4094; x_wconf 93' lang='lat'><strong>.</strong></span> <span class='ocrx_word' id='word_1_320' title='bbox 777 4078 784 4093; x_wconf 94' lang='lat'><strong>.</strong></span> <span class='ocrx_word' id='word_1_321' title='bbox 808 4028 1055 4093; x_wconf 85' lang='lat' dir='ltr'><strong><em>Avitianus...</em></strong></span> <span class='ocrx_word' id='word_1_322' title='bbox 1076 4029 1242 4110; x_wconf 88' lang='lat' dir='ltr'><strong><em>peculatus</em></strong></span> 
     </span>
     <span class='ocr_line' id='line_1_37' title="bbox 105 4130 1241 4216; baseline -0.001 -19"><span class='ocrx_word' id='word_1_323' title='bbox 105 4136 260 4198; x_wconf 90' lang='lat' dir='ltr'><strong><em>detulerat</em></strong></span> <span class='ocrx_word' id='word_1_324' title='bbox 282 4155 380 4199; x_wconf 89' lang='lat' dir='ltr'><strong><em>reum.</em></strong></span> <span class='ocrx_word' id='word_1_325' title='bbox 427 4134 555 4198; x_wconf 80' lang='lat' dir='ltr'><strong><em>inverso</em></strong></span> <span class='ocrx_word' id='word_1_326' title='bbox 579 4140 761 4216; x_wconf 86' lang='lat' dir='ltr'><strong><em>temporum</em></strong></span> <span class='ocrx_word' id='word_1_327' title='bbox 785 4132 895 4195; x_wconf 86' lang='lat' dir='ltr'><strong><em>ordine</em></strong></span> <span class='ocrx_word' id='word_1_328' title='bbox 925 4130 1127 4195; x_wconf 85' lang='lat' dir='ltr'><strong><em>scribendum</em></strong></span> <span class='ocrx_word' id='word_1_329' title='bbox 1157 4138 1241 4197; x_wconf 87' lang='lat' dir='ltr'><strong><em>erat:</em></strong></span> 
     </span>
     <span class='ocr_line' id='line_1_38' title="bbox 102 4235 1239 4321; baseline -0.001 -20"><span class='ocrx_word' id='word_1_330' title='bbox 102 4241 155 4301; x_wconf 80' lang='lat' dir='ltr'><strong><em>oia</em></strong></span> <span class='ocrx_word' id='word_1_331' title='bbox 176 4241 428 4321; x_wconf 81' lang='lat' dir='ltr'><strong><em>intercesserant,</em></strong></span> <span class='ocrx_word' id='word_1_332' title='bbox 452 4259 521 4302; x_wconf 89' lang='lat' dir='ltr'><strong><em>cum</em></strong></span> <span class='ocrx_word' id='word_1_333' title='bbox 544 4238 662 4302; x_wconf 89' lang='lat' dir='ltr'><strong><em>detulit.</em></strong></span> <span class='ocrx_word' id='word_1_334' title='bbox 710 4239 760 4300; x_wconf 86' lang='lat'><strong><em>28.</em></strong></span> <span class='ocrx_word' id='word_1_335' title='bbox 783 4239 811 4316; x_wconf 90' lang='grc'>6,</span> <span class='ocrx_word' id='word_1_336' title='bbox 831 4239 872 4299; x_wconf 85' lang='grc'><strong><em>29</em></strong></span> <span class='ocrx_word' id='word_1_337' title='bbox 894 4235 1057 4298; x_wconf 85' lang='lat' dir='ltr'><strong><em>Romanus</em></strong></span> <span class='ocrx_word' id='word_1_338' title='bbox 1081 4236 1125 4298; x_wconf 89' lang='lat' dir='ltr'><strong><em>ad</em></strong></span> <span class='ocrx_word' id='word_1_339' title='bbox 1147 4238 1239 4300; x_wconf 90' lang='lat' dir='ltr'><strong><em>comi·</em></strong></span> 
     </span>
     <span class='ocr_line' id='line_1_39' title="bbox 103 4340 1239 4428; baseline -0.005 -18"><span class='ocrx_word' id='word_1_340' title='bbox 103 4350 205 4411; x_wconf 88' lang='lat' dir='ltr'><strong><em>tatum</em></strong></span> <span class='ocrx_word' id='word_1_341' title='bbox 235 4343 401 4428; x_wconf 83' lang='lat' dir='ltr'><strong><em>profectus</em></strong></span> <span class='ocrx_word' id='word_1_342' title='bbox 428 4363 531 4405; x_wconf 87' lang='lat' dir='ltr'><strong><em>seeum</em></strong></span> <span class='ocrx_word' id='word_1_343' title='bbox 563 4340 734 4406; x_wconf 82' lang='lat' dir='ltr'><strong><em>Caecilium</em></strong></span> <span class='ocrx_word' id='word_1_344' title='bbox 767 4341 877 4422; x_wconf 77' lang='lat' dir='ltr'><strong><em>duxit,</em></strong></span> <span class='ocrx_word' id='word_1_345' title='bbox 910 4341 1082 4424; x_wconf 83' lang='lat' dir='ltr'><strong><em>coquitores</em></strong></span> <span class='ocrx_word' id='word_1_346' title='bbox 1110 4361 1239 4405; x_wconf 88' lang='lat' dir='ltr'><strong><em>accusa·</em></strong></span> 
     </span>
    </p>
   </div>
   <div class='ocr_carea' id='block_1_3' title="bbox 0 0 1482 4808">
    <p class='ocr_par' dir='ltr' id='par_1_5' title="bbox 0 0 1482 4808">
     <span class='ocr_line' id='line_1_40' title="bbox 0 0 1482 4808; baseline 0 1"><span class='ocrx_word' id='word_1_347' title='bbox 0 0 1482 4808; x_wconf 95' lang='lat' dir='ltr'><strong><em> </em></strong></span> 
     </span>
    </p>
   </div>
  </div>
 </body>
</html>
