2956 4822
212 311 251 374 12
735 309 825 392 [aaa]

214 524 361 588 quarum,
386 510 419 566 ut
443 502 625 588 Apollinem
651 502 887 580 comitantium,
918 500 1010 565 sedes
1033 510 1116 565 esset
1140 501 1259 587 Pytho.
1306 504 1350 567 At

211 628 281 670 curn
305 629 344 670 nc
363 629 423 671 uuo
441 606 569 693 quidem
585 607 679 670 huius
697 607 843 670 carminis
859 604 930 668 loco
950 605 1055 690 Pytho
1074 607 1200 671 nomine
1219 610 1348 693 proprio

212 710 373 795 appellata
396 711 445 791 sit,
468 710 626 775 Pindarus
651 709 698 772 his
722 711 817 773 variis
842 710 1055 774 locutiouihus
1080 731 1142 772 uon
1166 711 1249 788 ideo,
1275 712 1349 795 quia

210 814 294 877 idem
306 836 418 878 nomeu
430 822 574 899 repetere
586 815 724 887 nolebat,
738 814 792 876 sed
805 835 880 877 casu
890 836 965 877 usus
978 820 1034 892 est,
1051 815 1131 877 sicut
1142 834 1199 877 uos
1210 836 1348 899 quoquc,

210 921 236 982 si
252 918 396 1001 pluribus
413 919 453 983 de
472 921 630 1003 aliquare
649 919 779 1001 agimus,
802 939 864 980 non
884 918 994 981 eadem
1016 940 1114 1002 neque
1132 918 1349 1002 appellatione

212 1044 283 1085 cam
316 1029 474 1087 notamus.
521 1022 614 1097 Quod
650 1024 751 1106 primo
784 1022 909 1106 quidem
943 1025 1055 1085 obtutu
1091 1032 1211 1086 rectum
1249 1023 1349 1086 rideri

211 1133 326 1209 potest.
372 1126 433 1190 Sed
459 1128 545 1190 initio
572 1126 664 1190 huius
688 1126 834 1189 carminis
862 1128 1040 1189 accuratius
1065 1126 1206 1209 inspecto
1230 1148 1349 1208 cogno·

195 1250 336 1318 ‚cccmus
360 1231 389 1293 in
415 1254 445 1296 r.
469 1235 488 1294 5
512 1232 615 1294 inesse
638 1231 760 1315 Pythus
784 1232 928 1312 signum,
959 1252 1029 1293 cum
1055 1228 1239 1306 Πυθιόνικος
1263 1238 1349 1294 certe

212 1335 287 1397 nihil
313 1334 395 1397 aliud
421 1336 576 1417 significet
599 1357 689 1419 quam
716 1355 800 1412 eum,
825 1336 876 1416 qui
905 1337 1013 1395 lhdot
1033 1334 1114 1396 vicit.
1150 1333 1265 1417 ltaque
1290 1335 1350 1399 hcc

212 1438 281 1520 ipso
314 1439 461 1522 exemplo
492 1440 639 1503 statuisse
671 1439 729 1502 sihi
760 1438 931 1500 Pindarum
965 1438 1105 1521 regulam
1136 1438 1221 1501 illam
1253 1460 1349 1523 sripra

212 1548 420 1604 memoratam
446 1543 556 1606 mirum
580 1544 609 1606 in
640 1542 770 1606 modum
801 1542 1044 1627 comprobatur,
1075 1542 1150 1625 quia
1180 1551 1349 1627 postquam

212 1640 597 1727 thesaurum'carminum,
615 1648 728 1733 quibus
746 1647 871 1710 victoris
889 1667 989 1728 genus
1004 1645 1136 1729 Delphis
1153 1647 1347 1710 celebratum

214 1758 299 1826 erat,
333 1751 560 1836 Pythionicum
590 1753 779 1837 appellavit,
817 1749 941 1835 Pythus
972 1771 1106 1831 nomen,
1140 1750 1222 1834 quod
1260 1752 1286 1813 ei
1317 1753 1349 1815 iu

213 1855 369 1917 vocabulo
393 1855 446 1918 illo
470 1856 574 1920 inesse
599 1855 783 1935 videbatur,
810 1863 953 1938 repetere
979 1856 1100 1917 veritus
1124 1862 1180 1918 est.

319 1995 463 2068 Quocum
488 1996 689 2059 consentiunt
713 2014 793 2078 quae
818 1994 951 2076 legimus
981 1994 1011 2056 in
1043 1993 1181 2084 camnine
1211 1993 1348 2077 Pythice

213 2096 352 2162 decimo:
380 2100 463 2162 in·V.
487 2103 505 2161 4
532 2096 649 2174 Πυθώ,
672 2098 701 2160 ln
727 2121 757 2161 v.
781 2102 798 2159 S
824 2096 839 2159 d
867 2095 1036 2177 Παρνάσιος
1058 2095 1174 2179 μυχός,
1197 2097 1225 2158 in
1253 2119 1282 2160 v.
1309 2100 1346 2161 15

212 2198 271 2264 ind
287 2202 403 2284 Κίρρας
421 2201 542 2283 πέτραν.
578 2202 628 2268 De
646 2202 803 2265 adlecllvo
824 2198 995 2281 Παρνάσιος
1011 2202 1073 2263 iam
1090 2223 1184 2286 supra
1202 2200 1348 2280 (llxlmUS,

213 2327 323 2370 verum
349 2309 443 2369 etiam
468 2307 572 2369 verbis
600 2308 676 2384 ,suh
697 2303 827 2368 Cirrhae
852 2303 948 2386 rupc“
976 2303 1156 2388 Pythonem
1179 2305 1349 2389 significari

212 2408 283 2472 loco
316 2408 398 2494 apud
432 2409 604 2473 Pindarum
637 2409 778 2492 inspecto
812 2429 904 2471 nemo
942 2407 1086 2491 negabit,
1121 2430 1191 2470 cum
1227 2409 1276 2471 hie
1309 2407 1348 2470 dc

214 2514 437 2578 certaminibus
455 2513 618 2598 Delphicis
642 2520 756 2596 agatur
776 2521 808 2575 et
827 2510 938 2576 Cirrha
962 2510 1036 2575 urbs
1057 2512 1096 2574 ab
1114 2513 1190 2576 urbe
1203 2512 1350 2594 Pythone

214 2617 358 2700 proxime
380 2618 506 2683 afuerit.

316 2757 383 2820 lam
423 2758 568 2840 quamvis
607 2757 713 2820 omnia
756 2757 983 2841 perlustramus
1027 2756 1164 2818 carmina
1204 2755 1350 2839 Pythice,

214 2861 334 2924 nullum
368 2870 471 2924 tamen
508 2873 545 2926 ut
578 2863 806 2944 investigemus
841 2863 1003 2944 continget
1038 2860 1218 2942 exemplum
1255 2860 1349 2922 rrllius

213 2966 438 3049 appellationis
462 2966 588 3051 Pythus
611 2976 665 3029 aut
689 2967 719 3029 iu
744 2966 877 3050 stropha
900 2965 1012 3030 eadem
1036 2974 1092 3027 aut
1116 2965 1145 3026 in
1176 2970 1349 3048 systemate

213 3068 324 3133 eodem
349 3071 511 3154 repetitae.
552 3070 591 3134 ln
613 3092 676 3135 uno
700 3071 838 3133 carmine
854 3070 1021 3155 Olympico
1037 3069 1175 3132 secundo
1195 3068 1351 3131 Pindarus

212 3183 380 3257 postquam
406 3175 434 3238 in
461 3196 489 3237 v.
513 3178 553 3238 39
578 3176 758 3260 Pythonem
784 3175 882 3260 ipsam
915 3174 1191 3241 commemoravit,
1225 3172 1286 3233 iam
1320 3173 1350 3234 in

213 3299 240 3337 v.
259 3282 301 3341 49
325 3277 363 3340 ad
389 3277 472 3343 idem
497 3301 609 3343 nomen
634 3279 782 3356 recurrit3
805 3279 859 3341 sed
884 3300 954 3341 cum
980 3277 1060 3341 inter
1079 3277 1157 3340 duos
1174 3277 1245 3339 illos
1262 3277 1350 3339 locos

213 3403 276 3446 aon
301 3384 403 3446 solum
429 3391 496 3447 tota
523 3383 655 3468 stropha
686 3383 822 3456 intersit,
852 3382 909 3446 sed
941 3383 1034 3445 etiam
1065 3382 1140 3445 novi
1170 3382 1352 3464 systematis

216 3487 340 3550 initium
365 3488 484 3549 lactum
507 3489 557 3566 sit,
581 3488 693 3570 regula
716 3487 768 3549 ille
792 3487 920 3550 minime
942 3486 1162 3549 labefactatur.

317 3625 447 3700 Restat,
471 3634 504 3689 ut
527 3628 762 3693 examinemus,
787 3646 862 3688 num
885 3624 1042 3687 Pindarus
1067 3622 1200 3686 eundem
1225 3622 1350 3684 dicendi

214 3730 343 3792 modum
365 3730 396 3792 in
419 3729 645 3794 NEMEAEIS
664 3737 695 3792 et
711 3728 937 3793 IsTHMIOIS
954 3728 1143 3791 carminihus
1160 3726 1351 3802 servarerit3

214 3855 406 3918 quamquam
430 3854 491 3897 non
516 3833 629 3898 eodem
655 3832 760 3896 studio
784 3841 816 3895 et
839 3853 947 3894 amore
971 3833 1001 3893 iu
1033 3830 1098 3908 his,
1129 3851 1193 3914 quo
1226 3829 1256 3892 in
1283 3829 1352 3891 odis

213 3937 389 4022 Olympicis
413 3943 444 4000 et
460 3937 613 4022 Pythicis,
637 3939 844 4000 certaminum
868 3937 1032 4020 regionem
1054 3934 1208 4017 depinxit.
1256 3931 1350 4005 Quod

213 4042 318 4105 nescio
352 4051 455 4105 utrum
491 4041 608 4104 factum
644 4041 700 4114 sit,
739 4040 812 4124 quia
847 4038 1039 4102 Nemeorum
1077 4048 1109 4102 et
1146 4035 1352 4100 Isthmiorum

212 4145 389 4208 aestimatio
419 4145 521 4208 minor
553 4155 620 4207 crat
653 4164 745 4226 quam
777 4143 995 4226 Olympiorum
1025 4151 1056 4204 et
1080 4142 1289 4224 Pythiorum,
1320 4139 1351 4202 id

213 4246 297 4330 quod
331 4247 487 4312 Pindarus
521 4249 588 4331 ipsc
620 4247 776 4330 significat
811 4246 840 4308 in
874 4245 1018 4307 carminis
1051 4242 1202 4306 Nemeaei
1237 4241 1349 4305 decimi

213 4370 241 4414 r.
266 4354 316 4430 32,
339 4371 378 4413 an
399 4351 469 4436 quia
487 4352 554 4435 ipsa
572 4351 626 4412 illa
644 4351 732 4433 regio
748 4349 916 4412 fluviorum
935 4356 966 4410 et
985 4348 1137 4409 montium
1156 4347 1351 4409 amoenitate
