2948 4808
589 308 804 367 ..15-

126 490 320 583 ἐ[πό]ησ[αν
352 529 385 539 -
412 513 470 554 —:
502 493 618 557 ultima
640 513 747 577 neque
772 514 814 557 ex
837 493 1018 557 litterarum
1040 493 1187 578 vestigiis
1208 491 1265 555 dc-

132 599 216 663 tritis
247 605 337 663 recte
364 596 541 661 eliciuntur
569 617 676 682 neque
699 598 895 662 sententiam
920 596 1071 661 idoneam
1094 596 1264 683 praebent.

223 703 292 767 Iam
334 702 385 767 his
418 722 500 786 quae
539 701 764 786 congessimus
798 702 831 765 in
867 701 1028 765 rationem
1061 702 1183 766 vocatis
1211 722 1265 765 co-

132 807 318 890 gnoscimus
340 825 454 869 omnes
477 826 534 869 eas
550 805 701 869 civitates
726 825 861 889 quarum
886 800 1052 890 ἱεροποιοί
1078 826 1261 868 memoran-

135 915 189 973 tur
211 908 251 974 ad
282 909 463 973 Ionicum
488 898 619 992 gentem
651 909 817 994 pertinere
842 916 985 996 excepta
1006 909 1113 973 insula
1135 908 1262 974 Rhodo.

132 1012 216 1077 Nam
252 1013 338 1098 quod
379 1013 411 1075 in
442 1011 507 1076 illis
537 1010 683 1097 Aegypti
714 1011 849 1076 urbibus
881 1033 1017 1097 quarum
1047 1014 1195 1077 instituta
1222 1036 1264 1078 ex

133 1116 314 1181 imitatione
339 1116 540 1181 Graecorum
563 1115 663 1180 Asiae
687 1116 821 1181 minoris
845 1116 955 1180 elficta
978 1123 1071 1180 erant
1092 1117 1265 1181 sacrificuli

132 1220 367 1305 imperatorum
379 1220 599 1284 Romanorum
615 1225 762 1305 tempore
777 1220 994 1300 inveniuntur,
1011 1242 1074 1285 non
1090 1242 1264 1285 moramur.

127 1323 306 1387 Ionicum
329 1324 456 1409 igitur
479 1345 617 1388 nomen
641 1331 702 1388 est
725 1325 999 1408 magistratus;
1025 1324 1139 1389 Ionum
1156 1332 1266 1389 autem

125 1427 306 1492 vicinorum
329 1427 513 1491 institutum
537 1427 655 1492 Rhodii
679 1448 807 1514 quoque
832 1435 1035 1514 receperunt.

625 1871 700 1938 Cle.
724 1873 770 1938 ΙΙ.

317 1992 378 2057 Du
403 1992 640 2058 cousualis
666 1993 1077 2065 SACRIFIOULORUM.

212 2111 413 2205 Ἶεροποιούς
444 2119 583 2203 collegia
616 2139 751 2183 numero
784 2119 870 2184 inter
897 2141 932 2183 se
963 2119 1093 2184 diversa
1116 2121 1265 2186 effecisse

130 2223 216 2286 tituli
239 2223 367 2288 docent.
412 2222 500 2287 Raro
523 2223 619 2288 unius
642 2230 768 2289 tantum
792 2218 962 2311 ἱεροποιοῦ
984 2223 1021 2287 fit
1044 2225 1176 2289 mentio.

220 2349 247 2412 l.
269 2345 517 2432 Amplissimum
540 2346 797 2412 sacrificulorum
814 2348 987 2432 collegium
1003 2346 1043 2412 dc
1061 2368 1123 2432 quo
1140 2353 1268 2411 constet

131 2447 282 2513 Camiri
313 2456 364 2515 est
392 2451 425 2514 in
448 2450 529 2516 urbe
553 2450 676 2531 Rhodi,
706 2453 798 2517 cuius
826 2452 1037 2518 duodecim
1060 2452 1267 2516 nominantur

130 2553 218 2621 Bull.
234 2553 274 2618 de
298 2575 380 2621 corr.
404 2555 481 2618 hell.
497 2555 529 2619 V
546 2578 577 2641 p.
595 2558 656 2621 336
682 2578 762 2642 sqq„
787 2557 841 2641 qui
864 2557 970 2621 simul*
984 2578 1058 2621 cum
1081 2556 1152 2620 aliis
1176 2557 1266 2620 urbis

128 2657 377 2742 magistratibus
405 2664 439 2724 et
467 2659 693 2724 sacerdotibus
725 2660 901 2746 subscripti
930 2667 1004 2725 sunt
1034 2660 1166 2725 donario
1198 2658 1267 2723 dcis

130 2761 253 2826 oblato.
270 2799 308 2808 -
327 2761 366 2826 In
378 2762 482 2828 altera
497 2764 745 2848 magistratuum
761 2763 875 2828 tabula
891 2763 975 2849 apud
991 2763 1154 2842 Rossium‚
1171 2763 1267 2828 inser.

129 2863 218 2943 ined.
242 2885 273 2931 n.
296 2867 358 2928 276
386 2887 458 2931 sex
487 2873 701 2931 recensentur
729 2866 876 2932 eiusdem
904 2868 968 2932 loci
991 2866 1179 2949 sacrificuli,
1214 2868 1267 2952 qui

129 2969 268 3034 alterum
298 2969 471 3055 collegium
504 2971 652 3036 effecisse
693 2970 850 3036 videntur.
904 2971 1018 3057 Neque
1053 2992 1073 3036 a
1101 2993 1180 3037 vero
1209 2971 1267 3035 ab·

130 3073 264 3137 horrere
293 3071 374 3136 mihi
402 3072 531 3138 ridetur
559 3073 645 3159 quod
667 3073 805 3139 Rossius
830 3074 985 3140 iudicavit
1007 3075 1069 3140 hoc
1093 3075 1267 3162 collegium

131 3176 174 3241 ad
196 3175 360 3263 Apollinis
382 3175 555 3242 Erethimii
577 3178 688 3243 fanum
711 3179 887 3265 pertinere,
911 3179 1064 3264 quoniam
1086 3180 1171 3244 inter
1196 3181 1266 3244 eius

131 3279 250 3346 rudera
274 3281 387 3345 titulus
416 3287 565 3368 ropertus
590 3287 651 3350 cst.
675 3282 749 3347 -Ex
778 3283 909 3368 reliquis
933 3305 1010 3348 vero
1033 3282 1141 3347 Rhodi
1165 3284 1267 3348 titulis

131 3390 241 3450 certus
265 3384 517 3450 sacrificulorum
542 3407 697 3451 numerus
721 3386 791 3451 erui
813 3387 935 3472 nequit.

219 3488 271 3555 De
290 3487 411 3554 Lindo
429 3495 537 3555 tamen
550 3491 577 3554 si
590 3491 808 3556 coniecturam
824 3490 1100 3577 periclitarilicet,
1114 3496 1267 3574 quattu-

133 3591 310 3658 ordecim
325 3594 372 3658 ibi
388 3594 586 3659 sacrificulos
602 3594 703 3660 fuisse
721 3595 844 3681 opinor,
861 3595 936 3680 quia
952 3592 1208 3678 quattuordecim
1220 3578 1269 3659 'ex

133 3697 252 3783 quibus
268 3697 457 3762 Lindiorum
480 3698 594 3762 civitas
619 3698 791 3764 constabat
813 3699 889 3785 pagi
912 3698 1005 3762 nobis
1021 3698 1090 3765 noti
1105 3702 1189 3777 sunt,
1213 3699 1267 3783 qui
1312 3760 1313 3763 ,

133 3803 245 3866 nescio
283 3823 324 3866 an
368 3803 487 3888 singuli
528 3803 673 3888 singulos
710 3804 909 3868 sacrificulos
942 3802 1174 3889 praestiterint.
1225 3801 1268 3865 Et

132 3905 285 3970 undecim
314 3905 446 3990 quidem
474 3926 576 3992 pagos
604 3906 707 3970 habes
732 3905 818 3992 apud
842 3904 1063 3987 Foucortium,
1088 3904 1267 3969 insenius.

131 4008 238 4076 Rhod.
252 4031 282 4073 n.
296 4012 347 4091 60,
365 4008 405 4074 de
422 4011 540 4074 ceteris
552 4010 593 4076 cf.
608 4009 821 4075 Foucartium
832 4010 853 4079 l.
870 4032 896 4075 c.
914 4032 945 4095 p.
960 4012 1011 4075 68.
1055 4008 1167 4072 Addas
1184 4008 1267 4093 quod

132 4114 222 4180 idem
245 4134 349 4198 genus
374 4114 547 4178 creationis
569 4114 609 4179 ad
627 4108 803 4200 ἱεροθύτας
819 4113 965 4179 eiusdem
982 4113 1071 4177 urbis
1085 4135 1267 4177 accommo-

131 4218 248 4283 datum
280 4239 354 4281 esse
386 4217 454 4281 veri
483 4217 569 4282 haud
601 4218 758 4282 dissimile
790 4222 856 4282 est:
891 4215 1073 4302 quindecim
1097 4223 1211 4281 extant
1235 4218 1267 4281 in
