2956 4822
650 301 741 386 [213]
1221 310 1281 374 117

151 492 489 577 Staatsverfassungeu
514 516 544 579 p.
562 493 650 577 727).
696 496 775 559 Post
798 518 890 579 quem
916 518 983 560 rare
1008 496 1224 562 dubitationes
1242 498 1283 562 de

152 599 210 660 hac
234 621 266 661 re
291 606 381 662 ortae
404 607 487 663 suut.
533 599 615 663 Nam
639 600 734 664 etiam
755 600 936 664 Boeclthius
954 602 1026 665 Cli}
1051 603 1083 665 ll
1109 625 1139 687 p.
1156 608 1217 668 633
1241 604 1281 667 ad

149 685 179 765 h.
204 706 304 766 3046:
332 704 498 786 „Syhedri,
521 705 632 789 inquit,
663 712 737 768 suut
767 705 890 768 concilii
913 707 1047 770 Aetolici
1080 708 1283 789 magistratus

150 808 308 887 ordinarii,
327 809 464 873 Senatus
488 810 638 894 quippe“.
684 810 746 882 uui
771 831 841 873 curu
857 810 896 873 de
913 811 1069 894 apocletis
1086 812 1160 874 nihil
1177 812 1284 895 addat,

151 932 224 974 num
248 911 306 975 hos
330 934 387 997 pro
413 915 531 976 eisdem
555 913 701 977 habuerit
723 936 786 977 non
803 917 1003 998 perspicitur.
1044 915 1193 979 Ceterum
1213 938 1284 979 earn

152 1035 217 1076 rem
241 1016 358 1078 nollem
383 1039 533 1101 umquam
556 1019 588 1082 in
609 1018 839 1082 dubitationem
856 1030 1006 1082 uocatam
1022 1041 1108 1083 csse:
1132 1017 1285 1099 συνέδριον

150 1127 293 1184 senatum
308 1142 387 1199 csse,
405 1121 564 1202 ουνδδροος
576 1130 742 1187 senatores
754 1124 772 1187 ¹.
798 1123 891 1197 Quod
910 1144 973 1186 non
988 1123 1067 1188 bene
1081 1123 1284 1209 Droyseous‘2

153 1225 282 1308 negauit
305 1224 372 1307 (III
398 1230 425 1301 1.
451 1248 483 1311 p.
506 1228 567 1289 447
592 1226 666 1291 adn.
692 1224 742 1308 l),
777 1226 829 1311 qui
854 1225 1014 1305 συνέδρους
1047 1227 1210 1291 consilium
1244 1250 1284 1291 cx

150 1329 304 1412 apocletis
335 1329 493 1394 delectum
524 1331 622 1394 fuisse
653 1331 796 1412 coniecit,
828 1333 1008 1415 prytanium
1040 1331 1284 1395 Atheniensium

150 1432 260 1497 simile.
286 1435 375 1506 Quae
392 1436 550 1499 sententia
566 1436 692 1519 probari
709 1456 802 1519 posse
818 1435 894 1498 mihi
911 1456 973 1498 non
986 1435 1121 1499 uidetur.
1146 1435 1284 1499 Senatus

151 1537 234 1598 cuim
264 1538 404 1601 omnium
434 1537 597 1601 foederum
631 1548 662 1603 ct
695 1539 991 1623 amphictioniarum
1021 1537 1161 1619 συνέδρια
1193 1561 1285 1604 uoca-

151 1639 276 1705 bantur.
322 1642 360 1704 nt
388 1648 494 1705 autem
528 1642 581 1727 qui
604 1641 644 1704 ad
668 1643 747 1704 hacc
770 1642 905 1724 collegia
928 1663 946 1704 a
970 1642 1151 1707 ciuitatibus
1184 1643 1285 1707 mitte-

149 1746 280 1827 bantur,
312 1752 343 1808 et
375 1745 509 1825 arbedone
541 1745 787 1830 appellabantur
817 1753 847 1808 et
878 1746 1042 1825 βουλευταί
1074 1745 1131 1829 (cf.
1162 1768 1192 1830 p.
1216 1747 1285 1828 22).

152 1847 202 1909 Ad
226 1848 287 1911 hoc
311 1851 408 1932 igitur
433 1850 602 1933 collegium
628 1850 805 1914 Pereenses
830 1871 925 1912 unum
951 1856 1131 1913 senatorem
1158 1851 1286 1915 mittere

150 1951 309 2016 iubentur.
355 1954 486 2034 Restat,
516 1962 551 2016 ut
585 1975 794 2038 quaeramus,
829 1975 903 2016 num
935 1953 1017 2016 idem
1048 1954 1089 2016 sit
1116 1955 1286 2037 collegium

150 2054 348 2141 droctrinae,
382 2057 466 2141 quod
499 2056 610 2120 Liuius
646 2058 787 2142 appellat
823 2057 1016 2121 ‘sanctius
1053 2048 1289 2121 consilium’

151 2158 298 2243 (XXXV
323 2164 374 2241 34,
399 2164 428 2225 2.
475 2162 514 2227 ci.
539 2161 688 2226 XXXVI
712 2165 752 2225 28
776 2164 881 2241 extr).

255 2265 378 2338 Quibus
410 2265 514 2328 uerbis
545 2265 690 2349 plerique
721 2266 781 2330 uiri
809 2265 1075 2351 doctiprohibiti
1107 2286 1169 2328 non
1204 2274 1287 2344 sunt,

151 2370 318 2452 quominus
350 2368 537 2451 σὀοκλήτους
560 2391 617 2453 pro
642 2376 754 2432 senatu
785 2370 951 2449 haberent,
980 2370 1000 2435 i.
1026 2390 1050 2432 c.
1075 2390 1132 2453 pro
1166 2369 1287 2432 eisdem

153 2481 249 2557 atque
286 2472 465 2553 συνέδρους,
500 2473 586 2558 quod
621 2474 768 2538 fecerunt
801 2484 832 2539 et
870 2474 1041 2538 Subernius
1080 2473 1286 2553 (Geschichte

154 2577 415 2644 Griechenlauds
453 2579 553 2642 Bonu.
571 2582 650 2641 1833
674 2602 704 2661 p.
722 2581 763 2642 2ss
787 2601 832 2664 sq.
842 2578 871 2658 3)
889 2585 920 2641 et
937 2577 1176 2641 Scheemaunus
1193 2574 1286 2658 (Ant.

153 2683 210 2747 iur.
236 2682 322 2767 publ.
348 2682 402 2747 Gr.
427 2703 457 2766 p.
483 2682 561 2755 439)
585 2689 617 2746 et
639 2682 809 2764 Ussingius
834 2680 880 2766 (p.
905 2679 940 2763 5)
966 2690 998 2745 et
1023 2680 1171 2743 Kuhnius
1195 2678 1287 2758 (Ent-

152 2788 289 2869 stehung
320 2786 349 2850 d.
382 2786 428 2852 st.
461 2808 489 2869 p.
517 2789 576 2850 125
608 2785 692 2869 sq.⁴)
723 2795 753 2848 et
784 2785 959 2849 Vischerus
989 2785 1020 2848 in
1052 2784 1168 2847 iudicio
1203 2782 1288 2867 quod

155 2892 277 2974 scripsit
302 2890 340 2953 dc
363 2891 443 2954 libro
468 2891 635 2953 Fraomani
661 2890 742 2971 [Ser.
766 2890 872 2953 miul
897 2912 927 2975 p.
945 2887 1034 2971 577).
1081 2887 1169 2953 Idem
1195 2893 1288 2950 antea

153 2995 212 3078 (ib.
229 3017 259 3079 p.
279 2998 354 3067 374)
380 2983 546 3058 Freeurani
570 2995 750 3058 sententiae
773 2995 873 3079 magis
894 2992 1060 3073 adnuerat,
1085 3013 1156 3054 cum
1174 2992 1289 3073 etipse

154 3121 222 3163 cum
249 3099 419 3181 damiurgis
442 3099 646 3162 Achaeorum
672 3096 835 3177 συνέδρους
863 3106 1071 3180 compararet,
1099 3116 1193 3179 quam
1219 3117 1288 3157 scn-

153 3205 285 3267 tentiam
311 3211 421 3286 postea
445 3204 512 3266 iure
535 3202 664 3285 spreuit.
709 3201 885 3285 Apocletos
910 3211 940 3263 ct
965 3199 1122 3284 synedros
1146 3197 1290 3261 distinxit

257 3331 264 3362 ¹
278 3327 446 3393 Quamquam
462 3324 534 3392 quod
551 3324 693 3388 Ussiugius
708 3325 759 3375 hou
774 3323 881 3388 Polybii
896 3322 988 3372 uerbis
1004 3322 1069 3373 XXI
1081 3319 1114 3371 32
1128 3319 1222 3382 (XXII
1239 3316 1290 3379 lo),

156 3416 165 3464 Ι
187 3414 284 3465 fulcire
306 3414 356 3463 sibi
377 3414 451 3463 uisus
471 3423 511 3461 cst
533 3419 569 3475 (p.
588 3413 625 3474 it,
645 3411 711 3459 mire
730 3410 841 3460 errauit.
879 3406 953 3459 Illud
974 3409 1043 3458 cuim
1066 3404 1139 3472 quod
1159 3406 1210 3455 hoc
1231 3405 1290 3455 loco

154 3509 381 3551 tioromcmoratur
399 3496 534 3561 συνέδριον,
554 3497 738 3548 Romanorum
753 3496 878 3547 nimirum
893 3500 1004 3545 serratus
1019 3505 1075 3542 cst:
1096 3491 1130 3542 ct'.
1145 3508 1167 3542 c.
1180 3489 1214 3543 30
1226 3488 1291 3553 (13).

155 3586 179 3639 c.
203 3586 239 3638 rc.
277 3604 299 3638 c.
319 3585 351 3638 31
372 3587 436 3650 (14),
460 3591 478 3637 l.

256 3672 267 3706 ²
293 3672 381 3722 Etiam
410 3673 576 3722 Frcomouns
603 3687 627 3735 p.
647 3668 697 3721 335
717 3685 755 3736 sq.
783 3668 943 3734 (ἶπονλήυους
972 3669 1131 3728 senatores,
1160 3664 1292 3730 συνέδρους

155 3759 332 3824 magistratus
352 3757 554 3820 demiurgorum
576 3755 747 3806 Achaeorum
767 3755 869 3805 similes
889 3754 975 3803 luisse
995 3752 1156 3802 arbitratur.

210 3899 212 3903 ,
256 3844 266 3878 ³
280 3845 306 3896 Is
320 3845 386 3894 mira
402 3844 532 3910 quaedum
549 3843 582 3892 tle
596 3842 730 3906 apocletis
741 3840 838 3903 refert,
851 3840 929 3889 uelut
939 3844 1032 3888 contra
1044 3837 1202 3887 Aetolorum
1214 3836 1291 3901 loges

155 3936 317 3996 potestatem
339 3930 371 3979 do
392 3946 495 3980 summa
515 3943 602 3978 rerum
624 3943 670 3976 eos
690 3926 742 3977 sibi
762 3941 917 3991 arrogasse.

257 4017 268 4050 Ι
288 4016 338 4075 Qui
359 4032 418 4066 cum
439 4016 506 4065 satis
526 4013 675 4063 infeliciter
695 4011 794 4062 oLiuii
814 4012 899 4062 uerbo
919 4005 1072 4075 ‘principos'
1094 4009 1236 4073 protectus
1249 4008 1293 4065 sit.

157 4103 249 4153 mirum
271 4118 324 4153 uon
345 4110 385 4153 est
405 4102 477 4151 huuc
496 4102 583 4150 uirum
602 4097 806 4162 sagacissimum
827 4097 892 4146 uihil
914 4094 987 4162 quod
1008 4095 1099 4160 magui
1118 4094 1245 4145 momenti
1258 4093 1293 4145 sit

158 4188 191 4238 dc
211 4190 344 4254 apocletis
365 4188 494 4239 effecisse¹
527 4186 622 4252 Neque
636 4185 705 4235 enirn
721 4183 808 4234 miuus
822 4187 981 4234 corratauter
995 4196 1124 4247 umquam
1136 4181 1193 4231 ullo
1207 4181 1293 4231 uerbo

166 4277 284 4343 scriptor
309 4291 373 4328 usus
400 4282 455 4328 cst:
481 4274 516 4330 cf.
536 4274 624 4330 locutu
651 4273 821 4329 notissimum
841 4269 898 4331 Lir.
917 4268 1044 4333 XXXIII
1061 4267 1096 4323 35
1120 4283 1179 4320 cum
1199 4266 1295 4348 Polyb,

156 4363 253 4419 xvnr
271 4364 313 4430 rs,
333 4361 356 4420 t.
