2954 4808
655 305 749 399 [183]
1233 313 1270 378 n

237 507 401 576 Particula
423 510 588 596 quominus
611 529 672 574 non
697 508 755 572 nisi
778 508 876 574 semel
900 507 975 572 mihi
1000 506 1148 573 occurrit:
1173 509 1225 572 26.
1243 509 1272 586 4,

134 619 153 681 6
176 615 256 679 atta
278 613 401 679 obstare
424 611 542 676 debebit
564 613 731 696 quominus
753 632 789 675 ea
811 618 1023 696 recuperaret.

236 719 270 802 2)
294 717 630 784 consecutivae:
660 723 715 798 at,
744 723 779 780 ut
809 737 882 782 non.
933 715 983 781 De
1012 734 1146 802 quarum
1175 715 1272 801 parti·

135 826 278 891 cularum
301 845 362 888 usu
385 842 458 907 pag.
478 824 515 885 17
533 842 580 906 sq.
605 842 653 901 ea,
676 840 758 905 quae
781 821 961 885 necessaria
983 828 1066 902 sunt,
1091 820 1238 906 exposui.

235 927 417 992 Particulae
440 927 515 1011 quin
536 945 686 1010 perrarus
710 933 758 988 est
782 945 866 989 usus.
911 924 968 989 Bis
991 946 1008 989 e
1031 925 1191 990 locutione
1209 944 1273 988 non

132 1034 266 1097 muttum
288 1030 373 1095 abest
403 1030 542 1114 pendet:
567 1031 617 1094 18.
643 1032 674 1112 6,
701 1031 736 1092 11
765 1036 796 1093 et
819 1031 871 1094 29.
896 1033 926 1112 6,
944 1032 979 1110 7;
1003 1028 1099 1093 semel
1123 1028 1206 1094 idem
1233 1029 1274 1094 si·

131 1137 260 1220 gnificat
282 1155 320 1199 uo
342 1131 403 1220 ‘qui
426 1129 518 1198 non':
541 1135 592 1199 22.
610 1134 640 1215 8,
655 1136 702 1196 ’14
717 1133 808 1197 nulia
825 1132 980 1199 celeritate
999 1134 1175 1217 pinnarum
1192 1134 1274 1216 eripi

124 1246 254 1326 poterat
275 1239 351 1324 quin
373 1240 524 1302 interiret.

235 1342 344 1408 Verba
360 1340 584 1423 dubitandi
606 1340 703 1404 alium
720 1361 815 1404 usum
830 1347 1023 1424 sequunturt
1039 1347 1094 1405 aut
1106 1341 1189 1406 enim
1202 1362 1274 1406 cum

131 1449 314 1514 accusativo
339 1469 409 1512 cum
435 1446 590 1511 infinitivo
624 1448 693 1525 (21.
721 1448 771 1527 13,
800 1448 838 1510 14
869 1468 924 1510 nec
947 1447 1028 1510 enim
1054 1445 1183 1511 datiam
1205 1497 1211 1512 .
1235 1494 1273 1512 ..

125 1552 256 1636 ferram
279 1597 286 1612 .
311 1601 318 1616 .
343 1601 350 1615 .
374 1572 438 1615 esse
466 1548 663 1633 uertendum)
694 1550 943 1634 coniunguntur,
973 1556 1028 1614 aut
1059 1551 1124 1615 tale
1153 1548 1271 1635 aliquid

131 1656 239 1738 habes,
271 1655 364 1739 quale
395 1654 472 1718 illud
504 1660 563 1735 est,
594 1653 678 1738 quod
709 1654 917 1719 correlatione
948 1653 1185 1739 quodammodo
1217 1674 1272 1718 ex-

132 1767 278 1823 cusatur:
304 1761 354 1825 14.
379 1760 408 1838 6,
431 1761 470 1821 21
497 1756 611 1824 Illud.
636 1807 643 1823 .
669 1808 676 1822 .
700 1778 764 1822 nan
786 1757 961 1839 dubitatur,
979 1758 1085 1843 qnod.
1109 1808 1117 1823 .
1142 1809 1149 1824 .
1173 1764 1272 1822 reten-

132 1861 252 1928 tabant.

234 1967 269 2049 3)
305 1965 356 2030 De
394 1965 651 2030 coniunctionum
686 1965 912 2030 modalium
947 1988 1008 2031 usu
1043 1967 1171 2053 copiose
1205 1967 1271 2052 egit

132 2069 347 2135 Dederichsus
378 2090 451 2156 pag.
476 2073 526 2135 22.
557 2073 608 2135 23.
641 2073 693 2135 24.
741 2069 821 2134 Sunt
852 2078 960 2136 autem
991 2071 1068 2136 hae:
1101 2079 1146 2153 nt,
1178 2071 1271 2155 oetnt,

131 2183 302 2261 tamquam,
324 2177 426 2261 qnasi,
454 2196 493 2239 ac
514 2175 551 2242 si.
597 2174 739 2249 Quarum
770 2174 851 2241 aliae
883 2195 1042 2262 nusquam
1075 2176 1136 2258 (nt,
1166 2177 1270 2258 rotat),

132 2280 213 2345 aliae
235 2301 366 2367 perraro
390 2300 462 2344 cum
486 2280 590 2345 verbis
613 2279 719 2361 finitis,
743 2300 853 2344 omnes
875 2278 942 2345 fers
965 2279 1082 2365 ubique
1106 2301 1177 2345 eum
1198 2301 1270 2366 par·

130 2385 244 2470 ticipiis
267 2385 394 2448 iunctae
416 2392 622 2470 usurpantur.

234 2486 269 2572 4)
293 2488 349 2552 De
372 2489 601 2552 sententiis
632 2486 835 2552 relativis.
889 2486 1075 2553 Sententiae
1105 2488 1268 2571 relativae,

132 2611 214 2675 quac
237 2592 363 2654 finalem
387 2591 439 2656 vel
463 2591 699 2656 consecutivam
721 2590 773 2673 vel
796 2591 1008 2655 restrictivam
1031 2592 1082 2655 vel
1112 2591 1270 2656 condicio-

130 2693 234 2758 nalem
260 2694 324 2758 vim
347 2693 476 2772 habent,
499 2696 689 2778 plerumque
711 2715 784 2757 cum
807 2695 1009 2761 coniunctivo
1030 2716 1093 2759 uon
1111 2716 1203 2761 secus
1228 2694 1270 2760 ab

129 2797 300 2861 Ammiano
324 2805 553 2863 construuntur
576 2818 670 2882 quam
694 2799 734 2862 ab
758 2819 874 2863 aureae
895 2799 1061 2864 latinitatis
1078 2799 1270 2864 cultoribus:

234 2904 269 2981 a)
294 2901 540 2965 Sententiae
563 2900 733 2966 finales:
769 2904 817 2966 14.
849 2905 877 2978 9,
912 2905 926 2966 1
960 2905 1089 2969 occultis
1119 2902 1270 2968 Constan-

130 3007 208 3070 tinm
232 3006 345 3069 titteris
367 3003 510 3069 edocebat
533 3006 700 3089 inplorans
722 3004 875 3087 subsidia,
900 3025 1033 3092 qnorum
1055 3015 1138 3072 rnetn
1164 3014 1270 3074 tamor

129 3109 311 3173 notissimus
334 3108 484 3174 Caesaris
506 3109 688 3193 exhalarem
712 3112 763 3174 20.
788 3113 839 3193 11,
864 3113 902 3175 17
926 3113 1054 3194 paratis
1075 3115 1130 3198 qni
1156 3115 1269 3178 restin-

130 3218 277 3295 pnerent3
301 3213 353 3277 21.
376 3214 408 3296 8,
427 3216 446 3277 3
469 3214 578 3277 misit.
603 3264 610 3278 .
636 3262 654 3293 .,
680 3215 783 3278 alios.
809 3264 816 3278 .
840 3264 859 3295 .,
882 3235 942 3299 quc
966 3215 1077 3298 diffusi
1096 3218 1271 3301 pervarie

131 3317 306 3398 opinionem
336 3318 460 3380 numeri
484 3316 672 3401 praeberent
702 3319 863 3399 immensi3
899 3321 949 3381 21.
976 3321 1024 3399 10,
1055 3322 1073 3382 5
1103 3321 1272 3384 reuertitur

130 3467 200 3501 ...,
215 3438 274 3503 qno
296 3421 513 3504 impraepedite
534 3427 644 3484 acncta
665 3421 860 3506 disponerem
884 3423 935 3487 29.
953 3424 982 3501 2,
998 3426 1017 3487 3
1033 3422 1271 3488 inmittetantnr

130 3521 305 3606 confestim,
327 3525 381 3608 qni
404 3571 411 3587 .
436 3575 443 3590 .
467 3573 475 3589 .
499 3523 680 3606 subderent3
704 3528 756 3591 31.
781 3529 809 3604 4,
833 3529 852 3590 5
875 3527 1044 3591 mittantur
1067 3528 1271 3613 diensium

132 3674 139 3690 .
164 3676 171 3691 .
196 3674 204 3690 .
228 3627 449 3710 transferant,
474 3630 525 3693 31.
551 3630 578 3707 7,
602 3632 620 3693 3
644 3629 698 3694 ubi
720 3630 776 3711 (=
794 3637 829 3694 ut
844 3629 904 3714 ihi)
928 3629 1081 3697 barbaras
1103 3682 1110 3696 .
1135 3682 1142 3699 .
1166 3682 1174 3698 .
1199 3653 1269 3698 eon·

128 3736 262 3794 snmeret
280 3728 394 3812 sames.

233 3833 267 3913 b)
290 3833 550 3900 Sententiae
583 3839 915 3904 consecutivae:
952 3838 1269 3906 Coniunctivus

130 3944 253 4004 exstat:
287 3940 338 4004 31.
364 3941 413 4017 15,
437 3943 456 4004 9
479 3943 566 4006 natta
591 3949 661 4006 erat
683 3944 821 4026 suspicio
843 3963 923 4030 qnae
953 3951 1088 4028 vetaret3
1120 3947 1171 4011 28.
1197 3946 1266 4026 3,1

129 4042 267 4127 mittitque
289 4046 451 4127 precariis
473 4048 643 4129 imperans,
675 4049 765 4112 cuins
792 4069 855 4112 reon
885 4051 952 4132 ipse
976 4051 1143 4134 primitias
1166 4050 1272 4113 alacri

132 4154 304 4234 capesseret
336 4154 453 4230 mente3
483 4151 534 4212 31.
563 4151 592 4231 2,
624 4151 665 4214 22
693 4171 748 4215 nec
774 4153 940 4236 quicquam
972 4161 1016 4217 est
1045 4153 1129 4239 qnod
1157 4153 1271 4217 elatius

130 4257 261 4334 iactent3
288 4254 340 4317 21.
365 4256 392 4331 7,
420 4257 431 4316 l
466 4254 553 4318 nnita
577 4261 652 4337 post
683 4261 772 4339 terpa
804 4257 912 4320 relicto
941 4278 1030 4343 quem
1054 4258 1270 4341 formidarem

131 4360 182 4425 21.
208 4360 237 4443 3,
263 4360 300 4438 43
325 4359 376 4422 20.
402 4359 451 4441 11,
475 4361 533 4437 20;
560 4362 609 4424 17.
635 4361 742 4440 11,5;
768 4362 818 4426 17.
845 4364 894 4446 10,
919 4364 948 4429 9.
