2954 4808
651 308 741 396 [157]
1221 315 1261 380 45

128 500 185 568 trac
206 523 303 568 unum
327 509 455 568 mentem
478 503 647 568 sollicitam
670 504 836 589 diripebat,
862 505 946 591 quod
968 503 1169 572 Constantius
1193 557 1201 573 .
1224 551 1232 569 .
1256 556 1264 573 .

128 628 184 672 nec
206 608 456 690 satisfactionem
477 609 628 692 suscipiet
650 609 790 694 aliquam
811 630 868 675 nec
890 613 1008 676 erratis
1032 613 1180 696 ipnoscct,
1209 613 1265 677 sed

131 762 138 778 .
162 760 169 776 .
194 760 201 776 .
223 714 253 776 si
274 714 401 796 cepisset
423 714 595 795 incautum,
618 719 717 777 morte
732 715 881 779 multaret
895 715 934 795 (si
957 716 1085 801 ceperit,
1101 714 1263 780 multabit:

129 815 217 904 quad
239 822 352 903 postea
373 817 493 882 iactum
523 817 603 898 eet);
634 820 685 882 24.
719 818 749 900 7,
780 822 799 882 5
826 821 954 902 poterit,
975 818 1181 902 fatermtur3
1214 823 1264 884 14.

130 922 179 1000 11,
205 924 240 984 ll
267 923 321 1006 qui
342 941 434 985 auur.
458 970 466 986 .
490 968 497 984 .
518 922 667 1005 pellexit.
692 969 699 984 .
722 973 730 988 .
754 925 880 1007 saepius
902 923 1088 1007 replicando
1110 923 1193 1008 quod
1209 973 1216 989 .
1233 970 1266 989 ..

127 1045 196 1089 curn
217 1025 321 1090 ridere
347 1026 456 1107 frater
484 1032 607 1109 cuperet
631 1027 799 1110 patruelis,
824 1077 831 1091 .
857 1078 864 1093 .
890 1077 897 1093 .
920 1028 1170 1113 participemque
1196 1047 1264 1092 cum

128 1149 204 1193 suae
229 1130 402 1194 maiestatis
433 1129 595 1194 adsciscet.
643 1128 907 1196 Gardthauacnus
936 1131 1122 1196 adscisceret
1153 1132 1265 1217 recipit

127 1233 302 1300 secundum
326 1233 361 1299 Ο.
385 1234 423 1298 F.
446 1233 500 1299 W.
522 1233 669 1299 Muelleri
693 1235 958 1302 emendationem.
1005 1234 1069 1302 Sed
1092 1243 1171 1323 puto
1188 1239 1264 1301 Am·

128 1338 266 1402 mianum
282 1338 436 1403 adsciscet
450 1338 624 1423 scripsisse.
651 1337 763 1405 Codex
779 1338 810 1401 V
825 1340 930 1405 locum
947 1340 1065 1406 leviter
1082 1349 1265 1427 corruptum

128 1441 275 1528 praebet:
307 1440 433 1505 adsciso
463 1447 501 1506 et.
545 1440 668 1505 Littera
690 1442 797 1508 asine
825 1442 922 1507 dubio
953 1451 1008 1507 aut
1040 1465 1081 1509 ex
1111 1465 1127 1507 c
1155 1442 1266 1528 negle-

127 1555 241 1633 genter
263 1552 396 1611 exarata
417 1546 572 1629 originem
596 1544 689 1610 duxit
711 1553 767 1611 aut
789 1566 957 1633 perperam
980 1567 1038 1631 pra
1062 1569 1077 1611 c
1102 1546 1263 1633 descripta

129 1658 188 1716 cst.
233 1648 403 1715 Medorum
425 1651 559 1715 variatio
582 1651 730 1735 (cuperet,
756 1650 925 1734 adsciscet)
949 1652 1027 1715 nihil
1050 1650 1146 1716 habet
1176 1651 1263 1736 quod

127 1753 275 1820 offendat.
321 1752 446 1818 Deinde
469 1753 624 1820 adsciscat
654 1776 725 1820 cum
755 1754 915 1820 sententia
943 1776 1074 1841 prorsus
1105 1757 1263 1839 congruit.

127 1860 192 1942 (De
214 1858 275 1922 hac
297 1880 357 1924 usu
380 1858 534 1944 ampliora
555 1860 712 1943 leguntur
728 1880 760 1945 p.
783 1861 824 1923 29
848 1858 972 1942 adnot.)

232 1983 259 2029 o.
293 1962 402 2027 aliae
426 1961 755 2028 enuntiationes.

231 2070 280 2131 14.
306 2069 354 2150 10,
381 2071 409 2144 1,
432 2069 451 2130 2
474 2066 567 2131 Haeo
589 2067 664 2132 dum
687 2069 791 2132 oriens
813 2067 870 2132 diu
889 2067 1058 2150 perferret,
1083 2116 1091 2132 .
1117 2117 1125 2133 .
1150 2117 1157 2133 .
1187 2065 1264 2132 Con·

127 2174 329 2237 stantius..
355 2179 363 2236 ’.
398 2170 578 2235 Valentiam
604 2173 685 2256 petit
708 2219 716 2236 .
740 2218 779 2235 ..
812 2169 862 2255 (2)
884 2172 1017 2256 dumque
1046 2170 1090 2234 ibi
1118 2178 1265 2236 moratur

128 2325 167 2343 ..
192 2325 199 2341 .
222 2272 429 2340 Herculanus
452 2276 596 2358 advenit;
620 2278 671 2341 25.
696 2275 725 2357 3,
751 2278 790 2341 10
812 2284 841 2341 et
870 2277 1012 2362 anamais
1043 2275 1265 2359 offundebatur

127 2383 223 2446 oculis
244 2381 380 2446 altitudo
397 2382 541 2466 pulueris
563 2388 591 2445 et
613 2388 717 2445 aestus
745 2383 899 2446 calescens
928 2381 1068 2465 officeret
1098 2381 1265 2446 alacritati

126 2483 344 2565 ruernbrorum,
361 2491 465 2549 tomen
481 2535 488 2549 .
502 2530 532 2550 ..
556 2484 666 2549 ruebat
680 2486 715 2549 in
730 2484 877 2568 ferrum3
902 2486 954 2548 25.
976 2487 1005 2563 3,
1024 2485 1063 2547 15
1082 2485 1262 2567 perdoctus,

127 2595 277 2672 quantum
301 2609 432 2672 corpore
454 2591 495 2653 sit
516 2588 635 2653 beatior
658 2591 783 2653 animus
814 2595 842 2653 et
871 2588 1093 2672 contemplans,
1123 2591 1263 2674 quatiens

128 2691 269 2754 condicio
292 2692 443 2756 meliora
465 2693 618 2757 deteriore
640 2694 823 2757 secernitur.

233 2793 264 2859 d.
298 2795 512 2860 Demadis
536 2797 747 2861 orationis
779 2795 980 2878 obliquae
1010 2801 1096 2860 recte
1119 2796 1262 2862 Hersen·

127 2899 247 2963 sicinus
272 2899 359 2984 (pag.
376 2899 431 2977 37)
447 2901 529 2964 haec
544 2901 670 2964 docuit:
693 2899 849 2964 Graecum
863 2918 956 2964 mum
971 2906 1126 2983 sequentes
1140 2899 1261 2982 Maius,

126 3003 268 3085 Tacitus,
291 3003 446 3084 Iustinus,
470 3006 650 3089 saepissime
675 3005 865 3069 Ammianus
888 3006 921 3067 in
943 3005 1115 3068 enuntiatis
1132 3005 1262 3069 minori·

125 3108 181 3171 ius
215 3109 368 3172 orationis
402 3108 542 3193 obliquae
574 3109 780 3173 indicati-oum
806 3114 932 3191 ponuat
964 3127 1024 3191 pro
1058 3110 1262 3191 coniunctiao,

125 3215 249 3277 etiamsi
271 3234 309 3276 en
330 3214 481 3297 loquentis
503 3233 567 3277 non
594 3213 759 3277 scribentis
787 3232 878 3281 sensu
901 3233 940 3275 ea
968 3232 1119 3276 emauare
1148 3214 1264 3278 intelle·

125 3318 259 3400 pandum
284 3325 337 3381 est.
384 3319 488 3401 Saepe
517 3317 603 3381 modi
633 3317 864 3382 sententiarum
894 3319 1051 3380 minorum
1081 3319 1260 3401 variantur3

126 3444 225 3486 unum
248 3423 311 3485 cito
334 3422 532 3506 exemplum:
557 3424 606 3487 15.
632 3425 661 3503 5,
686 3424 703 3484 7
727 3421 900 3486 testabatur
925 3423 1006 3485 enim
1034 3420 1070 3485 id
1097 3442 1129 3486 se
1145 3424 1263 3506 procul

126 3526 218 3589 dromo
248 3528 330 3590 scire
361 3526 457 3610 arcad,
488 3528 571 3611 siqui
600 3528 775 3591 mitteretur
805 3532 968 3607 externus,
999 3532 1106 3608 suapte
1137 3528 1262 3612 inperio

127 3632 274 3695 Siluanus
298 3679 306 3695 .
329 3678 337 3694 .
363 3679 370 3695 .
395 3632 556 3714 conposita
576 3630 662 3714 forte
685 3629 829 3695 curtata.

654 3899 672 3983 ς
695 3903 726 3966 2.

125 4064 186 4133 on
210 4065 436 4133 ponoenas
465 4064 551 4132 nse
579 4064 628 4131 m
658 4063 920 4131 acarnanas
953 4064 1260 4132 ennaremus.

228 4256 494 4322 Indicativus
517 4263 552 4322 at
575 4256 606 4321 in
637 4256 801 4322 sententiis
831 4258 986 4342 primariis
1015 4258 1061 4322 ita
1089 4259 1121 4323 in
1150 4280 1261 4325 secun·

126 4361 222 4427 dariis
245 4361 372 4445 legitur,
401 4361 478 4426 siis
506 4362 559 4446 qui
589 4362 730 4447 loquitur
752 4360 898 4428 absolute
926 4360 1065 4425 indicare
1095 4362 1163 4426 vait
1192 4385 1258 4431 rem
