2956 4822
205 285 265 355 ras
726 279 816 370 [aar]

204 484 244 546 ad
269 505 318 547 res
341 491 488 548 externas
511 480 651 561 adtinet,
675 481 851 544 Percenses
876 480 1036 543 ciuitatem
1065 491 1246 564 separatam
1276 500 1339 544 non

203 587 365 652 habehant
378 589 397 666 ¹,
421 587 516 649 immo
534 585 593 649 hae
611 584 693 647 duae
711 586 857 648 ciuitates
872 585 904 646 in
920 606 1016 648 unam
1032 585 1222 649 coniunctae
1239 594 1341 666 erant,

204 714 284 776 quae
308 693 402 756 etiam
428 692 519 754 unius
550 689 679 752 membri
711 690 914 773 sympolitiae
939 688 1128 752 Aetolorum
1152 689 1257 754 locum
1285 692 1341 756 ob·

204 797 335 860 tinebat.
371 793 518 874 §drudoni
536 795 633 876 igitur
648 794 823 857 communis
843 793 979 856 ciuitatis
997 793 1125 856 nomine
1138 793 1178 856 ad
1195 802 1341 858 senatum

204 901 393 963 Aetolorum
419 896 659 979 delegabantur,
683 896 855 981 itidemque
880 897 1033 960 tributum
1058 898 1261 979 eoommuni,
1276 898 1295 962 i.
1313 921 1341 962 e.

205 1025 222 1067 e
245 1003 510 1079 Melitaeonsium‚
533 1001 656 1064 aerario
681 1000 877 1065 soluobatur.

308 1108 413 1171 Minus
436 1114 560 1170 constat
585 1129 624 1168 cx
648 1104 709 1168 hoe
732 1106 827 1168 titulo
858 1105 897 1167 do
930 1105 1050 1169 iuribus
1080 1128 1162 1191 quae
1191 1117 1340 1192 separata

203 1211 378 1274 Peroenscs
408 1209 605 1273 retinuerint.
658 1208 838 1272 Archontes
872 1208 998 1292 quidem
1035 1231 1145 1272 corum
1180 1210 1240 1273 uici
1275 1233 1341 1275 ma·

203 1317 319 1398 gistros
354 1316 459 1398 potius
494 1335 590 1397 quam
625 1313 828 1396 magistratus
862 1312 963 1394 dicas,
1003 1334 1105 1397 neque
1143 1322 1338 1398 potestatem

203 1420 250 1482 his
274 1439 421 1501 magnam
447 1417 544 1480 fuisse
568 1417 712 1495 conicias,
737 1417 854 1500 quippe
876 1418 930 1500 qui
951 1417 1130 1480 mercedem
1149 1419 1340 1504 acciperent,

204 1545 297 1608 quarn
330 1521 473 1606 accipere
507 1521 709 1603 magistratus
742 1520 885 1582 Graecos
923 1539 1052 1602 prorsus
1085 1520 1248 1585 insolitum
1281 1531 1338 1590 est.

204 1628 320 1692 Munus
336 1626 431 1707 igitur
447 1623 655 1688 archontatus
671 1624 879 1687 Peroensinm
897 1629 963 1685 orat
979 1645 1041 1686 non
1059 1623 1172 1704 honos,
1188 1628 1338 1711 quoniam

204 1730 487 1795 administrationis
511 1727 640 1812 quidem
664 1728 793 1810 negotia
818 1725 981 1804 curabant,
1006 1727 1112 1791 omnia
1133 1735 1239 1793 sutem
1256 1753 1339 1816 quse

205 1835 330 1899 maioris
353 1833 504 1897 momenti
529 1837 628 1910 erant,
659 1853 678 1895 a
701 1830 834 1896 comitiis
857 1831 910 1894 uel
933 1831 1139 1896 Percensium
1163 1834 1216 1897 uel
1240 1837 1337 1901 totius

206 1939 342 2003 ciuitatis
366 1939 497 2021 eiusque
522 1935 760 2019 magistratibus
785 1935 1046 1999 decernebantur.
1265 1946 1268 1951 '

307 2042 561 2105 iurisdietionem
578 2038 744 2103 archontes
762 2040 967 2103 Poreensium
982 2061 1046 2103 non
1063 2040 1211 2104 habuisse
1227 2043 1338 2109 uiden·

205 2153 270 2210 tur:
295 2147 389 2209 immo
414 2164 533 2228 paruae
556 2164 671 2207 causae
695 2143 736 2206 ab
760 2144 914 2207 aedilibus
938 2141 1168 2225 (ἀγορανόμοις)
1192 2144 1337 2213 Melitae·

205 2251 326 2314 ensium
352 2247 616 2328 diiudicabantm·‚
640 2246 777 2311 maiores
802 2248 952 2312 uidentur
975 2247 1059 2332 apud
1083 2251 1288 2333 magistratus
1307 2263 1338 2318 et

203 2355 319 2418 iudicia
342 2353 563 2416 Melitaecnsia
586 2361 676 2415 actae
699 2374 778 2416 esse.

308 2457 444 2521 Reditns
475 2456 619 2540 publicos
649 2456 804 2541 quosdam
839 2463 923 2520 certe
952 2456 1128 2520 Poreenses
1163 2458 1337 2543 habebant,

204 2585 276 2627 nam
301 2584 354 2625 aes
379 2561 516 2624 alionum
548 2582 605 2624 suo
635 2561 763 2623 nomino
797 2565 1037 2637 contraxerant,
1067 2567 1099 2624 et
1129 2582 1239 2625 usuras
1268 2566 1337 2631 eius

204 2667 331 2730 soluere
354 2665 514 2728 iubentur.
561 2663 623 2727 Sed
648 2671 735 2728 certa
760 2664 932 2747 uectigalia
949 2663 999 2727 uel
1016 2665 1135 2728 tributa
1151 2688 1231 2750 qnae
1250 2670 1336 2753 apud

204 2771 384 2833 Poreensos
408 2768 629 2851 exigebantur,
655 2767 744 2831 uelut
768 2788 888 2831 meroes
913 2767 980 2850 agri
1012 2768 1129 2853 publici
1158 2770 1263 2850 locati,
1293 2775 1335 2838 ad

205 2875 362 2937 aerarium
394 2872 652 2936 Melitaeensium
682 2871 837 2936 redibant.
884 2870 910 2933 E
940 2892 1003 2954 qno
1027 2872 1165 2936 inuicem
1195 2876 1337 2942 subsidia

205 2977 244 3040 ad
270 2988 373 3041 certas
397 2975 549 3061 quasdam
571 2976 850 3040 administrationis
874 2984 981 3059 partos
996 2977 1210 3043 Percensibus
1233 2981 1337 3046 solue·

204 3082 329 3146 bantur.
375 3081 639 3166 Atquesimiicm
663 3082 739 3144 iuris
763 3081 916 3143 rationem
942 3080 1034 3144 etiam
1063 3082 1143 3145 inter
1168 3083 1336 3151 Stiriorum

204 3195 236 3248 et
260 3186 498 3248 Medeoniorum
523 3186 666 3248 ciuitates
700 3185 882 3269 sympolitia
905 3185 1089 3248 coniunctas
1120 3187 1336 3254 intercessisse

205 3289 286 3352 infra
311 3289 498 3353 uidebimus.
554 3289 668 3373 Itaque
707 3290 788 3351 aeris
825 3289 921 3352 aliani
959 3289 1132 3353 communis
1170 3312 1285 3358 usurae
1318 3318 1336 3360 e

203 3393 455 3456 Metitaeensium
470 3394 612 3475 aerario,
637 3393 676 3456 ad
700 3392 785 3477 qnod
802 3393 977 3456 Percenscs
1001 3385 1171 3457 ilio'modo
1196 3398 1338 3463 confere·

204 3497 289 3577 bant,
313 3497 533 3561 soinebantur.

306 3601 472 3664 Sacrorum
513 3601 712 3685 publicorum
751 3599 1006 3663 Melitaecnsium
1044 3602 1118 3684 quin
1158 3602 1337 3670 Percenses

203 3706 372 3790 participes
396 3705 526 3783 fuerint,
550 3706 668 3789 qnippe
692 3707 744 3789 qui
770 3705 856 3767 ciues
880 3704 1102 3769 Melitaeenses
1127 3713 1242 3786 essent,
1272 3730 1337 3773 non

204 3816 252 3870 est
275 3831 329 3871 eur
352 3808 544 3872 dubitemus.
591 3810 764 3872 Praeterea
789 3817 907 3890 autem,
940 3815 974 3870 ut
997 3809 1144 3873 solebant
1175 3811 1276 3875 tribus
1308 3821 1339 3877 et

204 3913 295 3993 δῆμοι
320 3912 494 3975 ciuitatium
518 3911 724 3989 Graecarum,
755 3933 812 3975 sua
835 3931 963 3995 quoque
993 3913 1159 3977 sollemnia
1189 3915 1338 3997 agebant.

307 4073 314 4104 ¹
337 4070 484 4120 Euromeos
504 4070 661 4136 sympolitio
681 4084 740 4119 eum
763 4069 963 4133 Mylasensihus
985 4072 1155 4135 coniunctos,
1181 4088 1270 4124 rorum
1290 4090 1339 4124 ex·

202 4162 340 4205 ternarum
361 4171 409 4206 auo
430 4155 538 4206 nomine
558 4158 686 4222 expertas
706 4153 939 4219 deprehendimus
964 4157 991 4207 in
1019 4158 1101 4209 titolo
1122 4159 1271 4226 Mylsscnsi
1298 4159 1336 4211 Le

203 4240 265 4302 Bos,
286 4241 348 4291 Asia
368 4242 431 4293 min.
450 4242 500 4294 394
519 4240 561 4308 (ΙΙ
581 4260 605 4293 a.
626 4240 688 4293 Cirr.
707 4242 858 4305 sacerdot).

668 4399 873 4409 ———-
