2954 4822
550 296 591 308 -
636 256 724 348 [131]
770 297 811 310 -
1209 264 1250 327 aa

115 443 217 539 αὐτῆς
250 446 344 517 ἔσται
378 444 596 540 πεντάσημος,
627 445 647 518 ὅ
675 448 746 517 ἐστι
780 447 961 540 παιωνική·
996 445 1041 531 ὡς
1072 445 1093 540 ἡ
1128 465 1253 537 ,meeber

114 550 235 636 ὥστε,“
258 550 414 643 τροχαῖκὴ
439 552 575 642 συζυγία
599 546 696 635 οὖσα,
720 544 785 638 licat
807 552 866 645 τὴν
888 551 955 640 πρὸ
986 554 1086 646 αἰτῇς
1114 552 1173 646 τὴν
1195 581 1251 638 ,,τε

114 657 151 742 μ’
173 653 254 744 ἔρως
268 664 304 724 ε“
320 655 514 747 neccssaria
552 659 632 725 Inde
655 669 791 747 apparet
806 656 1090 748 Hephaestionem
1107 661 1251 747 syllabas

117 763 164 827 sic
186 762 355 828 divisisse:

209 878 340 972 μεγάλῳ
364 872 424 971 (ispi
444 891 449 966 Ι
467 882 504 951 τέ
523 882 560 969 μ’
574 877 678 971 ’Ἔρως
700 878 739 969 ἐἸ
760 897 865 970 κοψεν
886 879 970 952 ὥστε
989 887 993 967 Ι
1012 877 1147 968 χαλκεύς

208 990 704 1056 υυ--ιυυ-,υι-υ.υι--.

115 1101 221 1176 Quam
257 1123 445 1166 mensuram
482 1102 510 1166 is
549 1102 738 1186 excogitare
776 1107 920 1188 poterat,
958 1102 1013 1187 qui
1051 1099 1251 1187 syllabarum

115 1226 301 1286 numerum,
337 1222 401 1269 uon
431 1204 618 1291 rhythmum
647 1205 754 1290 ipsum
786 1205 991 1291 respiciebat.
1038 1204 1250 1270 Manifestum

116 1309 202 1374 enim
232 1315 283 1374 est
321 1308 382 1374 hos
413 1330 525 1374 versus
554 1308 638 1373 binis
671 1314 821 1372 constare
850 1308 944 1390 colis,
977 1308 1115 1374 dimetro
1145 1309 1251 1374 ionico

116 1414 307 1479 catalectico
331 1419 364 1478 et
387 1413 524 1478 dimetro
548 1412 689 1477 iambico
713 1412 914 1477 catalectico.
1127 1483 1128 1486 ρ

202 1516 255 1582 Ex
270 1518 389 1583 ceteris
405 1516 623 1582 Anacreontis
639 1515 830 1602 fragmentis
844 1515 869 1602 ¹)
886 1517 969 1583 haec
986 1523 1112 1582 tantum
1128 1517 1251 1582 ioniccs

115 1622 289 1708 praebent:

627 1704 665 1771 fr.
690 1711 726 1770 41

197 1811 238 1886 ‘0
260 1814 429 1907 Μεγίστης
453 1809 484 1884 δ’
510 1818 528 1884 ὁ
550 1812 720 1907 φιλόφρων
742 1817 821 1885 δέκα
844 1814 884 1908 δὴ
907 1822 1014 1909 μῆνες,
1039 1816 1115 1887 ἐπεί
1136 1845 1171 1888 τε

202 1917 423 2011 στεφανοῦταί
443 1945 480 1988 τε
501 1917 586 2010 λύγῳ
608 1918 664 1988 καὶ
688 1918 788 2010 τρύγα
811 1919 901 1990 πίνει
923 1921 1087 2013 μελιηδέα.

115 2200 325 2267 Adiectirum
346 2197 502 2288 μελεηδέα
525 2222 554 2265 v.
576 2204 597 2274 ‚2
619 2219 678 2288 per
709 2201 873 2287 syninesin
900 2202 937 2266 fit
965 2202 1251 2288 quadrisyllabum.

627 2321 667 2389 fr.
690 2325 732 2386 42

185 2437 333 2523 Καθαρῇ
356 2429 392 2500 δ’
414 2429 447 2499 ἐν
469 2430 582 2522 κελέβῃ
607 2429 705 2500 πέντε
726 2456 761 2500 τε
782 2431 839 2499 καὶ
863 2437 950 2521 τρεῖς
972 2428 1187 2517 ἀναχείσθων.

117 3285 199 3351 Cum
223 3306 274 3365 ea,
297 3282 417 3370 quibus
440 3282 516 3346 olim
533 3277 741 3365 Βασσαρίδες
763 3281 957 3347 vocabulum
979 3289 1153 3367 exceptum
1169 3293 1250 3363 erat,

114 3389 217 3455 rerba
239 3393 371 3453 servata
385 3407 451 3451 non
467 3387 542 3467 sint,
555 3387 743 3471 quaeritur,
766 3407 844 3451 num
867 3384 994 3471 syllaba
1016 3386 1131 3451 ultima
1153 3387 1250 3452 fuerit

114 3492 286 3579 producta;
323 3485 401 3555 sane
432 3489 660 3576 Hephaestion
695 3490 877 3555 trimetrum
911 3489 1136 3554 catalecticum
1170 3490 1249 3555 illud

115 3598 210 3663 colon
232 3596 378 3683 appellat
400 3615 431 3679 p.
456 3597 507 3657 40.

624 3705 663 3769 fr.
688 3706 728 3768 58

338 3805 424 3877 Ἀπὸ
447 3807 481 3877 δ’
504 3805 644 3891 &aila-rc
665 3803 794 3892 θεσμὸν
812 3805 914 3893 μέγαν
937 3856 995 3873 ...

114 4009 320 4019 ...----

184 4076 208 4143 ¹)
226 4073 457 4145 Fragmentorum
475 4072 509 4127 37
528 4075 557 4127 et
572 4072 606 4126 38
623 4071 740 4127 formam
759 4069 801 4123 ita
812 4067 973 4123 emendavit
984 4068 1144 4122 Theodorus
1156 4067 1248 4141 Bergk

114 4163 145 4217 in
162 4162 310 4231 poetarum
329 4158 478 4227 lyricorum
497 4157 621 4213 editione
644 4157 758 4226 quarta,
783 4156 816 4208 nt
838 4153 873 4208 dc
896 4152 996 4209 ionicis
1020 4170 1037 4208 a
1060 4152 1168 4209 minora
1192 4173 1248 4210 non

112 4248 237 4321 amplias
255 4244 376 4319 cogitari
393 4244 489 4316 pessit.
