2954 4822
232 294 252 361 c
666 334 706 346 -
756 289 843 385 [ma]
890 331 931 345 -

231 486 370 552 candum
394 508 480 568 esse,
505 488 575 552 sine
598 487 666 551 ulla
689 486 894 554 dubitatione
919 486 1061 552 Soranus
1077 486 1241 574 Ephesius
1265 489 1372 554 minor

232 590 273 656 ab
296 590 465 676 Hesychio
489 591 562 678 ipso
585 591 639 669 vel
661 592 751 657 sonte
775 592 846 657 eius
869 591 963 656 lictus
987 597 1047 656 est.

317 695 358 760 In
389 695 522 761 scholiis
559 694 600 760 ad
630 695 816 760 Oribasium
850 693 949 780 (quae
981 694 1132 780 leguntur
1163 696 1196 760 in
1224 686 1370 761 editione

231 798 375 865 Oribasii
399 821 419 865 a
443 798 892 884 Bussemaker-Daremberg
914 804 1027 864 curata
1049 798 1102 863 ΙΙΙ
1125 820 1156 884 p.
1180 799 1367 885 oso-689)

231 910 282 968 ter
303 925 423 969 nomen
448 903 565 969 Sorani
587 904 715 969 obviam
738 903 789 967 fit:

931 1046 1072 1109 quocum
1095 1025 1263 1090 conferas:

278 1132 303 1194 l.
333 1150 365 1213 p.
381 1130 455 1210 681,
472 1131 509 1192 10
540 1124 657 1206 ἰστέον,
681 1123 774 1196 ὅτιδ
871 1127 1066 1193 Soranum
1089 1126 1167 1212 περὶ
1190 1152 1255 1215 γον.
1278 1132 1368 1194 ποθ.

229 1228 301 1313 μὲν
323 1226 500 1318 Σιοροινδς
526 1230 567 1298 ἐν
588 1236 678 1313 τοῖς
701 1239 731 1298 Γ
733 1258 771 1298 v·
826 1232 1216 1318 p.251,1o(Er1nerins)
1239 1223 1369 1319 ἡλεγο·

230 1330 432 1414 ναικείοις
469 1332 526 1402 διὰ
559 1331 598 1403 τὸ
634 1332 772 1425 σκληρὸν
824 1333 904 1422 μίνη
940 1330 1041 1422 μύλη
1073 1329 1096 1424 ἢ
1126 1330 1243 1414 καθὼς
1274 1327 1368 1401 iifl-oc

229 1435 287 1502 καί
320 1435 560 1526 δυσκίνητον
591 1436 718 1528 μύλην
751 1435 774 1530 ἢ
826 1437 954 1525 λέγουσι
977 1434 1108 1524 μύλος
1237 1430 1368 1521 ῶνόμοι·

229 1536 352 1624 μύλον
374 1534 600 1627 ὀνομάζεσθαί
622 1567 729 1632 φησιν.
825 1564 902 1609 σται
939 1540 976 1608 δέ
1019 1537 1139 1626 μύλος
1175 1534 1256 1611 ἀπὸ
1300 1542 1370 1630 τῆς

824 1641 1083 1731 δυσκινησίας
1117 1642 1174 1711 καί
1215 1645 1274 1713 τοῦ
1304 1640 1367 1730 βοί-

822 1771 899 1833 ροος

274 1905 303 1969 2.
326 1907 440 1991 post,
449 1908 486 1969 17
510 1901 580 1970 ὁδί
591 1898 774 1989 Σωρανδς
825 1903 997 1989 Inscriptio
1014 1904 1132 1991 capitis
1149 1904 1194 1989 (p.
1207 1903 1259 1989 19)
1272 1901 1367 1989 περὶ

231 2004 772 2095 ἕντοῖςΓοναικείοιςκεφα-
870 2001 1367 2194 ἰμμήνιονκαθοίρσιιοςὲαὶ

230 2107 326 2197 λαίῳ
357 2109 450 2197 περὶ
479 2106 661 2200 ἐμμήνων
688 2108 771 2197 λέγει
870 2127 953 2197 Sor
958 2153 1013 2252 ’,Ρ
1024 2131 1166 2207 253„

229 2208 288 2303 ”ll
311 2208 412 2303 ‘²²le
434 2239 480 2301 'l'
498 2206 627 2301 1³⁰⁰th
650 2210 772 2295 αἰτίαν
827 2226 884 2297 διὰ
914 2226 1013 2298 τοοτό
1046 2255 1130 2311 τινες
1163 2126 1369 2315 διτισυλλαμί

231 2313 402 2405 ἕποίμωνῃ
405 2342 479 2399 ,και
472 2311 563 2384 διὰ
577 2313 696 2384 τοῦτό
711 2341 773 2383 τι·
825 2330 990 2420 μάνωσιν,

232 2445 293 2500 νες
325 2416 773 2505 δπισολλαμβύνοοσινδ

318 2559 381 2623 His
420 2560 580 2646 exemplis
616 2559 772 2625 docemur
806 2559 951 2626 Oribasii
991 2560 1201 2627 scholiastam
1237 2561 1367 2626 nominc

233 2659 384 2750 Σωρανός
413 2685 487 2729 eum
511 2663 694 2750 significare
718 2664 894 2744 Soranum,
922 2687 1019 2752 quem
1042 2665 1232 2751 Hesychius
1261 2666 1367 2729 altero

234 2768 345 2832 laudat
368 2768 451 2848 loco,
476 2768 530 2853 qui
553 2767 594 2833 de
617 2768 830 2835 muliebribus
854 2770 1080 2836 affectionibus
1103 2769 1243 2855 scripsit.

320 2893 349 2954 3.
379 2889 526 2954 Tertium
550 2896 659 2955 autem
676 2889 791 2957 Sorani
815 2913 933 2957 nomen
955 2890 1042 2978 apud
1066 2891 1277 2957 scholiastam
1294 2888 1368 2954 Ori-

236 2993 318 3059 basii
341 2994 462 3080 legitur
484 2993 535 3059 111
551 2997 624 3076 687,
639 2999 670 3059 1:

315 3090 358 3165 ‘0
382 3094 492 3163 Φίλων
514 3095 548 3164 ἐν
569 3100 616 3185 τῷ
639 3094 676 3165 θ’
700 3097 784 3184 Περί
807 3094 1027 3189 βιβλιοθήκης
1048 3092 1194 3188 κτήσεως
1219 3095 1275 3163 καί
1292 3091 1375 3182 Ἕρ-Ι

232 3225 367 3286 μιππος
386 3201 419 3267 ἐν
433 3203 481 3288 τῷ
496 3198 522 3269 ι’
537 3201 619 3289 Περί
636 3204 701 3269 τῶν
723 3199 780 3269 διὰ
802 3199 960 3270 παιδείαν
983 3198 1208 3291 σεμνηθὲντων
1230 3194 1369 3280 ἐνδόξων

233 3300 357 3394 ἀνδρῶν
379 3303 500 3394 ἰατρῶν
521 3306 576 3374 καί
600 3304 816 3394 δΣιορανὸς
837 3305 876 3373 ἐν
897 3312 989 3388 ταῖς
1009 3309 1084 3374 τῶν
1107 3303 1258 3391 ἰατρῶν
1280 3306 1370 3371 δια-

232 3415 372 3498 δοχαῖς
394 3436 496 3502 φασιν
519 3409 569 3482 ὅτι
594 3464 729 3481 ......

319 3518 403 3593 Quin
416 3520 571 3605 scriptum
584 3513 653 3604 βίοι
671 3514 791 3604 ἰατρῶν
806 3515 861 3583 καί
875 3512 1017 3605 αἱρέσεις
1033 3524 1094 3582 etc.
1113 3516 1199 3581 idem
1215 3516 1257 3580 sit
1273 3520 1370 3600 atque

233 3622 317 3709 quod
341 3623 496 3688 hocloco
520 3622 671 3688 laudatur
698 3618 731 3686 ἐν
758 3623 833 3700 ταῖς
858 3621 923 3685 τῶν
951 3615 1071 3707 ἰατρῶν
1098 3618 1284 3700 διαδοχαῖς,
1315 3617 1370 3682 vix

233 3729 402 3815 quisquam
426 3727 553 3793 dubitet
584 3727 674 3811 (vide
703 3747 787 3812 quae
810 3724 1067 3812 Decembergius
1091 3724 1131 3790 ad
1156 3723 1240 3788 hunc
1263 3723 1371 3788 locum

233 3830 368 3897 adnotat
395 3831 447 3896 ΙΙΙ
477 3833 539 3897 687
570 3838 636 3895 not.
668 3830 719 3915 4),
751 3836 849 3916 atque
879 3851 951 3896 cum
980 3830 1156 3896 scholiasta
1183 3827 1224 3893 ad
1255 3825 1371 3892 Sorani

234 3956 350 4001 nomen
383 3937 479 4002 tertio
507 3936 577 4002 loco
607 3935 775 4002 laudatum
805 3955 911 4022 neque
943 3935 1057 4000 urbem
1089 3934 1229 4020 patriam
1263 3952 1370 4017 neque

232 4038 333 4103 ullum
362 4062 541 4125 cognomen
572 4039 687 4122 addat,
720 4039 905 4125 colligimus
934 4038 1141 4104 scholiastam
1169 4036 1266 4101 tertio
1297 4036 1371 4099 loco

233 4143 371 4208 eundem
397 4144 557 4209 Soranum
581 4144 762 4231 Ephesium
791 4144 991 4229 significare,
1019 4163 1114 4228 quam
1145 4141 1262 4205 ceteris
1291 4139 1370 4204 locis

232 4245 358 4310 duobus
392 4247 596 4314 excitaverit.
646 4247 793 4322 Quocum
824 4254 915 4311 actas
946 4246 1086 4309 virorum
1115 4245 1211 4309 trium
1242 4244 1369 4307 illorum
