2956 4822
652 337 741 422 [105]
1241 287 1274 397 o'

127 535 270 598 ciuitates
300 534 351 598 uel
381 534 465 598 uicos
495 533 540 596 ita
569 538 604 595 ut
627 553 676 597 ros
699 538 851 596 externae
882 531 923 594 ad
947 536 1136 616 potestatem
1161 529 1259 611 magi·

127 645 292 719 stratuum,
316 645 453 717 senatus,
477 636 675 700 comitiorum
691 636 904 700 communium
923 634 1111 718 pertineant,
1135 654 1205 696 cum
1227 632 1260 696 in

128 741 221 805 rebus
244 741 424 805 domesticis
447 741 590 804 ciuitates
613 740 810 803 ethnicarum
832 738 1086 823 sympolitiarum
1116 738 1183 800 fere
1213 736 1261 799 sui

127 845 202 908 iuris
224 845 296 918 sint,
319 845 453 908 aliarum
469 844 614 908 ciuitates
637 844 689 907 uel
712 844 774 907 uici
797 842 990 927 sympolitioi
1006 841 1165 905 interdum
1189 841 1258 904 iura
1302 887 1308 897 .

126 934 282 1030 quaedam
305 948 424 1011 maiora
445 953 608 1010 reseruata
629 946 779 1011 habeant.

227 1049 318 1113 Haec
340 1050 544 1134 praemittere
567 1050 702 1133 placuit,
726 1071 798 1114 oum
820 1057 920 1113 totam
943 1048 982 1113 de
1005 1050 1202 1134 synoeeismo
1226 1053 1259 1110 ct

123 1153 303 1237 sympolitia
325 1154 540 1237 quaestionem
571 1153 738 1218 absoluere
764 1154 805 1217 ab
829 1153 887 1218 hoo
910 1153 1017 1217 libello
1041 1154 1181 1216 alienum
1205 1152 1254 1215 sit.
1330 1232 1333 1238 r

123 1257 225 1321 Immo
248 1257 415 1320 laterculos
445 1256 565 1341 aliquos
598 1257 747 1321 adtulisse
778 1258 819 1322 ad
849 1259 944 1323 aedes
967 1256 1175 1322 exstruendas
1198 1254 1256 1319 hoc

123 1362 192 1425 loco
225 1361 301 1424 satis
323 1360 461 1426 habebo:
493 1382 626 1446 quarum
656 1383 727 1425 oum
762 1362 1003 1427 fundamentum
1034 1363 1066 1425 in
1098 1360 1253 1442 inscripti·

126 1464 238 1528 onibus
259 1465 396 1548 positum
419 1466 472 1545 sit,
496 1466 537 1528 ab
561 1465 608 1528 his
632 1465 758 1529 uidetur
780 1465 1039 1550 proficiscendum
1063 1486 1139 1530 esse.
1184 1463 1256 1537 Qua

124 1588 159 1632 re
191 1568 356 1631 titulorum
385 1569 437 1652 qui
461 1567 522 1632 huc
552 1570 729 1653 pertinent,
759 1591 811 1634 eos
844 1571 898 1654 qui
922 1571 1075 1653 grauioris
1104 1566 1258 1633 momenti

125 1673 205 1748 sint,
227 1672 368 1754 singulos
390 1674 574 1737 examinare
606 1673 682 1737 mihi
713 1676 877 1758 proposui,
899 1681 936 1743 ut
958 1675 1097 1738 omnium
1121 1672 1257 1756 primum

125 1795 206 1859 quae
222 1776 309 1858 leges
324 1776 357 1838 in
372 1776 563 1840 instituendo
580 1798 642 1840 uuo
658 1799 783 1862 quoque
799 1781 993 1862 synoeoismo
1008 1779 1060 1842 uel
1075 1776 1257 1862 sympolitia
1335 1840 1339 1850 ,

126 1878 220 1942 datae
244 1881 315 1960 sint,
339 1880 437 1943 uerba
459 1882 635 1945 accuratius
658 1882 895 1967 interpretando
918 1889 1068 1946 statuam.

227 1982 296 2056 Qua
319 1983 351 2045 in
383 2004 417 2046 re
440 1984 466 2047 si
489 1984 564 2068 quid
590 1984 651 2048 hoc
682 1985 789 2049 libello
819 1987 998 2071 profectum
1029 2007 1097 2050 esse
1126 1985 1254 2062 iudices,

126 2086 263 2151 Rudolfo
276 2085 435 2151 Schoellio
452 2089 589 2152 maxime
603 2089 634 2151 id
651 2089 757 2153 deberi
774 2091 869 2154 scias:
885 2092 934 2154 cui
951 2093 1018 2154 uiro
1034 2099 1065 2154 et
1081 2091 1256 2153 studiorum

126 2211 266 2254 meorum
290 2191 445 2256 beneuolo
468 2191 585 2255 fautori
619 2199 651 2256 et
673 2193 765 2257 huius
794 2194 935 2280 opusculi
957 2195 1096 2276 benigno
1118 2192 1255 2257 adiutori

124 2314 185 2357 non
210 2315 337 2378 possum
360 2295 434 2380 quin
458 2295 516 2359 hoo
539 2297 606 2362 loeo
629 2298 747 2381 gratias
769 2299 945 2382 singulares
967 2320 1071 2382 agam.
