<?xml version="1.0" encoding="UTF-8"?>
<!DOCTYPE html PUBLIC "-//W3C//DTD XHTML 1.0 Transitional//EN"
    "http://www.w3.org/TR/xhtml1/DTD/xhtml1-transitional.dtd">
<html xmlns="http://www.w3.org/1999/xhtml" xml:lang="en" lang="en">
 <head>
  <title>
</title>
<meta http-equiv="Content-Type" content="text/html;charset=utf-8" />
  <meta name='ocr-system' content='tesseract 3.04.00' />
  <meta name='ocr-capabilities' content='ocr_page ocr_carea ocr_par ocr_line ocrx_word'/>
</head>
<body>
  <div class='ocr_page' id='page_1' title='image "./dissertationesp00stragoog/dissertationesp00stragoog_0034.png"; bbox 0 0 2948 4808; ppageno 0'>
   <div class='ocr_carea' id='block_1_1' title="bbox 554 266 767 326">
    <p class='ocr_par' dir='ltr' id='par_1_1' title="bbox 554 266 767 326">
     <span class='ocr_line' id='line_1_1' title="bbox 554 266 767 326; baseline 0 -17"><span class='ocrx_word' id='word_1_1' title='bbox 554 266 767 326; x_wconf 73' lang='lat'>..25-</span> 
     </span>
    </p>
   </div>
   <div class='ocr_carea' id='block_1_2' title="bbox 91 443 1228 638">
    <p class='ocr_par' dir='ltr' id='par_1_2' title="bbox 91 443 1228 638">
     <span class='ocr_line' id='line_1_2' title="bbox 91 443 1228 539; baseline 0.002 -25"><span class='ocrx_word' id='word_1_2' title='bbox 91 443 184 528; x_wconf 83' lang='grc' dir='ltr'><em>ὅπως</em></span> <span class='ocrx_word' id='word_1_3' title='bbox 215 447 271 514; x_wconf 80' lang='grc' dir='ltr'>ταί</span> <span class='ocrx_word' id='word_1_4' title='bbox 302 445 444 534; x_wconf 80' lang='grc' dir='ltr'><em>αἱρέσιες</em></span> <span class='ocrx_word' id='word_1_5' title='bbox 471 446 623 536; x_wconf 74' lang='grc' dir='ltr'><em>γίνωνται</em></span> <span class='ocrx_word' id='word_1_6' title='bbox 646 451 680 516; x_wconf 80' lang='grc' dir='ltr'>ἐν</span> <span class='ocrx_word' id='word_1_7' title='bbox 706 449 823 539; x_wconf 81' lang='grc' dir='ltr'><em>Λίνδῳ</em></span> <span class='ocrx_word' id='word_1_8' title='bbox 844 454 909 518; x_wconf 79' lang='grc' dir='ltr'>τῶν</span> <span class='ocrx_word' id='word_1_9' title='bbox 932 449 1042 538; x_wconf 81' lang='grc' dir='ltr'><em>ἱερέων</em></span> <span class='ocrx_word' id='word_1_10' title='bbox 1064 452 1118 518; x_wconf 85' lang='grc' dir='ltr'>καὶ</span> <span class='ocrx_word' id='word_1_11' title='bbox 1144 449 1228 537; x_wconf 90' lang='grc' dir='ltr'><em>ἱερο-</em></span> 
     </span>
     <span class='ocr_line' id='line_1_3' title="bbox 92 549 664 638; baseline 0.007 -21"><span class='ocrx_word' id='word_1_12' title='bbox 92 553 198 617; x_wconf 68' lang='lat' dir='ltr'>dordr</span> <span class='ocrx_word' id='word_1_13' title='bbox 220 549 277 618; x_wconf 87' lang='grc' dir='ltr'>καὶ</span> <span class='ocrx_word' id='word_1_14' title='bbox 301 549 526 638; x_wconf 72' lang='grc' dir='ltr'><em>ἱεροποιῶν</em></span> <span class='ocrx_word' id='word_1_15' title='bbox 547 578 576 620; x_wconf 95' lang='grc' dir='ltr'>κ.</span> <span class='ocrx_word' id='word_1_16' title='bbox 592 581 621 621; x_wconf 85' lang='grc' dir='ltr'>υ.</span> <span class='ocrx_word' id='word_1_17' title='bbox 636 555 664 620; x_wconf 92' lang='grc' dir='ltr'>λ.</span> 
     </span>
    </p>
   </div>
   <div class='ocr_carea' id='block_1_3' title="bbox 389 937 928 1114">
    <p class='ocr_par' dir='ltr' id='par_1_3' title="bbox 389 937 928 1114">
     <span class='ocr_line' id='line_1_4' title="bbox 580 937 740 1005; baseline 0.013 -3"><span class='ocrx_word' id='word_1_18' title='bbox 580 937 606 1002; x_wconf 84' lang='lat' dir='ltr'>C</span> <span class='ocrx_word' id='word_1_19' title='bbox 629 959 658 1005; x_wconf 80' lang='lat' dir='ltr'>e.</span> <span class='ocrx_word' id='word_1_20' title='bbox 681 938 740 1004; x_wconf 87' lang='lat' dir='ltr'>IV.</span> 
     </span>
     <span class='ocr_line' id='line_1_5' title="bbox 389 959 928 1114; baseline 0.007 -4"><span class='ocrx_word' id='word_1_21' title='bbox 389 1047 450 1111; x_wconf 78' lang='lat' dir='ltr'>DE</span> <span class='ocrx_word' id='word_1_22' title='bbox 474 959 678 1114; x_wconf 58' lang='lat' dir='ltr'>nunnius</span> <span class='ocrx_word' id='word_1_23' title='bbox 702 1048 928 1114; x_wconf 84' lang='lat' dir='ltr'><strong>TEMPORE.</strong></span> 
     </span>
    </p>
   </div>
   <div class='ocr_carea' id='block_1_4' title="bbox 9 1168 1233 4280">
    <p class='ocr_par' dir='ltr' id='par_1_4' title="bbox 9 1168 1233 2716">
     <span class='ocr_line' id='line_1_6' title="bbox 178 1168 1230 1251; baseline 0.001 -20"><span class='ocrx_word' id='word_1_24' title='bbox 178 1168 222 1251; x_wconf 76' lang='lat' dir='ltr'>A)</span> <span class='ocrx_word' id='word_1_25' title='bbox 264 1169 307 1232; x_wconf 95' lang='lat' dir='ltr'>In</span> <span class='ocrx_word' id='word_1_26' title='bbox 341 1190 480 1233; x_wconf 86' lang='lat' dir='ltr'>annum</span> <span class='ocrx_word' id='word_1_27' title='bbox 511 1168 653 1234; x_wconf 83' lang='lat' dir='ltr'><strong>Athenis</strong></span> <span class='ocrx_word' id='word_1_28' title='bbox 696 1168 809 1235; x_wconf 89' lang='lat' dir='ltr'>dacem</span> <span class='ocrx_word' id='word_1_29' title='bbox 852 1172 992 1237; x_wconf 84' lang='lat' dir='ltr'>civitatis</span> <span class='ocrx_word' id='word_1_30' title='bbox 1031 1172 1230 1235; x_wconf 79' lang='lat' dir='ltr'>sacrificulos</span> 
     </span>
     <span class='ocr_line' id='line_1_7' title="bbox 93 1267 1231 1362; baseline 0.002 -25"><span class='ocrx_word' id='word_1_31' title='bbox 93 1278 221 1337; x_wconf 86' lang='lat' dir='ltr'>oreatos</span> <span class='ocrx_word' id='word_1_32' title='bbox 254 1295 328 1338; x_wconf 91' lang='lat' dir='ltr'>esse</span> <span class='ocrx_word' id='word_1_33' title='bbox 362 1273 492 1338; x_wconf 84' lang='lat' dir='ltr'>adiecta</span> <span class='ocrx_word' id='word_1_34' title='bbox 527 1274 655 1338; x_wconf 90' lang='lat' dir='ltr'>muneri</span> <span class='ocrx_word' id='word_1_35' title='bbox 690 1267 758 1339; x_wconf 79' lang='grc' dir='ltr'><em>κατ’</em></span> <span class='ocrx_word' id='word_1_36' title='bbox 796 1269 943 1341; x_wconf 80' lang='grc' dir='ltr'><em>ἑνιουιόν</em></span> <span class='ocrx_word' id='word_1_37' title='bbox 975 1277 1064 1340; x_wconf 89' lang='lat' dir='ltr'>notio</span> <span class='ocrx_word' id='word_1_38' title='bbox 1104 1275 1231 1362; x_wconf 89' lang='lat' dir='ltr'>probat.</span> 
     </span>
     <span class='ocr_line' id='line_1_8' title="bbox 9 1376 1228 1466; baseline 0.003 -27"><span class='ocrx_word' id='word_1_39' title='bbox 9 1459 13 1466; x_wconf 22' lang='grc' dir='ltr'>Ι</span> <span class='ocrx_word' id='word_1_40' title='bbox 96 1376 196 1440; x_wconf 79' lang='lat' dir='ltr'>Cuius</span> <span class='ocrx_word' id='word_1_41' title='bbox 227 1377 456 1462; x_wconf 83' lang='lat' dir='ltr'>gravissimum</span> <span class='ocrx_word' id='word_1_42' title='bbox 487 1382 580 1443; x_wconf 84' lang='lat' dir='ltr'>extat</span> <span class='ocrx_word' id='word_1_43' title='bbox 611 1378 831 1455; x_wconf 80' lang='lat' dir='ltr'>testimonium</span> <span class='ocrx_word' id='word_1_44' title='bbox 870 1377 906 1443; x_wconf 83' lang='lat' dir='ltr'>C.</span> <span class='ocrx_word' id='word_1_45' title='bbox 936 1380 963 1443; x_wconf 89' lang='lat' dir='ltr'>I.</span> <span class='ocrx_word' id='word_1_46' title='bbox 992 1378 1032 1445; x_wconf 86' lang='grc' dir='ltr'>Α.</span> <span class='ocrx_word' id='word_1_47' title='bbox 1062 1379 1077 1442; x_wconf 94' lang='grc' dir='ltr'>Ι</span> <span class='ocrx_word' id='word_1_48' title='bbox 1105 1382 1165 1443; x_wconf 82' lang='grc'>188</span> <span class='ocrx_word' id='word_1_49' title='bbox 1189 1410 1228 1432; x_wconf 92' lang='lat'>=</span> 
     </span>
     <span class='ocr_line' id='line_1_9' title="bbox 97 1479 1229 1568; baseline 0.004 -25"><span class='ocrx_word' id='word_1_50' title='bbox 97 1479 245 1558; x_wconf 80' lang='lat' dir='ltr'>Boeekh,</span> <span class='ocrx_word' id='word_1_51' title='bbox 269 1501 338 1545; x_wconf 88' lang='lat' dir='ltr'>oee.</span> <span class='ocrx_word' id='word_1_52' title='bbox 361 1481 451 1567; x_wconf 87' lang='lat' dir='ltr'>publ.</span> <span class='ocrx_word' id='word_1_53' title='bbox 474 1481 594 1545; x_wconf 83' lang='lat' dir='ltr'>Athen.</span> <span class='ocrx_word' id='word_1_54' title='bbox 613 1481 646 1546; x_wconf 91' lang='lat' dir='ltr'>II</span> <span class='ocrx_word' id='word_1_55' title='bbox 663 1482 711 1548; x_wconf 87' lang='lat' dir='ltr'>tit.</span> <span class='ocrx_word' id='word_1_56' title='bbox 727 1482 764 1563; x_wconf 86' lang='lat' dir='ltr'>I.‚</span> <span class='ocrx_word' id='word_1_57' title='bbox 789 1503 852 1568; x_wconf 93' lang='lat' dir='ltr'>quo</span> <span class='ocrx_word' id='word_1_58' title='bbox 874 1483 968 1548; x_wconf 90' lang='lat' dir='ltr'>titulo</span> <span class='ocrx_word' id='word_1_59' title='bbox 994 1483 1136 1547; x_wconf 88' lang='lat' dir='ltr'>rationes</span> <span class='ocrx_word' id='word_1_60' title='bbox 1153 1505 1229 1547; x_wconf 87' lang='lat' dir='ltr'>con·</span> 
     </span>
     <span class='ocr_line' id='line_1_10' title="bbox 97 1587 1229 1676; baseline 0.003 -26"><span class='ocrx_word' id='word_1_61' title='bbox 97 1587 239 1651; x_wconf 88' lang='lat' dir='ltr'>tinentur</span> <span class='ocrx_word' id='word_1_62' title='bbox 263 1609 483 1674; x_wconf 81' lang='lat' dir='ltr'>expensarum</span> <span class='ocrx_word' id='word_1_63' title='bbox 505 1589 661 1653; x_wconf 79' lang='lat' dir='ltr'>archonte</span> <span class='ocrx_word' id='word_1_64' title='bbox 679 1588 862 1676; x_wconf 83' lang='lat' dir='ltr'>Glaucippo</span> <span class='ocrx_word' id='word_1_65' title='bbox 887 1588 955 1674; x_wconf 93' lang='lat' dir='ltr'><strong>(Ol.</strong></span> <span class='ocrx_word' id='word_1_66' title='bbox 968 1593 1041 1670; x_wconf 60' lang='lat'>923</span> <span class='ocrx_word' id='word_1_67' title='bbox 1061 1621 1101 1644; x_wconf 97' lang='lat'>=</span> <span class='ocrx_word' id='word_1_68' title='bbox 1121 1588 1229 1673; x_wconf 67' lang='lat' dir='ltr'>trojo)</span> 
     </span>
     <span class='ocr_line' id='line_1_11' title="bbox 95 1688 1231 1779; baseline 0.003 -27"><span class='ocrx_word' id='word_1_69' title='bbox 95 1688 264 1756; x_wconf 80' lang='lat' dir='ltr'>saetarum.</span> <span class='ocrx_word' id='word_1_70' title='bbox 326 1691 435 1776; x_wconf 81' lang='lat' dir='ltr'><strong>Atque</strong></span> <span class='ocrx_word' id='word_1_71' title='bbox 474 1692 506 1756; x_wconf 91' lang='lat' dir='ltr'>in</span> <span class='ocrx_word' id='word_1_72' title='bbox 553 1692 716 1758; x_wconf 84' lang='lat' dir='ltr'>secundae</span> <span class='ocrx_word' id='word_1_73' title='bbox 755 1693 925 1779; x_wconf 86' lang='lat' dir='ltr'>prytaniae</span> <span class='ocrx_word' id='word_1_74' title='bbox 959 1694 1112 1779; x_wconf 80' lang='lat' dir='ltr'>expensis</span> <span class='ocrx_word' id='word_1_75' title='bbox 1149 1692 1231 1756; x_wconf 90' lang='lat' dir='ltr'>haee</span> 
     </span>
     <span class='ocr_line' id='line_1_12' title="bbox 94 1787 1232 1885; baseline 0.004 -28"><span class='ocrx_word' id='word_1_76' title='bbox 94 1802 308 1859; x_wconf 79' lang='lat' dir='ltr'>recensentur</span> <span class='ocrx_word' id='word_1_77' title='bbox 330 1817 378 1863; x_wconf 86' lang='lat' dir='ltr'>vs.</span> <span class='ocrx_word' id='word_1_78' title='bbox 394 1799 493 1860; x_wconf 82' lang='lat'><strong>5-7:</strong></span> <span class='ocrx_word' id='word_1_79' title='bbox 538 1787 616 1861; x_wconf 79' lang='grc' dir='ltr'>Ἐπί</span> <span class='ocrx_word' id='word_1_80' title='bbox 646 1797 706 1885; x_wconf 79' lang='grc' dir='ltr'>τῆς</span> <span class='ocrx_word' id='word_1_81' title='bbox 733 1792 897 1884; x_wconf 78' lang='grc' dir='ltr'>Αἰγηΐδος</span> <span class='ocrx_word' id='word_1_82' title='bbox 924 1793 1075 1882; x_wconf 81' lang='grc' dir='ltr'><strong><em>δευτέρας</em></strong></span> <span class='ocrx_word' id='word_1_83' title='bbox 1105 1821 1232 1882; x_wconf 77' lang='grc' dir='ltr'><em>πρυτα-</em></span> 
     </span>
     <span class='ocr_line' id='line_1_13' title="bbox 95 1889 1232 1989; baseline 0.004 -29"><span class='ocrx_word' id='word_1_84' title='bbox 95 1890 246 1984; x_wconf 74' lang='grc' dir='ltr'><em>νευούσης</em></span> <span class='ocrx_word' id='word_1_85' title='bbox 268 1889 475 1977; x_wconf 68' lang='grc' dir='ltr'><strong><em>ἀθλοθέταις</em></strong></span> <span class='ocrx_word' id='word_1_86' title='bbox 497 1894 701 1987; x_wconf 66' lang='grc' dir='ltr'>παρεδ[ό]ἔλη</span> <span class='ocrx_word' id='word_1_87' title='bbox 723 1895 771 1979; x_wconf 84' lang='grc' dir='ltr'>είς</span> <span class='ocrx_word' id='word_1_88' title='bbox 794 1894 1018 1989; x_wconf 64' lang='grc' dir='ltr'><em>Παναθήναια</em></span> <span class='ocrx_word' id='word_1_89' title='bbox 1041 1895 1084 1966; x_wconf 84' lang='grc' dir='ltr'>τὰ</span> <span class='ocrx_word' id='word_1_90' title='bbox 1106 1894 1232 1986; x_wconf 79' lang='grc' dir='ltr'><em>μεγάλα</em></span> 
     </span>
     <span class='ocr_line' id='line_1_14' title="bbox 99 1998 1233 2093; baseline 0.002 -26"><span class='ocrx_word' id='word_1_91' title='bbox 99 1999 221 2070; x_wconf 78' lang='grc' dir='ltr'><em>Φίλωνι</em></span> <span class='ocrx_word' id='word_1_92' title='bbox 255 2004 486 2091; x_wconf 77' lang='grc' dir='ltr'><em>Κυδαθηναιεῖ</em></span> <span class='ocrx_word' id='word_1_93' title='bbox 518 2002 575 2071; x_wconf 85' lang='grc' dir='ltr'>καὶ</span> <span class='ocrx_word' id='word_1_94' title='bbox 607 1999 819 2091; x_wconf 82' lang='grc' dir='ltr'><em>συνάρχουσιν</em></span> <span class='ocrx_word' id='word_1_95' title='bbox 850 1998 1033 2093; x_wconf 72' lang='grc' dir='ltr'><em>Ἀθηναίας</em></span> <span class='ocrx_word' id='word_1_96' title='bbox 1066 1998 1233 2082; x_wconf 80' lang='grc' dir='ltr'><em>Πολιάδος</em></span> 
     </span>
     <span class='ocr_line' id='line_1_15' title="bbox 95 2101 1233 2196; baseline 0 -25"><span class='ocrx_word' id='word_1_97' title='bbox 95 2104 208 2192; x_wconf 82' lang='grc' dir='ltr'><em>(πέντε</em></span> <span class='ocrx_word' id='word_1_98' title='bbox 245 2101 388 2173; x_wconf 74' lang='grc' dir='ltr'><em>τάλαντα</em></span> <span class='ocrx_word' id='word_1_99' title='bbox 429 2105 564 2193; x_wconf 87' lang='grc' dir='ltr'><em>χίλιαι),</em></span> <span class='ocrx_word' id='word_1_100' title='bbox 608 2105 836 2191; x_wconf 86' lang='grc' dir='ltr'><em>ἱεροποιοῖς</em></span> <span class='ocrx_word' id='word_1_101' title='bbox 881 2102 961 2174; x_wconf 77' lang='grc' dir='ltr'>κατ&gt;</span> <span class='ocrx_word' id='word_1_102' title='bbox 1007 2101 1233 2196; x_wconf 73' lang='grc' dir='ltr'><em>[ε’]νιαυιὸν</em></span> 
     </span>
     <span class='ocr_line' id='line_1_16' title="bbox 96 2203 1232 2301; baseline 0.002 -26"><span class='ocrx_word' id='word_1_103' title='bbox 96 2204 225 2297; x_wconf 78' lang='grc' dir='ltr'><em>Λιάλλρι</em></span> <span class='ocrx_word' id='word_1_104' title='bbox 252 2203 369 2297; x_wconf 83' lang='grc' dir='ltr'><em>Ἐρχιεῖ</em></span> <span class='ocrx_word' id='word_1_105' title='bbox 390 2209 447 2278; x_wconf 85' lang='grc' dir='ltr'>καί</span> <span class='ocrx_word' id='word_1_106' title='bbox 473 2206 685 2298; x_wconf 77' lang='grc' dir='ltr'><em>συνάρχουσιν</em></span> <span class='ocrx_word' id='word_1_107' title='bbox 704 2208 752 2291; x_wconf 89' lang='grc' dir='ltr'>είς</span> <span class='ocrx_word' id='word_1_108' title='bbox 766 2207 825 2301; x_wconf 79' lang='grc' dir='ltr'>τὴν</span> <span class='ocrx_word' id='word_1_109' title='bbox 840 2207 1023 2300; x_wconf 76' lang='grc' dir='ltr'><em>ἑκατόμβην</em></span> <span class='ocrx_word' id='word_1_110' title='bbox 1046 2212 1232 2296; x_wconf 78' lang='grc' dir='ltr'><em>(πεντακις-</em></span> 
     </span>
     <span class='ocr_line' id='line_1_17' title="bbox 94 2311 1231 2405; baseline -0.001 -24"><span class='ocrx_word' id='word_1_111' title='bbox 94 2312 198 2397; x_wconf 88' lang='grc' dir='ltr'><em>χίλιαι</em></span> <span class='ocrx_word' id='word_1_112' title='bbox 226 2311 342 2399; x_wconf 79' lang='grc' dir='ltr'><em>ἱκανὸν</em></span> <span class='ocrx_word' id='word_1_113' title='bbox 371 2315 526 2404; x_wconf 76' lang='grc' dir='ltr'><em>τέσσαρες</em></span> <span class='ocrx_word' id='word_1_114' title='bbox 553 2316 610 2384; x_wconf 84' lang='grc' dir='ltr'>καί</span> <span class='ocrx_word' id='word_1_115' title='bbox 645 2316 748 2405; x_wconf 82' lang='grc' dir='ltr'><em>δέκα).</em></span> <span class='ocrx_word' id='word_1_116' title='bbox 797 2318 924 2383; x_wconf 85' lang='lat' dir='ltr'>Eodem</span> <span class='ocrx_word' id='word_1_117' title='bbox 951 2319 1048 2383; x_wconf 93' lang='lat' dir='ltr'>modo</span> <span class='ocrx_word' id='word_1_118' title='bbox 1075 2324 1231 2382; x_wconf 79' lang='lat' dir='ltr'>vocantur</span> 
     </span>
     <span class='ocr_line' id='line_1_18' title="bbox 96 2419 1231 2506; baseline -0.001 -22"><span class='ocrx_word' id='word_1_119' title='bbox 96 2419 181 2506; x_wconf 85' lang='lat' dir='ltr'>apud</span> <span class='ocrx_word' id='word_1_120' title='bbox 198 2420 402 2485; x_wconf 86' lang='lat' dir='ltr'>Boeekhium</span> <span class='ocrx_word' id='word_1_121' title='bbox 425 2423 446 2488; x_wconf 92' lang='lat' dir='ltr'>l.</span> <span class='ocrx_word' id='word_1_122' title='bbox 470 2444 497 2488; x_wconf 88' lang='grc' dir='ltr'>υ.</span> <span class='ocrx_word' id='word_1_123' title='bbox 522 2423 570 2488; x_wconf 87' lang='lat' dir='ltr'>tit.</span> <span class='ocrx_word' id='word_1_124' title='bbox 586 2421 681 2504; x_wconf 84' lang='lat' dir='ltr'>VIII,</span> <span class='ocrx_word' id='word_1_125' title='bbox 698 2423 789 2487; x_wconf 85' lang='lat' dir='ltr'>cuius</span> <span class='ocrx_word' id='word_1_126' title='bbox 813 2444 860 2487; x_wconf 85' lang='lat' dir='ltr'>vs.</span> <span class='ocrx_word' id='word_1_127' title='bbox 878 2425 918 2486; x_wconf 87' lang='lat'>35</span> <span class='ocrx_word' id='word_1_128' title='bbox 938 2428 1026 2487; x_wconf 87' lang='lat' dir='ltr'>reete</span> <span class='ocrx_word' id='word_1_129' title='bbox 1045 2421 1231 2486; x_wconf 85' lang='lat' dir='ltr'>Boeckhius</span> 
     </span>
     <span class='ocr_line' id='line_1_19' title="bbox 96 2516 1227 2612; baseline 0.003 -26"><span class='ocrx_word' id='word_1_130' title='bbox 96 2522 128 2605; x_wconf 68' lang='grc' dir='ltr'>(ξ</span> <span class='ocrx_word' id='word_1_131' title='bbox 146 2526 165 2587; x_wconf 88' lang='grc'><strong>3</strong></span> <span class='ocrx_word' id='word_1_132' title='bbox 187 2545 234 2590; x_wconf 84' lang='lat' dir='ltr'>vs.</span> <span class='ocrx_word' id='word_1_133' title='bbox 251 2524 285 2607; x_wconf 84' lang='lat'>3)</span> <span class='ocrx_word' id='word_1_134' title='bbox 309 2525 472 2611; x_wconf 84' lang='lat' dir='ltr'>supplevit</span> <span class='ocrx_word' id='word_1_135' title='bbox 496 2522 543 2612; x_wconf 74' lang='grc' dir='ltr'>[ἐκ</span> <span class='ocrx_word' id='word_1_136' title='bbox 562 2522 822 2612; x_wconf 65' lang='grc' dir='ltr'><em>Παναλθηναίων</em></span> <span class='ocrx_word' id='word_1_137' title='bbox 844 2520 937 2608; x_wconf 84' lang='grc' dir='ltr'><em>παρὰ</em></span> <span class='ocrx_word' id='word_1_138' title='bbox 954 2521 1144 2611; x_wconf 83' lang='grc' dir='ltr'><em>[ἱεροποιῶν</em></span> <span class='ocrx_word' id='word_1_139' title='bbox 1158 2516 1227 2589; x_wconf 77' lang='grc' dir='ltr'><em>κατ’</em></span> 
     </span>
     <span class='ocr_line' id='line_1_20' title="bbox 97 2621 904 2716; baseline 0.005 -24"><span class='ocrx_word' id='word_1_140' title='bbox 97 2625 259 2716; x_wconf 78' lang='grc' dir='ltr'><em>ἐνιαυιό]ν</em></span> <span class='ocrx_word' id='word_1_141' title='bbox 282 2625 527 2714; x_wconf 81' lang='grc' dir='ltr'><em>[(πενσακάσιαι</em></span> <span class='ocrx_word' id='word_1_142' title='bbox 550 2628 662 2696; x_wconf 70' lang='grc' dir='ltr'><em>ἕνδεκα</em></span> <span class='ocrx_word' id='word_1_143' title='bbox 685 2630 733 2716; x_wconf 70' lang='lat' dir='ltr'>dp.</span> <span class='ocrx_word' id='word_1_144' title='bbox 757 2621 805 2709; x_wconf 85' lang='grc' dir='ltr'>εἱς</span> <span class='ocrx_word' id='word_1_145' title='bbox 828 2622 904 2715; x_wconf 58' lang='lat' dir='ltr'>dd).</span> 
     </span>
    </p>

    <p class='ocr_par' dir='ltr' id='par_1_5' title="bbox 97 2730 1231 3137">
     <span class='ocr_line' id='line_1_21' title="bbox 185 2730 1231 2825; baseline 0.001 -26"><span class='ocrx_word' id='word_1_146' title='bbox 185 2736 249 2801; x_wconf 90' lang='lat' dir='ltr'>Per</span> <span class='ocrx_word' id='word_1_147' title='bbox 261 2736 347 2801; x_wconf 91' lang='lat' dir='ltr'>idem</span> <span class='ocrx_word' id='word_1_148' title='bbox 359 2738 516 2824; x_wconf 89' lang='lat' dir='ltr'>temporis</span> <span class='ocrx_word' id='word_1_149' title='bbox 530 2739 671 2825; x_wconf 87' lang='lat' dir='ltr'>spatium</span> <span class='ocrx_word' id='word_1_150' title='bbox 684 2737 869 2803; x_wconf 85' lang='lat' dir='ltr'>Eleusinios</span> <span class='ocrx_word' id='word_1_151' title='bbox 882 2738 1083 2803; x_wconf 84' lang='lat' dir='ltr'>sacrificulos</span> <span class='ocrx_word' id='word_1_152' title='bbox 1097 2730 1231 2800; x_wconf 86' lang='lat' dir='ltr'>munere</span> 
     </span>
     <span class='ocr_line' id='line_1_22' title="bbox 97 2841 1231 2928; baseline -0.001 -24"><span class='ocrx_word' id='word_1_153' title='bbox 97 2841 225 2906; x_wconf 86' lang='lat' dir='ltr'>functos</span> <span class='ocrx_word' id='word_1_154' title='bbox 256 2863 332 2906; x_wconf 91' lang='lat' dir='ltr'>esse</span> <span class='ocrx_word' id='word_1_155' title='bbox 360 2849 438 2928; x_wconf 91' lang='lat' dir='ltr'>puto</span> <span class='ocrx_word' id='word_1_156' title='bbox 463 2864 536 2908; x_wconf 90' lang='lat' dir='ltr'>eam</span> <span class='ocrx_word' id='word_1_157' title='bbox 560 2843 601 2908; x_wconf 95' lang='lat' dir='ltr'>ob</span> <span class='ocrx_word' id='word_1_158' title='bbox 625 2864 694 2907; x_wconf 89' lang='lat' dir='ltr'>rem</span> <span class='ocrx_word' id='word_1_159' title='bbox 718 2843 793 2928; x_wconf 95' lang='lat' dir='ltr'>quia</span> <span class='ocrx_word' id='word_1_160' title='bbox 815 2843 853 2907; x_wconf 93' lang='lat' dir='ltr'>iis</span> <span class='ocrx_word' id='word_1_161' title='bbox 879 2863 1048 2907; x_wconf 80' lang='lat' dir='ltr'>sacrorum</span> <span class='ocrx_word' id='word_1_162' title='bbox 1071 2841 1231 2906; x_wconf 90' lang='lat' dir='ltr'>bonorum</span> 
     </span>
     <span class='ocr_line' id='line_1_23' title="bbox 97 2945 1231 3032; baseline 0 -24"><span class='ocrx_word' id='word_1_163' title='bbox 97 2945 129 3008; x_wconf 92' lang='lat' dir='ltr'>in</span> <span class='ocrx_word' id='word_1_164' title='bbox 152 2946 275 3032; x_wconf 92' lang='lat' dir='ltr'>templo</span> <span class='ocrx_word' id='word_1_165' title='bbox 298 2945 468 3012; x_wconf 82' lang='lat' dir='ltr'>Eleusinio</span> <span class='ocrx_word' id='word_1_166' title='bbox 492 2947 729 3012; x_wconf 81' lang='lat' dir='ltr'>administratio</span> <span class='ocrx_word' id='word_1_167' title='bbox 753 2947 863 3012; x_wconf 87' lang='lat' dir='ltr'>delata</span> <span class='ocrx_word' id='word_1_168' title='bbox 887 2955 951 3011; x_wconf 89' lang='lat' dir='ltr'>est:</span> <span class='ocrx_word' id='word_1_169' title='bbox 990 2945 1027 3013; x_wconf 84' lang='lat' dir='ltr'>C.</span> <span class='ocrx_word' id='word_1_170' title='bbox 1050 2946 1076 3012; x_wconf 91' lang='grc' dir='ltr'>Ι.</span> <span class='ocrx_word' id='word_1_171' title='bbox 1100 2945 1141 3012; x_wconf 89' lang='lat' dir='ltr'>A.</span> <span class='ocrx_word' id='word_1_172' title='bbox 1165 2945 1181 3008; x_wconf 94' lang='lat' dir='ltr'>I</span> <span class='ocrx_word' id='word_1_173' title='bbox 1204 2950 1231 3026; x_wconf 86' lang='lat'>1,</span> 
     </span>
     <span class='ocr_line' id='line_1_24' title="bbox 97 3049 400 3137; baseline 0.01 -23"><span class='ocrx_word' id='word_1_174' title='bbox 97 3049 184 3116; x_wconf 84' lang='lat' dir='ltr'>Buil.</span> <span class='ocrx_word' id='word_1_175' title='bbox 207 3049 257 3114; x_wconf 87' lang='lat' dir='ltr'>IV</span> <span class='ocrx_word' id='word_1_176' title='bbox 280 3073 311 3137; x_wconf 89' lang='lat' dir='ltr'>p.</span> <span class='ocrx_word' id='word_1_177' title='bbox 329 3053 400 3118; x_wconf 80' lang='lat'><strong>226.</strong></span> 
     </span>
    </p>

    <p class='ocr_par' dir='ltr' id='par_1_6' title="bbox 11 3155 1233 4072">
     <span class='ocr_line' id='line_1_25' title="bbox 183 3155 1231 3244; baseline -0.002 -25"><span class='ocrx_word' id='word_1_178' title='bbox 183 3155 236 3219; x_wconf 87' lang='lat' dir='ltr'>Ad</span> <span class='ocrx_word' id='word_1_179' title='bbox 268 3156 408 3221; x_wconf 81' lang='lat' dir='ltr'>civitatis</span> <span class='ocrx_word' id='word_1_180' title='bbox 436 3158 624 3244; x_wconf 83' lang='lat' dir='ltr'>exemplum</span> <span class='ocrx_word' id='word_1_181' title='bbox 654 3155 795 3240; x_wconf 85' lang='lat' dir='ltr'>collegia</span> <span class='ocrx_word' id='word_1_182' title='bbox 825 3176 954 3241; x_wconf 90' lang='lat' dir='ltr'>quoque</span> <span class='ocrx_word' id='word_1_183' title='bbox 985 3175 1109 3219; x_wconf 90' lang='lat' dir='ltr'>annuos</span> <span class='ocrx_word' id='word_1_184' title='bbox 1132 3155 1231 3218; x_wconf 84' lang='lat' dir='ltr'>saeri-</span> 
     </span>
     <span class='ocr_line' id='line_1_26' title="bbox 101 3257 1231 3344; baseline -0.003 -21"><span class='ocrx_word' id='word_1_185' title='bbox 101 3259 214 3324; x_wconf 88' lang='lat' dir='ltr'>fieulos</span> <span class='ocrx_word' id='word_1_186' title='bbox 249 3260 427 3326; x_wconf 86' lang='lat' dir='ltr'>habebant.</span> <span class='ocrx_word' id='word_1_187' title='bbox 484 3260 615 3325; x_wconf 81' lang='lat' dir='ltr'>Etenim</span> <span class='ocrx_word' id='word_1_188' title='bbox 652 3260 738 3326; x_wconf 90' lang='lat' dir='ltr'>Bull.</span> <span class='ocrx_word' id='word_1_189' title='bbox 774 3259 909 3324; x_wconf 84' lang='lat'>111570</span> <span class='ocrx_word' id='word_1_190' title='bbox 946 3281 1014 3344; x_wconf 88' lang='lat' dir='ltr'>sqq.</span> <span class='ocrx_word' id='word_1_191' title='bbox 1054 3257 1231 3322; x_wconf 84' lang='lat' dir='ltr'>honoribus</span> 
     </span>
     <span class='ocr_line' id='line_1_27' title="bbox 99 3357 1233 3450; baseline -0.001 -24"><span class='ocrx_word' id='word_1_192' title='bbox 99 3368 230 3427; x_wconf 88' lang='lat' dir='ltr'>ornatur</span> <span class='ocrx_word' id='word_1_193' title='bbox 259 3384 279 3426; x_wconf 98' lang='lat' dir='ltr'>a</span> <span class='ocrx_word' id='word_1_194' title='bbox 301 3363 453 3428; x_wconf 87' lang='lat' dir='ltr'>thiasotis</span> <span class='ocrx_word' id='word_1_195' title='bbox 477 3364 662 3450; x_wconf 82' lang='lat' dir='ltr'>Stephanus</span> <span class='ocrx_word' id='word_1_196' title='bbox 692 3363 840 3449; x_wconf 84' lang='lat' dir='ltr'>quidam,</span> <span class='ocrx_word' id='word_1_197' title='bbox 874 3361 929 3448; x_wconf 90' lang='lat' dir='ltr'>qui</span> <span class='ocrx_word' id='word_1_198' title='bbox 952 3359 1011 3426; x_wconf 77' lang='grc' dir='ltr'>ἐπὶ</span> <span class='ocrx_word' id='word_1_199' title='bbox 1035 3357 1233 3438; x_wconf 80' lang='grc' dir='ltr'><em>Νικοκλέους</em></span> 
     </span>
     <span class='ocr_line' id='line_1_28' title="bbox 100 3459 1232 3552; baseline -0.002 -22"><span class='ocrx_word' id='word_1_200' title='bbox 100 3459 256 3550; x_wconf 83' lang='grc' dir='ltr'><em>άρχοντος</em></span> <span class='ocrx_word' id='word_1_201' title='bbox 280 3466 322 3550; x_wconf 86' lang='lat' dir='ltr'>(a.</span> <span class='ocrx_word' id='word_1_202' title='bbox 340 3470 431 3548; x_wconf 65' lang='lat' dir='ltr'>302ss</span> <span class='ocrx_word' id='word_1_203' title='bbox 450 3491 477 3535; x_wconf 92' lang='lat' dir='ltr'>a.</span> <span class='ocrx_word' id='word_1_204' title='bbox 497 3466 573 3534; x_wconf 81' lang='lat' dir='ltr'>Chr.</span> <span class='ocrx_word' id='word_1_205' title='bbox 591 3466 637 3551; x_wconf 91' lang='lat' dir='ltr'>n.)</span> <span class='ocrx_word' id='word_1_206' title='bbox 661 3489 795 3533; x_wconf 87' lang='lat' dir='ltr'>munere</span> <span class='ocrx_word' id='word_1_207' title='bbox 812 3465 1011 3552; x_wconf 78' lang='grc' dir='ltr'><em>ἐπιμεληυοῦ</em></span> <span class='ocrx_word' id='word_1_208' title='bbox 1025 3465 1156 3530; x_wconf 83' lang='lat' dir='ltr'>iunctus</span> <span class='ocrx_word' id='word_1_209' title='bbox 1174 3471 1232 3545; x_wconf 86' lang='lat' dir='ltr'>est,</span> 
     </span>
     <span class='ocr_line' id='line_1_29' title="bbox 101 3564 1232 3658; baseline -0.002 -24"><span class='ocrx_word' id='word_1_210' title='bbox 101 3571 249 3656; x_wconf 79' lang='lat' dir='ltr'>sequenti</span> <span class='ocrx_word' id='word_1_211' title='bbox 277 3593 362 3636; x_wconf 91' lang='lat' dir='ltr'>anno</span> <span class='ocrx_word' id='word_1_212' title='bbox 402 3568 461 3637; x_wconf 77' lang='grc' dir='ltr'>ἐπὶ</span> <span class='ocrx_word' id='word_1_213' title='bbox 496 3566 665 3657; x_wconf 86' lang='grc' dir='ltr'><em>Κλεάρχου</em></span> <span class='ocrx_word' id='word_1_214' title='bbox 697 3564 851 3658; x_wconf 84' lang='grc' dir='ltr'><em>άρχονιος</em></span> <span class='ocrx_word' id='word_1_215' title='bbox 886 3592 1021 3636; x_wconf 90' lang='lat' dir='ltr'>munere</span> <span class='ocrx_word' id='word_1_216' title='bbox 1052 3566 1232 3655; x_wconf 79' lang='grc' dir='ltr'><em>ἱεροποιοῦ,</em></span> 
     </span>
     <span class='ocr_line' id='line_1_30' title="bbox 102 3665 1232 3762; baseline -0.001 -24"><span class='ocrx_word' id='word_1_217' title='bbox 102 3675 249 3761; x_wconf 82' lang='lat' dir='ltr'>proximo</span> <span class='ocrx_word' id='word_1_218' title='bbox 289 3697 373 3739; x_wconf 88' lang='lat' dir='ltr'>anno</span> <span class='ocrx_word' id='word_1_219' title='bbox 411 3670 580 3761; x_wconf 87' lang='grc' dir='ltr'><em>ἱεροποιοῦ</em></span> <span class='ocrx_word' id='word_1_220' title='bbox 620 3677 737 3740; x_wconf 88' lang='lat' dir='ltr'>iterum</span> <span class='ocrx_word' id='word_1_221' title='bbox 771 3668 819 3762; x_wconf 76' lang='grc' dir='ltr'>ἐφ’</span> <span class='ocrx_word' id='word_1_222' title='bbox 850 3667 1035 3760; x_wconf 85' lang='grc' dir='ltr'><em>Ἡγεμάχου</em></span> <span class='ocrx_word' id='word_1_223' title='bbox 1070 3665 1232 3759; x_wconf 81' lang='grc' dir='ltr'><em>άρχονιος.</em></span> 
     </span>
     <span class='ocr_line' id='line_1_31' title="bbox 11 3776 1233 3864; baseline -0.002 -23"><span class='ocrx_word' id='word_1_224' title='bbox 11 3815 12 3818; x_wconf 61' lang='lat'><em>=</em></span> <span class='ocrx_word' id='word_1_225' title='bbox 100 3777 200 3842; x_wconf 82' lang='lat' dir='ltr'>Aliud</span> <span class='ocrx_word' id='word_1_226' title='bbox 224 3779 411 3864; x_wconf 82' lang='lat' dir='ltr'>exemplum</span> <span class='ocrx_word' id='word_1_227' title='bbox 434 3784 578 3864; x_wconf 88' lang='lat' dir='ltr'>praestat</span> <span class='ocrx_word' id='word_1_228' title='bbox 600 3779 648 3843; x_wconf 92' lang='lat' dir='ltr'>tit.</span> <span class='ocrx_word' id='word_1_229' title='bbox 672 3777 768 3858; x_wconf 84' lang='lat' dir='ltr'>Rosa,</span> <span class='ocrx_word' id='word_1_230' title='bbox 792 3777 833 3842; x_wconf 92' lang='lat' dir='ltr'>de</span> <span class='ocrx_word' id='word_1_231' title='bbox 854 3777 957 3843; x_wconf 91' lang='lat' dir='ltr'>demis</span> <span class='ocrx_word' id='word_1_232' title='bbox 974 3778 1043 3842; x_wconf 81' lang='lat' dir='ltr'>Au.</span> <span class='ocrx_word' id='word_1_233' title='bbox 1060 3798 1091 3843; x_wconf 91' lang='lat' dir='ltr'>n.</span> <span class='ocrx_word' id='word_1_234' title='bbox 1109 3779 1162 3856; x_wconf 79' lang='lat'>21,</span> <span class='ocrx_word' id='word_1_235' title='bbox 1178 3776 1233 3840; x_wconf 91' lang='lat' dir='ltr'>ubi</span> 
     </span>
     <span class='ocr_line' id='line_1_32' title="bbox 102 3877 1232 3968; baseline -0.004 -22"><span class='ocrx_word' id='word_1_236' title='bbox 102 3877 279 3968; x_wconf 75' lang='lat' dir='ltr'>ielponotoi</span> <span class='ocrx_word' id='word_1_237' title='bbox 304 3878 335 3947; x_wconf 92' lang='grc' dir='ltr'>οἱ</span> <span class='ocrx_word' id='word_1_238' title='bbox 359 3880 418 3948; x_wconf 79' lang='grc' dir='ltr'>ἐπί</span> <span class='ocrx_word' id='word_1_239' title='bbox 444 3877 655 3948; x_wconf 81' lang='grc' dir='ltr'><em>Φιλιππίδου</em></span> <span class='ocrx_word' id='word_1_240' title='bbox 678 3881 840 3967; x_wconf 81' lang='lat' dir='ltr'>signifieat</span> <span class='ocrx_word' id='word_1_241' title='bbox 863 3882 1064 3946; x_wconf 80' lang='lat' dir='ltr'>sacrificulos</span> <span class='ocrx_word' id='word_1_242' title='bbox 1083 3902 1142 3966; x_wconf 89' lang='lat' dir='ltr'>per</span> <span class='ocrx_word' id='word_1_243' title='bbox 1159 3901 1232 3944; x_wconf 90' lang='lat' dir='ltr'>oum</span> 
     </span>
     <span class='ocr_line' id='line_1_33' title="bbox 101 3984 1232 4072; baseline -0.003 -22"><span class='ocrx_word' id='word_1_244' title='bbox 101 4008 221 4050; x_wconf 92' lang='lat' dir='ltr'>annum</span> <span class='ocrx_word' id='word_1_245' title='bbox 244 4008 379 4052; x_wconf 89' lang='lat' dir='ltr'>munere</span> <span class='ocrx_word' id='word_1_246' title='bbox 403 3987 531 4051; x_wconf 83' lang='lat' dir='ltr'>functos</span> <span class='ocrx_word' id='word_1_247' title='bbox 562 4008 624 4072; x_wconf 90' lang='lat' dir='ltr'>quo</span> <span class='ocrx_word' id='word_1_248' title='bbox 647 3985 851 4072; x_wconf 87' lang='lat' dir='ltr'>Philippides</span> <span class='ocrx_word' id='word_1_249' title='bbox 873 3984 1055 4049; x_wconf 87' lang='lat' dir='ltr'>sacerdotio</span> <span class='ocrx_word' id='word_1_250' title='bbox 1072 3989 1232 4070; x_wconf 84' lang='lat' dir='ltr'>praeerat.</span> 
     </span>
    </p>

    <p class='ocr_par' dir='ltr' id='par_1_7' title="bbox 101 4085 1233 4280">
     <span class='ocr_line' id='line_1_34' title="bbox 185 4085 1233 4177; baseline -0.002 -22"><span class='ocrx_word' id='word_1_251' title='bbox 185 4090 278 4156; x_wconf 88' lang='lat' dir='ltr'>Idem</span> <span class='ocrx_word' id='word_1_252' title='bbox 310 4090 350 4156; x_wconf 88' lang='lat' dir='ltr'>de</span> <span class='ocrx_word' id='word_1_253' title='bbox 382 4091 579 4177; x_wconf 83' lang='lat' dir='ltr'>orgeonibus</span> <span class='ocrx_word' id='word_1_254' title='bbox 610 4089 684 4154; x_wconf 91' lang='lat' dir='ltr'>inde</span> <span class='ocrx_word' id='word_1_255' title='bbox 713 4090 860 4175; x_wconf 89' lang='lat' dir='ltr'>sequitur</span> <span class='ocrx_word' id='word_1_256' title='bbox 889 4088 974 4173; x_wconf 91' lang='lat' dir='ltr'>quod</span> <span class='ocrx_word' id='word_1_257' title='bbox 999 4088 1173 4152; x_wconf 81' lang='lat' dir='ltr'>sacrificuli</span> <span class='ocrx_word' id='word_1_258' title='bbox 1197 4085 1233 4153; x_wconf 81' lang='lat'>0.</span> 
     </span>
     <span class='ocr_line' id='line_1_35' title="bbox 101 4192 1233 4280; baseline -0.002 -23"><span class='ocrx_word' id='word_1_259' title='bbox 101 4194 128 4261; x_wconf 93' lang='lat' dir='ltr'>I.</span> <span class='ocrx_word' id='word_1_260' title='bbox 143 4195 184 4259; x_wconf 88' lang='lat' dir='ltr'>A.</span> <span class='ocrx_word' id='word_1_261' title='bbox 201 4194 235 4259; x_wconf 94' lang='lat' dir='ltr'>II</span> <span class='ocrx_word' id='word_1_262' title='bbox 248 4197 309 4258; x_wconf 85' lang='lat'>610</span> <span class='ocrx_word' id='word_1_263' title='bbox 326 4195 429 4260; x_wconf 88' lang='lat' dir='ltr'>altero</span> <span class='ocrx_word' id='word_1_264' title='bbox 447 4195 603 4280; x_wconf 81' lang='lat' dir='ltr'>cuiusque</span> <span class='ocrx_word' id='word_1_265' title='bbox 625 4194 747 4257; x_wconf 90' lang='lat' dir='ltr'>mensis</span> <span class='ocrx_word' id='word_1_266' title='bbox 764 4192 817 4258; x_wconf 93' lang='lat' dir='ltr'>die</span> <span class='ocrx_word' id='word_1_267' title='bbox 834 4193 1034 4278; x_wconf 81' lang='lat' dir='ltr'>collegarum</span> <span class='ocrx_word' id='word_1_268' title='bbox 1051 4193 1233 4257; x_wconf 88' lang='lat' dir='ltr'>contionem</span> 
     </span>
    </p>
   </div>
   <div class='ocr_carea' id='block_1_5' title="bbox 0 0 1487 4808">
    <p class='ocr_par' dir='ltr' id='par_1_8' title="bbox 0 0 1487 4808">
     <span class='ocr_line' id='line_1_36' title="bbox 0 0 1487 4808; baseline 0 0"><span class='ocrx_word' id='word_1_269' title='bbox 0 0 1487 4808; x_wconf 95' lang='lat' dir='ltr'> </span> 
     </span>
    </p>
   </div>
  </div>
 </body>
</html>
