2948 4808
682 268 895 329 ..66-

302 458 332 522 6.
356 455 521 521 Odcssi:
554 456 636 522 Rev.
660 458 748 522 arch.
772 455 812 522 N.
831 455 864 522 S.
881 455 1010 520 XXXV
1033 478 1064 542 p.
1084 461 1140 520 111
1169 455 1232 520 duo
1256 477 1349 542 gym-

216 560 299 624 nasii
322 561 486 646 epimenii.

203 687 205 689 ’
303 675 330 737 7.
372 671 567 758 Istropoli
605 669 895 756 (Karabcraara):
935 671 1348 759 Archaeologisch-epigr.

215 775 320 839 Mitth.
346 797 403 838 aus
419 774 627 840 Oesterreioh
640 775 688 838 VI
707 775 819 860 (1882)
843 800 874 863 p.
892 779 932 841 36
956 798 987 842 n.
1006 779 1061 841 78:
1085 771 1350 864 ἒπιμηνιεύονιος

213 881 272 963 τῆς
294 874 467 967 ἐκκλησίας
486 871 673 966 Ἀθηνάδου
695 904 724 944 κ.
740 905 768 944 ι.
784 880 812 945 λ.
1373 895 1374 907 ’

300 992 330 1056 8.
360 990 428 1054 Co:
458 990 588 1056 BullV
609 1014 641 1077 p.
663 994 721 1054 221
748 995 817 1056 ull
840 994 923 1056 vsi
946 986 978 1057 οὶ
1001 983 1053 1055 ἀεὶ
1077 985 1348 1078 ἕπιμιμιεύονιες.

368 1154 412 1210 11.
444 1153 677 1220 collegiorum
699 1157 733 1209 st
756 1155 989 1210 communium
1010 1141 1192 1234 εἰημήνιοι.

302 1254 330 1316 1.
358 1249 427 1314 Co:
453 1250 538 1315 Bull.
562 1251 602 1316 de
627 1273 709 1317 corr.
733 1251 809 1317 hell.
825 1250 875 1314 VI
897 1273 930 1336 p.
946 1253 1018 1315 257.

298 1355 482 1420 Tribuum
511 1351 694 1444 ἑπιμήνιοιε
723 1356 821 1438 Ross,
853 1358 950 1422 inser.
974 1357 1029 1423 Gr.
1058 1358 1143 1422 ined.
1171 1364 1283 1425 n.175
1307 1389 1347 1412 =

211 1463 320 1548 Rayet
342 1463 438 1526 inscr.
462 1462 503 1527 de
526 1464 592 1527 l'ile
617 1462 657 1527 de
680 1460 751 1526 Kos
781 1484 812 1528 n.
837 1465 854 1524 7
874 1461 938 1525 duo
960 1457 1131 1550 ἐπιμήνιοι
1154 1464 1214 1529 τοῦ
1236 1466 1348 1531 κοινοῦ

211 1567 276 1631 τῶν
298 1563 591 1652 συμπορευομένων
613 1560 706 1651 παρὰ
729 1560 796 1629 Δία
815 1558 938 1630 Ὑέτιον
961 1566 1061 1651 (13.2
1086 1567 1180 1653 sqq.).

297 1670 398 1750 Rosa,
426 1670 523 1734 inser.
548 1667 605 1732 Gr.
636 1669 721 1734 ined.
745 1672 801 1732 311
836 1670 883 1753 (in
915 1671 1015 1733 sacris
1044 1668 1200 1735 Herculis
1224 1673 1347 1756 Διομε-

211 1769 357 1840 δονιείου
373 1796 393 1837 a
409 1772 626 1837 Diomedonte
642 1772 817 1856 institutis)
832 1774 860 1837 B
875 1777 914 1836 25
931 1769 1125 1859 ratpotone
1141 1766 1346 1860 ὄάἶρεῖσθαι

209 1881 296 1963 τρεῖς
318 1869 398 1942 καθ’
412 1871 559 1942 ἐνιαυτόν
580 1900 608 1941 κ.
624 1901 652 1941 τ.
668 1876 696 1940 λ.
720 1876 751 1939 D
774 1879 878 1942 xre-28
903 1898 970 1962 sqq.

297 1993 325 2054 2.
350 1989 517 2055 Therae:
542 1986 622 2054 (1.1.
639 1987 679 2052 G.
697 1991 780 2051 2448
803 1989 837 2052 in
853 1993 1053 2052 testamento
1069 1988 1244 2074 Epictetae
1261 1990 1347 2075 quod

210 2097 308 2180 vulgo
340 2101 475 2160 vocatur
506 2101 572 2158 tres
604 2094 758 2179 epimenii
789 2094 848 2158 τοῦ
885 2094 994 2159 κοινοῦ
1021 2095 1079 2159 τοῦ
1106 2086 1254 2181 ἀνδρείου
1283 2097 1347 2161 τῶν

210 2199 367 2285 συγγενῶν
389 2199 508 2284 singuli
531 2200 563 2262 in
589 2198 734 2283 singulos
760 2196 829 2262 dies
854 2199 964 2262 creati.

295 2316 324 2378 3.
349 2311 428 2376 cii:
452 2309 718 2376 LeBas-Wadd.
735 2310 814 2375 Asie
836 2311 912 2377 min.
929 2332 960 2374 n.
980 2312 1072 2393 1143,
1096 2332 1192 2396 quem
1216 2312 1346 2376 titulum
1425 2377 1428 2390 ,

207 2416 389 2481 Foucartus
413 2437 478 2482 ass.
494 2417 586 2500 relig.
604 2415 683 2479 chez
701 2416 749 2479 les
768 2413 825 2480 Gr.
840 2436 871 2499 p.
886 2417 947 2478 240
964 2436 1033 2500 sqq.
1049 2417 1093 2495 (n.
1108 2415 1162 2499 66)
1181 2415 1345 2480 sodalitati

208 2520 306 2583 alicui
330 2519 547 2585 thiasotarum
569 2519 783 2604 probabiliter
810 2517 980 2597 adscribit,
1013 2518 1101 2583 unde
1130 2520 1259 2584 initium
1287 2519 1344 2583 ad-

208 2622 340 2686 modum
364 2629 549 2708 eorruptum
571 2622 657 2687 idem
682 2623 728 2687 sic
753 2623 911 2686 restituit:
940 2618 985 2708 oli
1010 2625 1180 2688 θιασῶται
1203 2619 1344 2710 ἑν]ίμ[η-
1392 2687 1393 2690 ,

208 2723 281 2812 σαν]
310 2718 511 2809 Ἀνουβίιονα
539 2750 568 2791 κ.
591 2751 620 2791 τ.
643 2726 671 2790 λ.
706 2747 753 2791 vs.
777 2729 810 2789 9:
844 2720 900 2791 adv
934 2717 1033 2791 αὐτὸν
1057 2717 1258 2810 Ἀνουβίιυνα
1287 2724 1344 2790 καὶ

208 2823 486 2916 §cappadocas
511 2824 639 2917 [riadlvc
662 2834 801 2917 γραπυῇ.

294 2934 410 3019 Itaque
439 2933 466 2997 si
493 2956 513 2997 a
535 2934 643 2998 Thera
670 2935 777 3000 insula
800 2934 994 2998 discesseris
1017 2925 1187 3021 ἐπιμήνιοι
1212 2955 1276 2998 non
1299 2934 1346 2998 in-

208 3039 383 3102 veniuntur
404 3038 466 3102 nisi
490 3037 691 3103 Graecorum
716 3059 791 3102 orae
808 3037 973 3102 Asiaticae
989 3033 1176 3110 civitatium.
1201 3037 1343 3102 Aeolen-

214 3141 298 3205 sium
321 3140 493 3226 Lampsaci
516 3142 569 3205 Ilii
592 3141 682 3219 Nasu
706 3141 889 3205 loricarum
908 3140 1066 3223 Smyrnae
1091 3148 1124 3205 et
1146 3141 1345 3205 coloniarum

208 3243 410 3309 Milesiarum
435 3245 485 3309 cii
510 3245 629 3310 Odessi
652 3244 832 3330 Istropolis,
855 3245 995 3309 Doricae
1020 3244 1066 3308 00
1090 3246 1228 3312 insulae.

294 3347 422 3413 Nomen
439 3343 613 3437 ἐπιμήνιος
628 3341 871 3434 (ἑπιμηνιεύειν,
890 3347 930 3410 cf.
947 3344 1137 3433 ἕπιμηνιεία
1155 3347 1231 3413 OIG
1245 3349 1343 3430 2448)

209 3451 287 3515 satis
311 3452 377 3516 late
400 3459 506 3537 patet:
531 3452 617 3536 quod
642 3459 674 3516 et
697 3452 738 3515 ad
761 3473 813 3517 res
838 3474 947 3515 sacras
972 3457 1004 3515 et
1028 3452 1068 3516 ad
1093 3454 1344 3540 rempublicam

208 3558 372 3642 pertinere
400 3563 488 3620 recte
517 3556 704 3619 observavit
726 3554 1004 3640 Waddingtonius
1028 3556 1069 3619 ad
1092 3556 1232 3640 LeBas,
1263 3558 1343 3621 Asis

209 3661 285 3726 min.
318 3664 410 3726 1140.
459 3658 571 3744 Atque
601 3660 708 3723 civilia
737 3681 811 3724 esse
840 3659 982 3724 arbitror
1013 3660 1119 3725 officia
1149 3683 1261 3726 eorum
1289 3663 1343 3746 qui

209 3760 380 3854 ἐπιμήνιοι
410 3766 470 3853 τῆς
497 3764 618 3851 βουλῆς
646 3772 679 3828 et
709 3758 878 3852 ἐπιμήνιον
901 3765 960 3852 τῆς
982 3762 1155 3852 ἐκκλησίας
1176 3774 1343 3848 vocantur,

210 3868 250 3933 dc
278 3870 394 3954 quibus
425 3869 511 3933 infra
538 3868 676 3951 dicetur:
707 3869 821 3953 reliqui
845 3864 1030 3957 ἑιιιμήνιοι,
1054 3871 1087 3934 ni
1111 3871 1215 3951 fallor,
1240 3873 1341 3936 sacri·

208 3973 377 4037 ficulorum
399 3993 516 4037 munus
533 3979 758 4057 exsequuntur
781 3973 874 4057 eique
899 3995 963 4037 non
986 3981 1052 4038 tam
1074 3974 1149 4039 inde
1172 3969 1342 4062 ἒπιμήνιοι

210 4075 375 4158 dicuntur,
405 4078 489 4162 quod
518 4098 577 4162 per
607 4077 752 4161 singulos
782 4099 911 4141 menses
935 4080 1129 4163 magistratu
1152 4080 1342 4165 iunguntur,

210 4204 306 4270 quam
341 4181 427 4267 quod
455 4182 562 4246 officia
589 4203 700 4246 eorum
729 4182 827 4247 certis
855 4183 996 4267 negotiis
1027 4184 1235 4249 eontinentur
1257 4206 1341 4269 quae
