2948 4808
198 998 294 1100 Ante
325 1036 385 1099 hos
414 1035 530 1099 decem
565 1055 687 1113 annos,
716 1056 789 1099 cum
818 1035 1030 1120 Argentorati
1058 1036 1244 1103 Guilelmi

112 1137 371 1206 Studemundi
395 1137 513 1202 scholis
538 1138 683 1202 metricis
709 1139 919 1219 interessem,
948 1139 1003 1205 ille
1027 1141 1074 1205 vir
1097 1141 1245 1207 doctissi-

111 1266 183 1307 mus
211 1241 376 1306 auditores
407 1238 525 1305 docere
550 1239 678 1304 solebat
701 1240 742 1304 ab
766 1240 805 1304 iis
830 1240 1015 1307 hominibus
1038 1242 1159 1323 doctis,
1191 1246 1246 1330 qui

109 1369 216 1435 nuper
236 1346 391 1410 metricae
415 1343 608 1430 disciplinae
626 1364 762 1431 operam
785 1343 964 1426 dedissent,
988 1346 1021 1410 in
1039 1347 1244 1433 explicandis

110 1459 282 1539 poetarum
293 1448 494 1514 Graecorum
511 1448 646 1513 canticis
663 1448 879 1533 quantitatem
896 1449 1026 1533 quidem
1043 1450 1244 1536 syllabarum

110 1557 191 1621 satis
213 1553 345 1640 respici,
368 1573 433 1617 non
456 1551 527 1638 peri
550 1551 645 1616 modo
668 1551 769 1616 ictum
793 1552 893 1616 totius
918 1553 982 1617 coli
1005 1553 1185 1639 periodive,
1210 1562 1245 1620 ut

110 1683 139 1725 e.
159 1681 191 1745 g.
211 1663 402 1723 tetrameter
424 1655 583 1720 iambicus
606 1656 824 1736 ccatalectus,
855 1655 906 1720 cui
937 1678 1037 1744 saepe
1070 1659 1130 1723 hos
1160 1660 1244 1725 ictus

109 1761 298 1828 tribuendos
321 1780 396 1826 esse
418 1758 528 1823 docuit

108 1954 361 2020 confunderetur
382 1973 454 2017 cum
476 1957 665 2018 tetrametro
694 1951 860 2017 trochaico
888 1955 1080 2020 catalectico
1108 1977 1242 2042 praeco-

108 2061 204 2126 dente
229 2059 378 2124 anacrusi
428 2141 436 2186 Ι
461 2141 468 2187 l

107 2236 255 2321 quamvis
279 2233 428 2299 adhunc
457 2253 588 2297 versum
616 2232 714 2317 vulgo
742 2254 807 2297 non
835 2234 932 2298 iidem
963 2236 1046 2300 ictus
1075 2236 1244 2321 quadrent,

107 2339 161 2424 qui
185 2337 226 2403 ad
252 2343 476 2402 tetrametmm
499 2335 674 2400 iambicum

426 2461 922 2509 va222-2v22‡„2„4

108 2528 166 2592 sed
188 2527 222 2592 hi
245 2527 405 2614 potius¹):
518 2608 532 2624 .,
882 2612 889 2626 ἡ

191 2700 328 2766 Maximi
339 2706 449 2765 autem
461 2701 618 2765 momenti
634 2702 666 2765 in
683 2700 915 2787 pertractanda
930 2701 991 2765 hac
1004 2701 1196 2786 quaestione
1213 2701 1244 2765 id

106 2827 234 2893 quoque
257 2824 331 2869 esse
354 2803 465 2868 docuit
489 2802 750 2884 Studemundus,
781 2803 864 2890 quod
887 2825 945 2890 pro
970 2802 1096 2868 duobus
1122 2803 1241 2869 iambis

106 2909 192 2997 apud
220 2914 336 2995 poetas
361 2905 507 2972 Graecos
537 2906 624 2972 baud
653 2928 724 2972 raro
754 2907 883 2992 legatur
911 2906 1006 2970 modo
1037 2906 1244 2972 choriambus

104 3077 125 3088 „
136 3071 154 3086 ,
166 3072 215 3085 ,,
236 3010 330 3076 modo
346 3011 472 3075 ionicus
488 3033 508 3075 a
523 3012 648 3076 minore
672 3067 689 3081 .
702 3069 719 3081 ,
732 3074 750 3081 ,
763 3059 790 3081 ,.
833 3009 898 3085 Qui
914 3009 1016 3096 pedes
1033 3030 1090 3073 cur
1106 3010 1244 3075 immixti

105 3119 170 3182 sint
185 3116 335 3182 versibus
358 3115 516 3196 iambicis,
541 3115 698 3201 explicari
714 3114 804 3179 nullo
823 3114 917 3178 modo
933 3135 1042 3200 posse,
1066 3114 1128 3179 nisi
1145 3136 1243 3202 saepe

105 3222 164 3287 hos
191 3222 275 3285 ictus
302 3261 412 3292 „M
435 3218 538 3284 iustos
561 3219 663 3284 fuisse
691 3219 829 3305 puteris,
857 3239 922 3282 non
945 3260 1054 3291 „M
1080 3218 1243 3283 trochaico

104 3331 208 3391 metro
232 3330 334 3409 aptos.
784 3372 787 3378 f

190 3427 237 3492 Ilt
260 3427 405 3515 profecto
435 3426 589 3511 leguntur
616 3426 797 3491 choriambi
820 3446 884 3490 non
907 3426 1010 3489 solum
1035 3427 1067 3489 in
1096 3425 1242 3506 canticis,

105 3531 161 3596 sed
186 3532 285 3597 etiam
306 3531 339 3595 in
357 3530 496 3595 diverbii
515 3531 733 3596 trimetrorum
757 3531 859 3596 initio.
893 3528 1007 3593 Veluti
1023 3528 1143 3593 Aesch.
1159 3537 1242 3615 sept.

104 3636 200 3720 547²)
225 3636 279 3721 (=
305 3638 367 3700 sao
390 3634 440 3699 ec.
464 3633 656 3720 ceraunon)

105 3751 311 3760 ---

176 3810 197 3875 ¹)
215 3806 249 3862 cf.
267 3824 309 3872 ea,
327 3823 400 3876 quae
418 3805 641 3861 Studemundum
658 3808 770 3861 secutus
789 3805 948 3876 nuperrime
967 3802 1096 3874 exposuit
1113 3804 1241 3875 nvogc:

102 3896 138 3950 de
167 3893 263 3948 metris
290 3891 404 3947 Pindari
432 3892 610 3962 quaestiones
638 3896 708 3956 tres3
735 3891 765 3946 in
790 3891 855 3946 diss.
881 3891 977 3961 philol.
997 3891 1112 3959 Argent.
1130 3892 1184 3948 rol.
1203 3892 1242 3946 IV

103 4002 132 4054 p.
149 3983 317 4137 8’iqloetsc
336 4066 476 4122 scaenicos
495 4066 682 4135 (Aeschylum,
701 4065 874 4135 Sophoclem,
894 4064 1061 4135 Euripidem,
1079 4067 1241 4137 Aristopha-

102 4159 178 4222 nem)
194 4155 279 4210 citavi
293 4154 445 4209 secundum
459 4152 596 4208 Dindorlii
610 4152 760 4207 editionem
780 4153 909 4221 quintam
922 4151 1033 4223 Lipsiae
1047 4154 1125 4210 1869:
1144 4157 1241 4223 poetas

1049 4240 1086 4292 7*
