<?xml version="1.0" encoding="UTF-8"?>
<!DOCTYPE html PUBLIC "-//W3C//DTD XHTML 1.0 Transitional//EN"
    "http://www.w3.org/TR/xhtml1/DTD/xhtml1-transitional.dtd">
<html xmlns="http://www.w3.org/1999/xhtml" xml:lang="en" lang="en">
 <head>
  <title>
</title>
<meta http-equiv="Content-Type" content="text/html;charset=utf-8" />
  <meta name='ocr-system' content='tesseract 3.04.00' />
  <meta name='ocr-capabilities' content='ocr_page ocr_carea ocr_par ocr_line ocrx_word'/>
</head>
<body>
  <div class='ocr_page' id='page_1' title='image "./dissertationesp00stragoog/dissertationesp00stragoog_0849.png"; bbox 0 0 2954 4808; ppageno 0'>
   <div class='ocr_carea' id='block_1_1' title="bbox 218 286 834 379">
    <p class='ocr_par' dir='ltr' id='par_1_1' title="bbox 218 286 834 379">
     <span class='ocr_line' id='line_1_1' title="bbox 218 286 834 379; baseline 0 -20"><span class='ocrx_word' id='word_1_1' title='bbox 218 289 260 360; x_wconf 80' lang='lat' dir='ltr'><strong>aa</strong></span> <span class='ocrx_word' id='word_1_2' title='bbox 740 286 834 379; x_wconf 77' lang='lat'>[132]</span> 
     </span>
    </p>
   </div>
   <div class='ocr_carea' id='block_1_2' title="bbox 203 488 1391 3170">
    <p class='ocr_par' dir='ltr' id='par_1_2' title="bbox 211 488 1391 1091">
     <span class='ocr_line' id='line_1_2' title="bbox 219 488 1391 573; baseline 0.004 -22"><span class='ocrx_word' id='word_1_3' title='bbox 219 491 345 568; x_wconf 86' lang='grc'><strong>14.11,</strong></span> <span class='ocrx_word' id='word_1_4' title='bbox 372 491 410 550; x_wconf 80' lang='grc'><strong>14</strong></span> <span class='ocrx_word' id='word_1_5' title='bbox 433 508 541 553; x_wconf 70' lang='lat' dir='ltr'><strong>venae</strong></span> <span class='ocrx_word' id='word_1_6' title='bbox 562 494 665 552; x_wconf 84' lang='lat' dir='ltr'><strong>tomen</strong></span> <span class='ocrx_word' id='word_1_7' title='bbox 695 488 1016 573; x_wconf 39' lang='lat' dir='ltr'><strong>oldebfledam</strong></span> <span class='ocrx_word' id='word_1_8' title='bbox 1047 508 1087 553; x_wconf 83' lang='lat' dir='ltr'><strong>ne</strong></span> <span class='ocrx_word' id='word_1_9' title='bbox 1119 509 1391 555; x_wconf 74' lang='lat' dir='ltr'><strong>commoverere</strong></span> 
     </span>
     <span class='ocr_line' id='line_1_3' title="bbox 211 591 1389 681; baseline 0.003 -25"><span class='ocrx_word' id='word_1_10' title='bbox 211 599 318 675; x_wconf 85' lang='lat' dir='ltr'><strong>posset</strong></span> <span class='ocrx_word' id='word_1_11' title='bbox 341 642 349 657; x_wconf 94' lang='lat'><strong>.</strong></span> <span class='ocrx_word' id='word_1_12' title='bbox 375 641 382 657; x_wconf 98' lang='lat'><strong>.</strong></span> <span class='ocrx_word' id='word_1_13' title='bbox 406 640 413 656; x_wconf 94' lang='lat'><strong>.</strong></span> <span class='ocrx_word' id='word_1_14' title='bbox 437 594 642 671; x_wconf 56' lang='lat' dir='ltr'><strong>custoditum</strong></span> <span class='ocrx_word' id='word_1_15' title='bbox 679 594 726 656; x_wconf 81' lang='lat' dir='ltr'><strong>ll.</strong></span> <span class='ocrx_word' id='word_1_16' title='bbox 754 596 802 670; x_wconf 85' lang='lat'><strong>13,</strong></span> <span class='ocrx_word' id='word_1_17' title='bbox 827 595 868 657; x_wconf 90' lang='grc'><strong>30</strong></span> <span class='ocrx_word' id='word_1_18' title='bbox 896 591 1096 676; x_wconf 77' lang='lat' dir='ltr'><strong>In‘mipontes</strong></span> <span class='ocrx_word' id='word_1_19' title='bbox 1121 643 1129 659; x_wconf 94' lang='lat'><strong>.</strong></span> <span class='ocrx_word' id='word_1_20' title='bbox 1232 597 1389 681; x_wconf 79' lang='lat' dir='ltr'><strong>miprare</strong></span> 
     </span>
     <span class='ocr_line' id='line_1_4' title="bbox 217 696 1387 784; baseline 0.006 -26"><span class='ocrx_word' id='word_1_21' title='bbox 217 696 414 781; x_wconf 79' lang='lat' dir='ltr'><strong>conpatirnue</strong></span> <span class='ocrx_word' id='word_1_22' title='bbox 429 745 437 760; x_wconf 88' lang='lat'><strong>.</strong></span> <span class='ocrx_word' id='word_1_23' title='bbox 454 746 462 762; x_wconf 89' lang='lat'><strong>.</strong></span> <span class='ocrx_word' id='word_1_24' title='bbox 479 744 497 777; x_wconf 89' lang='lat'><strong>.,</strong></span> <span class='ocrx_word' id='word_1_25' title='bbox 520 717 558 761; x_wconf 85' lang='lat' dir='ltr'><strong>ae</strong></span> <span class='ocrx_word' id='word_1_26' title='bbox 579 699 614 760; x_wconf 83' lang='lat' dir='ltr'><strong>in</strong></span> <span class='ocrx_word' id='word_1_27' title='bbox 635 698 805 779; x_wconf 79' lang='lat' dir='ltr'><strong>perniciem</strong></span> <span class='ocrx_word' id='word_1_28' title='bbox 826 702 1008 761; x_wconf 80' lang='lat' dir='ltr'><strong>nostrorum</strong></span> <span class='ocrx_word' id='word_1_29' title='bbox 1028 716 1061 760; x_wconf 85' lang='lat' dir='ltr'><strong>ee</strong></span> <span class='ocrx_word' id='word_1_30' title='bbox 1078 716 1288 764; x_wconf 83' lang='lat' dir='ltr'><strong>commonere</strong></span> <span class='ocrx_word' id='word_1_31' title='bbox 1310 720 1387 784; x_wconf 85' lang='lat' dir='ltr'><strong>poe·</strong></span> 
     </span>
     <span class='ocr_line' id='line_1_5' title="bbox 215 799 1385 883; baseline 0.005 -21"><span class='ocrx_word' id='word_1_32' title='bbox 215 806 299 881; x_wconf 82' lang='lat' dir='ltr'><strong>eeat3</strong></span> <span class='ocrx_word' id='word_1_33' title='bbox 323 801 373 863; x_wconf 81' lang='lat'><strong>20.</strong></span> <span class='ocrx_word' id='word_1_34' title='bbox 399 803 448 879; x_wconf 94' lang='grc'><strong>11,</strong></span> <span class='ocrx_word' id='word_1_35' title='bbox 474 805 511 864; x_wconf 80' lang='grc'><strong>15</strong></span> <span class='ocrx_word' id='word_1_36' title='bbox 534 801 691 865; x_wconf 81' lang='lat' dir='ltr'><strong>retinuere</strong></span> <span class='ocrx_word' id='word_1_37' title='bbox 714 799 877 881; x_wconf 82' lang='lat' dir='ltr'><strong>(arietem)</strong></span> <span class='ocrx_word' id='word_1_38' title='bbox 894 848 901 863; x_wconf 94' lang='lat'><strong>.</strong></span> <span class='ocrx_word' id='word_1_39' title='bbox 918 850 950 865; x_wconf 94' lang='lat'><strong>..</strong></span> <span class='ocrx_word' id='word_1_40' title='bbox 980 821 1018 864; x_wconf 82' lang='lat' dir='ltr'><strong>ae</strong></span> <span class='ocrx_word' id='word_1_41' title='bbox 1034 850 1041 865; x_wconf 94' lang='lat'><strong>.</strong></span> <span class='ocrx_word' id='word_1_42' title='bbox 1058 849 1092 865; x_wconf 93' lang='lat'><strong>..</strong></span> <span class='ocrx_word' id='word_1_43' title='bbox 1119 802 1237 883; x_wconf 82' lang='lat' dir='ltr'><strong>ferire</strong></span> <span class='ocrx_word' id='word_1_44' title='bbox 1266 824 1385 868; x_wconf 84' lang='lat' dir='ltr'><strong>maros</strong></span> 
     </span>
     <span class='ocr_line' id='line_1_6' title="bbox 217 902 1384 989; baseline 0.003 -20"><span class='ocrx_word' id='word_1_45' title='bbox 217 910 427 986; x_wconf 85' lang='lat' dir='ltr'><strong>...posset3</strong></span> <span class='ocrx_word' id='word_1_46' title='bbox 462 907 514 969; x_wconf 88' lang='lat'><strong>30.</strong></span> <span class='ocrx_word' id='word_1_47' title='bbox 542 908 575 987; x_wconf 86' lang='lat'><strong>1,</strong></span> <span class='ocrx_word' id='word_1_48' title='bbox 606 905 648 968; x_wconf 83' lang='lat'><strong>20</strong></span> <span class='ocrx_word' id='word_1_49' title='bbox 677 905 851 968; x_wconf 65' lang='lat' dir='ltr'><strong>inmittitur,</strong></span> <span class='ocrx_word' id='word_1_50' title='bbox 871 902 1027 967; x_wconf 86' lang='lat' dir='ltr'><strong>barbarus</strong></span> <span class='ocrx_word' id='word_1_51' title='bbox 1052 953 1059 968; x_wconf 95' lang='lat'><strong>.</strong></span> <span class='ocrx_word' id='word_1_52' title='bbox 1083 953 1093 968; x_wconf 90' lang='lat'><strong>.</strong></span> <span class='ocrx_word' id='word_1_53' title='bbox 1116 952 1125 968; x_wconf 94' lang='lat'><strong>.</strong></span> <span class='ocrx_word' id='word_1_54' title='bbox 1151 907 1384 989; x_wconf 67' lang='lat' dir='ltr'><strong><em>confossurus</em></strong></span> 
     </span>
     <span class='ocr_line' id='line_1_7' title="bbox 214 1005 1171 1091; baseline 0.004 -22"><span class='ocrx_word' id='word_1_55' title='bbox 214 1007 363 1089; x_wconf 80' lang='lat' dir='ltr'><strong>iuvenem,</strong></span> <span class='ocrx_word' id='word_1_56' title='bbox 386 1005 455 1091; x_wconf 85' lang='lat' dir='ltr'><strong>&lt;ne&gt;</strong></span> <span class='ocrx_word' id='word_1_57' title='bbox 476 1009 586 1071; x_wconf 73' lang='lat' dir='ltr'><strong>exilire</strong></span> <span class='ocrx_word' id='word_1_58' title='bbox 606 1014 710 1091; x_wconf 85' lang='lat' dir='ltr'><strong>posset</strong></span> <span class='ocrx_word' id='word_1_59' title='bbox 732 1009 827 1070; x_wconf 83' lang='lat' dir='ltr'><strong>etiam</strong></span> <span class='ocrx_word' id='word_1_60' title='bbox 849 1014 916 1071; x_wconf 83' lang='lat' dir='ltr'><strong>tam</strong></span> <span class='ocrx_word' id='word_1_61' title='bbox 936 1008 1171 1091; x_wconf 82' lang='lat' dir='ltr'><strong>praepeditam.</strong></span> 
     </span>
    </p>

    <p class='ocr_par' dir='ltr' id='par_1_3' title="bbox 214 1110 1378 1614">
     <span class='ocr_line' id='line_1_8' title="bbox 319 1110 1378 1197; baseline 0.006 -23"><span class='ocrx_word' id='word_1_62' title='bbox 319 1110 398 1174; x_wconf 80' lang='lat' dir='ltr'><strong>Cum</strong></span> <span class='ocrx_word' id='word_1_63' title='bbox 426 1113 527 1195; x_wconf 82' lang='lat' dir='ltr'><strong>possit</strong></span> <span class='ocrx_word' id='word_1_64' title='bbox 559 1112 637 1175; x_wconf 90' lang='lat' dir='ltr'><strong>mira</strong></span> <span class='ocrx_word' id='word_1_65' title='bbox 660 1111 797 1196; x_wconf 87' lang='lat' dir='ltr'><strong>quadam</strong></span> <span class='ocrx_word' id='word_1_66' title='bbox 821 1113 998 1176; x_wconf 87' lang='lat' dir='ltr'><strong>constantia</strong></span> <span class='ocrx_word' id='word_1_67' title='bbox 1020 1115 1172 1197; x_wconf 87' lang='lat' dir='ltr'><strong>usurpari</strong></span> <span class='ocrx_word' id='word_1_68' title='bbox 1206 1115 1378 1190; x_wconf 88' lang='lat' dir='ltr'><strong>videatur,</strong></span> 
     </span>
     <span class='ocr_line' id='line_1_9' title="bbox 216 1216 1377 1301; baseline 0.004 -21"><span class='ocrx_word' id='word_1_69' title='bbox 216 1216 418 1280; x_wconf 85' lang='lat' dir='ltr'><strong>manifestum</strong></span> <span class='ocrx_word' id='word_1_70' title='bbox 442 1224 490 1279; x_wconf 88' lang='lat' dir='ltr'><strong>est</strong></span> <span class='ocrx_word' id='word_1_71' title='bbox 504 1216 708 1280; x_wconf 86' lang='lat' dir='ltr'><strong>Ammianum</strong></span> <span class='ocrx_word' id='word_1_72' title='bbox 733 1216 805 1280; x_wconf 87' lang='lat' dir='ltr'><strong>huic</strong></span> <span class='ocrx_word' id='word_1_73' title='bbox 822 1217 973 1301; x_wconf 80' lang='lat' dir='ltr'><strong>peculiari</strong></span> <span class='ocrx_word' id='word_1_74' title='bbox 989 1217 1060 1280; x_wconf 92' lang='lat' dir='ltr'><strong>usui</strong></span> <span class='ocrx_word' id='word_1_75' title='bbox 1076 1237 1213 1301; x_wconf 88' lang='lat' dir='ltr'><strong>operam</strong></span> <span class='ocrx_word' id='word_1_76' title='bbox 1235 1219 1377 1286; x_wconf 81' lang='lat' dir='ltr'>dedisse</span> 
     </span>
     <span class='ocr_line' id='line_1_10' title="bbox 215 1320 1377 1404; baseline 0.005 -21"><span class='ocrx_word' id='word_1_77' title='bbox 215 1341 320 1404; x_wconf 92' lang='lat' dir='ltr'><strong>neque</strong></span> <span class='ocrx_word' id='word_1_78' title='bbox 344 1320 545 1404; x_wconf 78' lang='lat' dir='ltr'>neglegentia</span> <span class='ocrx_word' id='word_1_79' title='bbox 568 1321 736 1385; x_wconf 90' lang='lat' dir='ltr'><strong>licentiave</strong></span> <span class='ocrx_word' id='word_1_80' title='bbox 759 1321 956 1386; x_wconf 73' lang='lat' dir='ltr'><strong>librariorum</strong></span> <span class='ocrx_word' id='word_1_81' title='bbox 982 1320 1038 1385; x_wconf 87' lang='lat' dir='ltr'><strong>bas</strong></span> <span class='ocrx_word' id='word_1_82' title='bbox 1068 1322 1191 1385; x_wconf 84' lang='lat' dir='ltr'><strong>formas</strong></span> <span class='ocrx_word' id='word_1_83' title='bbox 1226 1326 1263 1388; x_wconf 86' lang='lat' dir='ltr'><strong>in</strong></span> <span class='ocrx_word' id='word_1_84' title='bbox 1297 1347 1377 1389; x_wconf 92' lang='lat' dir='ltr'><strong>con·</strong></span> 
     </span>
     <span class='ocr_line' id='line_1_11' title="bbox 214 1424 1373 1513; baseline 0.005 -24"><span class='ocrx_word' id='word_1_85' title='bbox 214 1431 338 1489; x_wconf 83' lang='lat' dir='ltr'><strong>textum</strong></span> <span class='ocrx_word' id='word_1_86' title='bbox 362 1424 532 1509; x_wconf 81' lang='lat' dir='ltr'><strong>irrepsisse.</strong></span> <span class='ocrx_word' id='word_1_87' title='bbox 578 1424 703 1505; x_wconf 76' lang='lat' dir='ltr'><strong>Cetera,</strong></span> <span class='ocrx_word' id='word_1_88' title='bbox 727 1445 810 1509; x_wconf 88' lang='lat' dir='ltr'><strong>quae</strong></span> <span class='ocrx_word' id='word_1_89' title='bbox 832 1425 895 1490; x_wconf 93' lang='lat' dir='ltr'><strong>huc</strong></span> <span class='ocrx_word' id='word_1_90' title='bbox 917 1427 1086 1510; x_wconf 87' lang='lat' dir='ltr'><strong>pertinent,</strong></span> <span class='ocrx_word' id='word_1_91' title='bbox 1114 1426 1193 1490; x_wconf 82' lang='lat' dir='ltr'><strong>ride</strong></span> <span class='ocrx_word' id='word_1_92' title='bbox 1217 1448 1299 1513; x_wconf 87' lang='lat' dir='ltr'><strong>pag.</strong></span> <span class='ocrx_word' id='word_1_93' title='bbox 1318 1435 1373 1496; x_wconf 84' lang='lat'><strong>40.</strong></span> 
     </span>
     <span class='ocr_line' id='line_1_12' title="bbox 222 1525 1373 1614; baseline 0.012 -30"><span class='ocrx_word' id='word_1_94' title='bbox 222 1580 225 1584; x_wconf 86' lang='lat'><strong>.</strong></span> <span class='ocrx_word' id='word_1_95' title='bbox 318 1531 347 1592; x_wconf 88' lang='grc'><strong>3.</strong></span> <span class='ocrx_word' id='word_1_96' title='bbox 394 1525 432 1591; x_wconf 92' lang='lat' dir='ltr'><strong>In</strong></span> <span class='ocrx_word' id='word_1_97' title='bbox 455 1528 583 1612; x_wconf 87' lang='lat' dir='ltr'><strong>reliquis</strong></span> <span class='ocrx_word' id='word_1_98' title='bbox 606 1529 772 1593; x_wconf 78' lang='lat' dir='ltr'><strong>sententiis</strong></span> <span class='ocrx_word' id='word_1_99' title='bbox 797 1531 915 1614; x_wconf 91' lang='lat' dir='ltr'><strong>ubique</strong></span> <span class='ocrx_word' id='word_1_100' title='bbox 938 1541 1023 1593; x_wconf 86' lang='lat' dir='ltr'><strong>recte</strong></span> <span class='ocrx_word' id='word_1_101' title='bbox 1041 1536 1147 1613; x_wconf 84' lang='lat' dir='ltr'><strong>posset</strong></span> <span class='ocrx_word' id='word_1_102' title='bbox 1170 1532 1373 1599; x_wconf 84' lang='lat' dir='ltr'><strong>invenitur.¹</strong></span> 
     </span>
    </p>

    <p class='ocr_par' dir='ltr' id='par_1_4' title="bbox 203 1632 1374 2337">
     <span class='ocr_line' id='line_1_13' title="bbox 317 1632 1374 1717; baseline 0.007 -22"><span class='ocrx_word' id='word_1_103' title='bbox 317 1632 379 1698; x_wconf 89' lang='lat' dir='ltr'><strong>Ill.</strong></span> <span class='ocrx_word' id='word_1_104' title='bbox 424 1633 691 1717; x_wconf 85' lang='lat' dir='ltr'><strong>Repraesentatio</strong></span> <span class='ocrx_word' id='word_1_105' title='bbox 727 1635 764 1695; x_wconf 92' lang='lat' dir='ltr'><strong>in</strong></span> <span class='ocrx_word' id='word_1_106' title='bbox 800 1633 1038 1698; x_wconf 86' lang='lat' dir='ltr'><strong>enuntiatis</strong></span> <span class='ocrx_word' id='word_1_107' title='bbox 1072 1655 1089 1697; x_wconf 94' lang='lat' dir='ltr'><strong>e</strong></span> <span class='ocrx_word' id='word_1_108' title='bbox 1125 1634 1278 1700; x_wconf 84' lang='lat' dir='ltr'><strong>verbis</strong></span> <span class='ocrx_word' id='word_1_109' title='bbox 1317 1638 1374 1702; x_wconf 91' lang='lat' dir='ltr'><strong>ti·</strong></span> 
     </span>
     <span class='ocr_line' id='line_1_14' title="bbox 213 1735 1373 1823; baseline 0.005 -22"><span class='ocrx_word' id='word_1_110' title='bbox 213 1735 347 1801; x_wconf 88' lang='lat' dir='ltr'><strong>mendi</strong></span> <span class='ocrx_word' id='word_1_111' title='bbox 370 1757 446 1822; x_wconf 90' lang='lat' dir='ltr'><strong>pen</strong></span> <span class='ocrx_word' id='word_1_112' title='bbox 459 1736 477 1798; x_wconf 91' lang='lat' dir='ltr'><strong>d</strong></span> <span class='ocrx_word' id='word_1_113' title='bbox 490 1759 534 1799; x_wconf 91' lang='lat' dir='ltr'><strong>en</strong></span> <span class='ocrx_word' id='word_1_114' title='bbox 547 1737 657 1800; x_wconf 88' lang='lat' dir='ltr'><strong>tibus</strong></span> <span class='ocrx_word' id='word_1_115' title='bbox 676 1758 898 1821; x_wconf 81' lang='lat' dir='ltr'><strong>nonnusquam</strong></span> <span class='ocrx_word' id='word_1_116' title='bbox 915 1738 1065 1801; x_wconf 88' lang='lat' dir='ltr'><strong>occurrit:</strong></span> <span class='ocrx_word' id='word_1_117' title='bbox 1084 1740 1134 1802; x_wconf 82' lang='lat'><strong>19.</strong></span> <span class='ocrx_word' id='word_1_118' title='bbox 1151 1740 1184 1817; x_wconf 87' lang='grc'>6,</span> <span class='ocrx_word' id='word_1_119' title='bbox 1201 1742 1222 1803; x_wconf 88' lang='grc'>4</span> <span class='ocrx_word' id='word_1_120' title='bbox 1237 1741 1373 1823; x_wconf 75' lang='lat' dir='ltr'><strong>pladiie</strong></span> 
     </span>
     <span class='ocr_line' id='line_1_15' title="bbox 209 1840 1370 1927; baseline 0.006 -24"><span class='ocrx_word' id='word_1_121' title='bbox 209 1846 322 1922; x_wconf 85' lang='lat' dir='ltr'><strong>portos</strong></span> <span class='ocrx_word' id='word_1_122' title='bbox 339 1840 515 1916; x_wconf 84' lang='lat' dir='ltr'><strong>coedebant,</strong></span> <span class='ocrx_word' id='word_1_123' title='bbox 532 1888 539 1903; x_wconf 95' lang='lat'><strong>.</strong></span> <span class='ocrx_word' id='word_1_124' title='bbox 555 1889 562 1903; x_wconf 87' lang='lat'><strong>.</strong></span> <span class='ocrx_word' id='word_1_125' title='bbox 581 1890 587 1903; x_wconf 90' lang='lat'><strong>.</strong></span> <span class='ocrx_word' id='word_1_126' title='bbox 612 1841 781 1904; x_wconf 79' lang='lat' dir='ltr'><strong>admotum</strong></span> <span class='ocrx_word' id='word_1_127' title='bbox 798 1842 898 1918; x_wconf 82' lang='lat' dir='ltr'><strong>annii,</strong></span> <span class='ocrx_word' id='word_1_128' title='bbox 921 1861 959 1904; x_wconf 84' lang='lat' dir='ltr'><strong>ae</strong></span> <span class='ocrx_word' id='word_1_129' title='bbox 974 1890 982 1904; x_wconf 92' lang='lat'><strong>.</strong></span> <span class='ocrx_word' id='word_1_130' title='bbox 999 1889 1006 1904; x_wconf 94' lang='lat'><strong>.</strong></span> <span class='ocrx_word' id='word_1_131' title='bbox 1024 1890 1032 1905; x_wconf 89' lang='lat'><strong>.</strong></span> <span class='ocrx_word' id='word_1_132' title='bbox 1048 1841 1114 1904; x_wconf 81' lang='lat' dir='ltr'><strong>sine</strong></span> <span class='ocrx_word' id='word_1_133' title='bbox 1128 1841 1197 1906; x_wconf 83' lang='lat' dir='ltr'><strong>ulto</strong></span> <span class='ocrx_word' id='word_1_134' title='bbox 1217 1847 1370 1927; x_wconf 78' lang='lat' dir='ltr'><strong>specioso</strong></span> 
     </span>
     <span class='ocr_line' id='line_1_16' title="bbox 203 1941 1368 2035; baseline 0.006 -30"><span class='ocrx_word' id='word_1_135' title='bbox 203 1941 357 2025; x_wconf 83' lang='lat' dir='ltr'><strong>facinore</strong></span> <span class='ocrx_word' id='word_1_136' title='bbox 379 1943 552 2023; x_wconf 81' lang='lat' dir='ltr'><strong>deleantur,</strong></span> <span class='ocrx_word' id='word_1_137' title='bbox 575 1950 655 2007; x_wconf 83' lang='lat' dir='ltr'><strong>out.</strong></span> <span class='ocrx_word' id='word_1_138' title='bbox 682 1992 688 2007; x_wconf 97' lang='lat'><strong>.</strong></span> <span class='ocrx_word' id='word_1_139' title='bbox 712 1990 720 2006; x_wconf 96' lang='lat'><strong>.</strong></span> <span class='ocrx_word' id='word_1_140' title='bbox 743 1943 823 2006; x_wconf 82' lang='lat' dir='ltr'><strong>nibil</strong></span> <span class='ocrx_word' id='word_1_141' title='bbox 846 1945 943 2026; x_wconf 81' lang='lat' dir='ltr'><strong>epiese</strong></span> <span class='ocrx_word' id='word_1_142' title='bbox 960 1994 967 2008; x_wconf 93' lang='lat'><strong>.</strong></span> <span class='ocrx_word' id='word_1_143' title='bbox 985 1992 1017 2007; x_wconf 91' lang='lat'><strong>..</strong></span> <span class='ocrx_word' id='word_1_144' title='bbox 1041 1953 1279 2028; x_wconf 80' lang='lat' dir='ltr'><strong>memorentur3</strong></span> <span class='ocrx_word' id='word_1_145' title='bbox 1311 1952 1368 2035; x_wconf 69' lang='lat' dir='ltr'><strong>et.</strong></span> 
     </span>
     <span class='ocr_line' id='line_1_17' title="bbox 213 2047 1369 2130; baseline 0.006 -20"><span class='ocrx_word' id='word_1_146' title='bbox 213 2051 243 2129; x_wconf 87' lang='grc'><strong>3,</strong></span> <span class='ocrx_word' id='word_1_147' title='bbox 259 2050 278 2110; x_wconf 82' lang='lat' dir='ltr'><strong>a</strong></span> <span class='ocrx_word' id='word_1_148' title='bbox 294 2049 386 2110; x_wconf 82' lang='lat' dir='ltr'><strong>ceriti</strong></span> <span class='ocrx_word' id='word_1_149' title='bbox 401 2068 438 2111; x_wconf 85' lang='lat' dir='ltr'><strong>ne</strong></span> <span class='ocrx_word' id='word_1_150' title='bbox 453 2095 460 2110; x_wconf 87' lang='lat'><strong>.</strong></span> <span class='ocrx_word' id='word_1_151' title='bbox 476 2096 483 2111; x_wconf 96' lang='lat'><strong>.</strong></span> <span class='ocrx_word' id='word_1_152' title='bbox 501 2097 508 2111; x_wconf 94' lang='lat'><strong>.</strong></span> <span class='ocrx_word' id='word_1_153' title='bbox 525 2048 621 2110; x_wconf 79' lang='lat' dir='ltr'><strong>indes</strong></span> <span class='ocrx_word' id='word_1_154' title='bbox 641 2049 755 2130; x_wconf 86' lang='lat' dir='ltr'><strong>procat</strong></span> <span class='ocrx_word' id='word_1_155' title='bbox 770 2055 897 2130; x_wconf 67' lang='lat' dir='ltr'><strong>agrantes</strong></span> <span class='ocrx_word' id='word_1_156' title='bbox 912 2047 1093 2128; x_wconf 81' lang='lat' dir='ltr'><strong>absterreat,</strong></span> <span class='ocrx_word' id='word_1_157' title='bbox 1115 2048 1369 2117; x_wconf 78' lang='lat' dir='ltr'><strong>Athanaricum</strong></span> 
     </span>
     <span class='ocr_line' id='line_1_18' title="bbox 214 2150 1369 2239; baseline 0.006 -23"><span class='ocrx_word' id='word_1_158' title='bbox 214 2201 221 2216; x_wconf 94' lang='lat'><strong>.</strong></span> <span class='ocrx_word' id='word_1_159' title='bbox 247 2201 253 2215; x_wconf 94' lang='lat'><strong>.</strong></span> <span class='ocrx_word' id='word_1_160' title='bbox 279 2198 285 2213; x_wconf 96' lang='lat'><strong>.</strong></span> <span class='ocrx_word' id='word_1_161' title='bbox 306 2151 455 2233; x_wconf 62' lang='lat' dir='ltr'><strong>petivere</strong></span> <span class='ocrx_word' id='word_1_162' title='bbox 480 2152 529 2214; x_wconf 78' lang='lat'><strong>25.</strong></span> <span class='ocrx_word' id='word_1_163' title='bbox 554 2153 583 2232; x_wconf 79' lang='lat'><strong>2,</strong></span> <span class='ocrx_word' id='word_1_164' title='bbox 608 2155 627 2213; x_wconf 85' lang='lat'>4</span> <span class='ocrx_word' id='word_1_165' title='bbox 650 2150 839 2235; x_wconf 79' lang='lat' dir='ltr'><strong>horroreque</strong></span> <span class='ocrx_word' id='word_1_166' title='bbox 855 2152 1012 2234; x_wconf 79' lang='lat' dir='ltr'><strong>perfusus</strong></span> <span class='ocrx_word' id='word_1_167' title='bbox 1034 2159 1088 2234; x_wconf 80' lang='lat' dir='ltr'><strong>est,</strong></span> <span class='ocrx_word' id='word_1_168' title='bbox 1111 2173 1149 2215; x_wconf 86' lang='lat' dir='ltr'><strong>ne</strong></span> <span class='ocrx_word' id='word_1_169' title='bbox 1171 2155 1219 2216; x_wconf 81' lang='lat' dir='ltr'><strong>ita</strong></span> <span class='ocrx_word' id='word_1_170' title='bbox 1250 2166 1369 2239; x_wconf 83' lang='lat' dir='ltr'><strong>aperte</strong></span> 
     </span>
     <span class='ocr_line' id='line_1_19' title="bbox 211 2253 796 2337; baseline 0.002 -19"><span class='ocrx_word' id='word_1_171' title='bbox 211 2256 321 2318; x_wconf 75' lang='lat' dir='ltr'><strong>minoe</strong></span> <span class='ocrx_word' id='word_1_172' title='bbox 343 2253 463 2317; x_wconf 80' lang='lat' dir='ltr'><strong>Martie</strong></span> <span class='ocrx_word' id='word_1_173' title='bbox 486 2256 675 2337; x_wconf 83' lang='lat' dir='ltr'><strong>apparuerit</strong></span> <span class='ocrx_word' id='word_1_174' title='bbox 698 2255 796 2319; x_wconf 84' lang='lat' dir='ltr'><strong>sidae.</strong></span> 
     </span>
    </p>

    <p class='ocr_par' dir='ltr' id='par_1_5' title="bbox 213 2356 1365 2650">
     <span class='ocr_line' id='line_1_20' title="bbox 318 2356 1365 2444; baseline 0.01 -25"><span class='ocrx_word' id='word_1_175' title='bbox 318 2356 374 2422; x_wconf 87' lang='lat' dir='ltr'><strong>IV.</strong></span> <span class='ocrx_word' id='word_1_176' title='bbox 420 2357 747 2423; x_wconf 77' lang='lat' dir='ltr'><strong>llnuntiationes</strong></span> <span class='ocrx_word' id='word_1_177' title='bbox 785 2359 1049 2444; x_wconf 83' lang='lat' dir='ltr'><strong>temporales.</strong></span> <span class='ocrx_word' id='word_1_178' title='bbox 1108 2357 1144 2423; x_wconf 94' lang='lat' dir='ltr'><strong>In</strong></span> <span class='ocrx_word' id='word_1_179' title='bbox 1188 2360 1240 2426; x_wconf 84' lang='lat' dir='ltr'><strong>bis</strong></span> <span class='ocrx_word' id='word_1_180' title='bbox 1286 2385 1365 2429; x_wconf 87' lang='lat' dir='ltr'><strong>raro</strong></span> 
     </span>
     <span class='ocr_line' id='line_1_21' title="bbox 213 2461 1363 2547; baseline 0.007 -21"><span class='ocrx_word' id='word_1_181' title='bbox 213 2470 319 2526; x_wconf 86' lang='lat' dir='ltr'><strong>exstat</strong></span> <span class='ocrx_word' id='word_1_182' title='bbox 342 2462 608 2547; x_wconf 79' lang='lat' dir='ltr'><strong>repraesentatio:</strong></span> <span class='ocrx_word' id='word_1_183' title='bbox 632 2463 682 2526; x_wconf 80' lang='lat'><strong>30.</strong></span> <span class='ocrx_word' id='word_1_184' title='bbox 700 2465 728 2539; x_wconf 81' lang='grc'>7,</span> <span class='ocrx_word' id='word_1_185' title='bbox 755 2465 791 2526; x_wconf 92' lang='grc'><strong>10</strong></span> <span class='ocrx_word' id='word_1_186' title='bbox 816 2461 976 2546; x_wconf 72' lang='lat' dir='ltr'><strong>Efficacia</strong></span> <span class='ocrx_word' id='word_1_187' title='bbox 993 2464 1069 2544; x_wconf 85' lang='lat' dir='ltr'><strong>pari</strong></span> <span class='ocrx_word' id='word_1_188' title='bbox 1088 2461 1363 2546; x_wconf 76' lang='lat' dir='ltr'><strong>Valentinum...</strong></span> 
     </span>
     <span class='ocr_line' id='line_1_22' title="bbox 214 2565 1168 2650; baseline 0.001 -21"><span class='ocrx_word' id='word_1_189' title='bbox 214 2573 382 2650; x_wconf 85' lang='lat' dir='ltr'><strong>antequam</strong></span> <span class='ocrx_word' id='word_1_190' title='bbox 405 2568 562 2649; x_wconf 77' lang='lat' dir='ltr'><strong>capotium</strong></span> <span class='ocrx_word' id='word_1_191' title='bbox 586 2565 774 2649; x_wconf 69' lang='lat' dir='ltr'><strong>effcrwnnt,</strong></span> <span class='ocrx_word' id='word_1_192' title='bbox 797 2570 966 2649; x_wconf 81' lang='lat' dir='ltr'><strong>oppressit3</strong></span> <span class='ocrx_word' id='word_1_193' title='bbox 994 2569 1041 2628; x_wconf 85' lang='lat'><strong>14.</strong></span> <span class='ocrx_word' id='word_1_194' title='bbox 1065 2567 1095 2643; x_wconf 87' lang='grc'>6,</span> <span class='ocrx_word' id='word_1_195' title='bbox 1119 2568 1168 2630; x_wconf 81' lang='grc'><strong>23.</strong></span> 
     </span>
    </p>

    <p class='ocr_par' dir='ltr' id='par_1_6' title="bbox 212 2669 1361 2963">
     <span class='ocr_line' id='line_1_23' title="bbox 319 2669 1361 2758; baseline 0.008 -24"><span class='ocrx_word' id='word_1_196' title='bbox 319 2669 359 2734; x_wconf 90' lang='lat' dir='ltr'><strong>V.</strong></span> <span class='ocrx_word' id='word_1_197' title='bbox 406 2671 732 2734; x_wconf 79' lang='lat' dir='ltr'><strong>Enuntiationes</strong></span> <span class='ocrx_word' id='word_1_198' title='bbox 764 2670 1100 2754; x_wconf 86' lang='lat' dir='ltr'><strong>interrogativae</strong></span> <span class='ocrx_word' id='word_1_199' title='bbox 1135 2670 1361 2758; x_wconf 87' lang='lat' dir='ltr'><strong>obliquae.</strong></span> 
     </span>
     <span class='ocr_line' id='line_1_24' title="bbox 216 2772 1361 2863; baseline 0.007 -27"><span class='ocrx_word' id='word_1_200' title='bbox 216 2772 253 2837; x_wconf 93' lang='lat' dir='ltr'><strong>In</strong></span> <span class='ocrx_word' id='word_1_201' title='bbox 277 2772 324 2837; x_wconf 86' lang='lat' dir='ltr'><strong>his</strong></span> <span class='ocrx_word' id='word_1_202' title='bbox 348 2775 513 2838; x_wconf 79' lang='lat' dir='ltr'><strong>sententiis</strong></span> <span class='ocrx_word' id='word_1_203' title='bbox 536 2775 785 2858; x_wconf 83' lang='lat' dir='ltr'><strong>repraesentatio</strong></span> <span class='ocrx_word' id='word_1_204' title='bbox 810 2782 842 2838; x_wconf 93' lang='lat' dir='ltr'><strong>et</strong></span> <span class='ocrx_word' id='word_1_205' title='bbox 864 2794 920 2857; x_wconf 89' lang='lat' dir='ltr'><strong>per</strong></span> <span class='ocrx_word' id='word_1_206' title='bbox 946 2795 1096 2860; x_wconf 88' lang='lat' dir='ltr'><strong>praesens</strong></span> <span class='ocrx_word' id='word_1_207' title='bbox 1126 2786 1159 2838; x_wconf 91' lang='lat' dir='ltr'><strong>ct</strong></span> <span class='ocrx_word' id='word_1_208' title='bbox 1188 2797 1249 2860; x_wconf 91' lang='lat' dir='ltr'><strong>per</strong></span> <span class='ocrx_word' id='word_1_209' title='bbox 1283 2800 1361 2863; x_wconf 89' lang='lat' dir='ltr'><strong>per·</strong></span> 
     </span>
     <span class='ocr_line' id='line_1_25' title="bbox 212 2877 911 2963; baseline 0.006 -23"><span class='ocrx_word' id='word_1_210' title='bbox 212 2878 329 2941; x_wconf 85' lang='lat' dir='ltr'><strong>fectum</strong></span> <span class='ocrx_word' id='word_1_211' title='bbox 353 2878 466 2941; x_wconf 78' lang='lat' dir='ltr'><strong>effecta</strong></span> <span class='ocrx_word' id='word_1_212' title='bbox 489 2879 672 2963; x_wconf 84' lang='lat' dir='ltr'><strong>saepissime</strong></span> <span class='ocrx_word' id='word_1_213' title='bbox 695 2877 724 2942; x_wconf 92' lang='lat' dir='ltr'><strong>in</strong></span> <span class='ocrx_word' id='word_1_214' title='bbox 749 2900 807 2942; x_wconf 92' lang='lat' dir='ltr'><strong>usu</strong></span> <span class='ocrx_word' id='word_1_215' title='bbox 832 2887 911 2944; x_wconf 90' lang='lat' dir='ltr'><strong>erat.</strong></span> 
     </span>
    </p>

    <p class='ocr_par' dir='ltr' id='par_1_7' title="bbox 210 2983 1360 3170">
     <span class='ocr_line' id='line_1_26' title="bbox 311 2983 1360 3068; baseline 0.006 -23"><span class='ocrx_word' id='word_1_216' title='bbox 311 2983 532 3046; x_wconf 87' lang='lat' dir='ltr'><strong>Praesens:</strong></span> <span class='ocrx_word' id='word_1_217' title='bbox 567 2985 616 3045; x_wconf 89' lang='grc'><strong>14.</strong></span> <span class='ocrx_word' id='word_1_218' title='bbox 649 2983 961 3066; x_wconf 62' lang='lat' dir='ltr'><strong>elaqueantes·</strong></span> <span class='ocrx_word' id='word_1_219' title='bbox 988 3003 1108 3065; x_wconf 75' lang='lat' dir='ltr'><strong>mapsa</strong></span> <span class='ocrx_word' id='word_1_220' title='bbox 1136 2984 1360 3068; x_wconf 75' lang='lat' dir='ltr'><strong>quaerebatur</strong></span> 
     </span>
     <span class='ocr_line' id='line_1_27' title="bbox 210 3086 1354 3170; baseline 0.008 -23"><span class='ocrx_word' id='word_1_221' title='bbox 210 3086 386 3167; x_wconf 48' lang='lat' dir='ltr'><strong>induentem</strong></span> <span class='ocrx_word' id='word_1_222' title='bbox 425 3088 472 3150; x_wconf 84' lang='grc'><strong>15.</strong></span> <span class='ocrx_word' id='word_1_223' title='bbox 504 3089 534 3164; x_wconf 86' lang='grc'>8,</span> <span class='ocrx_word' id='word_1_224' title='bbox 562 3088 598 3148; x_wconf 83' lang='grc'><strong>16</strong></span> <span class='ocrx_word' id='word_1_225' title='bbox 628 3088 682 3169; x_wconf 85' lang='lat' dir='ltr'><strong>qui</strong></span> <span class='ocrx_word' id='word_1_226' title='bbox 705 3086 848 3170; x_wconf 82' lang='lat' dir='ltr'><strong>saturas</strong></span> <span class='ocrx_word' id='word_1_227' title='bbox 876 3089 917 3150; x_wconf 85' lang='lat' dir='ltr'><strong>sit</strong></span> <span class='ocrx_word' id='word_1_228' title='bbox 945 3086 1146 3170; x_wconf 78' lang='lat' dir='ltr'><strong>coltipcbont3</strong></span> <span class='ocrx_word' id='word_1_229' title='bbox 1180 3091 1231 3153; x_wconf 89' lang='lat'><strong>18.</strong></span> <span class='ocrx_word' id='word_1_230' title='bbox 1263 3093 1305 3169; x_wconf 84' lang='lat'><strong>5,</strong></span> <span class='ocrx_word' id='word_1_231' title='bbox 1340 3097 1354 3156; x_wconf 95' lang='lat' dir='ltr'><strong>l</strong></span> 
     </span>
    </p>
   </div>
   <div class='ocr_carea' id='block_1_3' title="bbox 203 3312 1358 4419">
    <p class='ocr_par' dir='ltr' id='par_1_8' title="bbox 203 3312 1358 4419">
     <span class='ocr_line' id='line_1_28' title="bbox 255 3312 1358 3384; baseline 0.003 -17"><span class='ocrx_word' id='word_1_232' title='bbox 255 3331 258 3336; x_wconf 90' lang='lat'>·</span> <span class='ocrx_word' id='word_1_233' title='bbox 312 3316 320 3349; x_wconf 90' lang='lat'><strong>¹</strong></span> <span class='ocrx_word' id='word_1_234' title='bbox 343 3315 382 3367; x_wconf 82' lang='lat' dir='ltr'><strong>ld.</strong></span> <span class='ocrx_word' id='word_1_235' title='bbox 400 3312 425 3377; x_wconf 75' lang='grc'>2,</span> <span class='ocrx_word' id='word_1_236' title='bbox 447 3313 479 3366; x_wconf 80' lang='grc'><strong>13</strong></span> <span class='ocrx_word' id='word_1_237' title='bbox 497 3313 605 3364; x_wconf 89' lang='lat' dir='ltr'><strong>codices</strong></span> <span class='ocrx_word' id='word_1_238' title='bbox 625 3313 739 3379; x_wconf 88' lang='lat' dir='ltr'><strong>possit</strong></span> <span class='ocrx_word' id='word_1_239' title='bbox 757 3312 908 3380; x_wconf 87' lang='lat' dir='ltr'><strong>praebent:</strong></span> <span class='ocrx_word' id='word_1_240' title='bbox 926 3330 985 3365; x_wconf 87' lang='lat' dir='ltr'><strong>cum</strong></span> <span class='ocrx_word' id='word_1_241' title='bbox 1060 3330 1107 3366; x_wconf 83' lang='lat' dir='ltr'><strong>nec</strong></span> <span class='ocrx_word' id='word_1_242' title='bbox 1123 3315 1260 3368; x_wconf 76' lang='lat' dir='ltr'><strong>cuniculis</strong></span> <span class='ocrx_word' id='word_1_243' title='bbox 1276 3322 1358 3384; x_wconf 77' lang='lat' dir='ltr'><strong>quic·</strong></span> 
     </span>
     <span class='ocr_line' id='line_1_29' title="bbox 206 3399 1355 3468; baseline 0.006 -18"><span class='ocrx_word' id='word_1_244' title='bbox 206 3415 286 3468; x_wconf 82' lang='lat' dir='ltr'><strong>quom</strong></span> <span class='ocrx_word' id='word_1_245' title='bbox 309 3404 370 3465; x_wconf 77' lang='lat' dir='ltr'><strong>pert</strong></span> <span class='ocrx_word' id='word_1_246' title='bbox 392 3404 497 3466; x_wconf 82' lang='lat' dir='ltr'><strong>possit,</strong></span> <span class='ocrx_word' id='word_1_247' title='bbox 528 3416 575 3451; x_wconf 87' lang='lat' dir='ltr'><strong>nec</strong></span> <span class='ocrx_word' id='word_1_248' title='bbox 604 3400 764 3465; x_wconf 77' lang='lat' dir='ltr'><strong>procedebat</strong></span> <span class='ocrx_word' id='word_1_249' title='bbox 791 3400 1030 3463; x_wconf 85' lang='lat' dir='ltr'><strong>(Gardthausenus</strong></span> <span class='ocrx_word' id='word_1_250' title='bbox 1058 3399 1229 3468; x_wconf 77' lang='lat' dir='ltr'><strong>procederet)</strong></span> <span class='ocrx_word' id='word_1_251' title='bbox 1260 3402 1355 3457; x_wconf 83' lang='lat' dir='ltr'><strong>ullum</strong></span> 
     </span>
     <span class='ocr_line' id='line_1_30' title="bbox 207 3487 1356 3548; baseline 0.004 -10"><span class='ocrx_word' id='word_1_252' title='bbox 207 3487 374 3539; x_wconf 81' lang='lat' dir='ltr'><strong>obsidionale</strong></span> <span class='ocrx_word' id='word_1_253' title='bbox 399 3493 584 3548; x_wconf 74' lang='lat' dir='ltr'><strong>conterentem,</strong></span> <span class='ocrx_word' id='word_1_254' title='bbox 602 3524 607 3537; x_wconf 94' lang='lat'><strong>.</strong></span> <span class='ocrx_word' id='word_1_255' title='bbox 627 3523 659 3538; x_wconf 94' lang='lat'><strong>..</strong></span> <span class='ocrx_word' id='word_1_256' title='bbox 687 3488 825 3538; x_wconf 76' lang='lat' dir='ltr'><strong>excedunt.</strong></span> <span class='ocrx_word' id='word_1_257' title='bbox 865 3487 1091 3539; x_wconf 83' lang='lat' dir='ltr'><strong>Gardthausenus</strong></span> <span class='ocrx_word' id='word_1_258' title='bbox 1115 3494 1212 3538; x_wconf 87' lang='lat' dir='ltr'><strong>contra</strong></span> <span class='ocrx_word' id='word_1_259' title='bbox 1239 3490 1356 3543; x_wconf 85' lang='lat' dir='ltr'><strong>codices</strong></span> 
     </span>
     <span class='ocr_line' id='line_1_31' title="bbox 203 3572 1358 3644; baseline 0.004 -19"><span class='ocrx_word' id='word_1_260' title='bbox 203 3580 295 3640; x_wconf 84' lang='lat' dir='ltr'><strong>posset</strong></span> <span class='ocrx_word' id='word_1_261' title='bbox 313 3590 360 3624; x_wconf 85' lang='lat' dir='ltr'><strong>nec</strong></span> <span class='ocrx_word' id='word_1_262' title='bbox 382 3574 539 3640; x_wconf 79' lang='lat' dir='ltr'><strong>procederet</strong></span> <span class='ocrx_word' id='word_1_263' title='bbox 565 3572 688 3636; x_wconf 81' lang='lat' dir='ltr'><strong>scripsit,</strong></span> <span class='ocrx_word' id='word_1_264' title='bbox 714 3577 743 3624; x_wconf 91' lang='lat' dir='ltr'><strong>ut</strong></span> <span class='ocrx_word' id='word_1_265' title='bbox 772 3573 904 3624; x_wconf 88' lang='lat' dir='ltr'><strong>orationis</strong></span> <span class='ocrx_word' id='word_1_266' title='bbox 928 3573 1153 3640; x_wconf 86' lang='lat' dir='ltr'><strong>aequabilitatem</strong></span> <span class='ocrx_word' id='word_1_267' title='bbox 1179 3575 1358 3644; x_wconf 74' lang='lat' dir='ltr'><strong>restitueret,</strong></span> 
     </span>
     <span class='ocr_line' id='line_1_32' title="bbox 206 3658 1354 3730; baseline 0.004 -19"><span class='ocrx_word' id='word_1_268' title='bbox 206 3659 259 3711; x_wconf 83' lang='lat' dir='ltr'><strong>Sed</strong></span> <span class='ocrx_word' id='word_1_269' title='bbox 279 3659 376 3711; x_wconf 89' lang='lat' dir='ltr'><strong>iniuria</strong></span> <span class='ocrx_word' id='word_1_270' title='bbox 396 3659 484 3710; x_wconf 90' lang='lat' dir='ltr'><strong>locum</strong></span> <span class='ocrx_word' id='word_1_271' title='bbox 503 3659 620 3710; x_wconf 87' lang='lat' dir='ltr'><strong>correxit</strong></span> <span class='ocrx_word' id='word_1_272' title='bbox 634 3659 674 3709; x_wconf 83' lang='lat' dir='ltr'><strong>vir</strong></span> <span class='ocrx_word' id='word_1_273' title='bbox 687 3658 791 3710; x_wconf 84' lang='lat' dir='ltr'><strong>doctus.</strong></span> <span class='ocrx_word' id='word_1_274' title='bbox 824 3658 892 3710; x_wconf 85' lang='lat' dir='ltr'><strong>Nam</strong></span> <span class='ocrx_word' id='word_1_275' title='bbox 906 3666 935 3710; x_wconf 95' lang='lat' dir='ltr'><strong>ut</strong></span> <span class='ocrx_word' id='word_1_276' title='bbox 952 3661 1076 3711; x_wconf 89' lang='lat' dir='ltr'><strong>omittam</strong></span> <span class='ocrx_word' id='word_1_277' title='bbox 1095 3659 1225 3726; x_wconf 77' lang='lat' dir='ltr'><strong>possit,</strong></span> <span class='ocrx_word' id='word_1_278' title='bbox 1246 3664 1354 3730; x_wconf 88' lang='lat' dir='ltr'><strong>quippe</strong></span> 
     </span>
     <span class='ocr_line' id='line_1_33' title="bbox 206 3742 1355 3814; baseline 0.005 -17"><span class='ocrx_word' id='word_1_279' title='bbox 206 3747 278 3814; x_wconf 90' lang='lat' dir='ltr'><strong>quod</strong></span> <span class='ocrx_word' id='word_1_280' title='bbox 297 3763 330 3798; x_wconf 80' lang='lat' dir='ltr'><strong>ex</strong></span> <span class='ocrx_word' id='word_1_281' title='bbox 350 3742 480 3797; x_wconf 79' lang='lat' dir='ltr'><strong>historico</strong></span> <span class='ocrx_word' id='word_1_282' title='bbox 501 3751 645 3811; x_wconf 88' lang='lat' dir='ltr'><strong>praesente</strong></span> <span class='ocrx_word' id='word_1_283' title='bbox 666 3747 786 3811; x_wconf 85' lang='lat' dir='ltr'><strong>pendens</strong></span> <span class='ocrx_word' id='word_1_284' title='bbox 799 3752 873 3797; x_wconf 90' lang='lat' dir='ltr'><strong>recte</strong></span> <span class='ocrx_word' id='word_1_285' title='bbox 893 3746 1023 3811; x_wconf 85' lang='lat' dir='ltr'><strong>seriptum</strong></span> <span class='ocrx_word' id='word_1_286' title='bbox 1042 3747 1085 3811; x_wconf 85' lang='lat' dir='ltr'><strong>sit,</strong></span> <span class='ocrx_word' id='word_1_287' title='bbox 1105 3747 1267 3800; x_wconf 76' lang='lat' dir='ltr'><strong>Ammianus</strong></span> <span class='ocrx_word' id='word_1_288' title='bbox 1282 3778 1316 3789; x_wconf 90' lang='lat'><strong>·—</strong></span> <span class='ocrx_word' id='word_1_289' title='bbox 1331 3753 1355 3803; x_wconf 88' lang='lat' dir='ltr'><strong>si</strong></span> 
     </span>
     <span class='ocr_line' id='line_1_34' title="bbox 203 3830 1353 3900; baseline 0.003 -17"><span class='ocrx_word' id='word_1_290' title='bbox 203 3833 359 3900; x_wconf 85' lang='lat' dir='ltr'><strong>procederet</strong></span> <span class='ocrx_word' id='word_1_291' title='bbox 385 3838 590 3881; x_wconf 81' lang='lat' dir='ltr'><strong>teneremus-</strong></span> <span class='ocrx_word' id='word_1_292' title='bbox 613 3830 793 3882; x_wconf 86' lang='lat' dir='ltr'><strong>variationem</strong></span> <span class='ocrx_word' id='word_1_293' title='bbox 819 3836 972 3898; x_wconf 86' lang='lat' dir='ltr'><strong>temporum</strong></span> <span class='ocrx_word' id='word_1_294' title='bbox 997 3847 1012 3882; x_wconf 92' lang='lat' dir='ltr'><strong>e</strong></span> <span class='ocrx_word' id='word_1_295' title='bbox 1039 3839 1185 3898; x_wconf 86' lang='lat' dir='ltr'><strong>praesente</strong></span> <span class='ocrx_word' id='word_1_296' title='bbox 1211 3833 1353 3888; x_wconf 86' lang='lat' dir='ltr'><strong>historico</strong></span> 
     </span>
     <span class='ocr_line' id='line_1_35' title="bbox 205 3917 1354 3987; baseline 0.004 -17"><span class='ocrx_word' id='word_1_297' title='bbox 205 3919 380 3987; x_wconf 87' lang='lat' dir='ltr'><strong>pendentium</strong></span> <span class='ocrx_word' id='word_1_298' title='bbox 400 3933 453 3968; x_wconf 91' lang='lat' dir='ltr'><strong>non</strong></span> <span class='ocrx_word' id='word_1_299' title='bbox 473 3917 553 3982; x_wconf 78' lang='lat' dir='ltr'><strong>fugit.</strong></span> <span class='ocrx_word' id='word_1_300' title='bbox 572 3917 599 3968; x_wconf 91' lang='lat' dir='ltr'><strong>id</strong></span> <span class='ocrx_word' id='word_1_301' title='bbox 619 3918 691 3984; x_wconf 92' lang='lat' dir='ltr'><strong>quod</strong></span> <span class='ocrx_word' id='word_1_302' title='bbox 711 3918 795 3969; x_wconf 86' lang='lat' dir='ltr'><strong>multa</strong></span> <span class='ocrx_word' id='word_1_303' title='bbox 815 3918 933 3984; x_wconf 88' lang='lat' dir='ltr'><strong>probant</strong></span> <span class='ocrx_word' id='word_1_304' title='bbox 952 3918 1093 3984; x_wconf 82' lang='lat' dir='ltr'><strong>exenrple:</strong></span> <span class='ocrx_word' id='word_1_305' title='bbox 1122 3921 1157 3970; x_wconf 51' lang='lat' dir='ltr'><strong>lb.</strong></span> <span class='ocrx_word' id='word_1_306' title='bbox 1180 3920 1204 3982; x_wconf 81' lang='grc'><strong>’1,</strong></span> <span class='ocrx_word' id='word_1_307' title='bbox 1234 3920 1281 3985; x_wconf 86' lang='grc'><strong>10;</strong></span> <span class='ocrx_word' id='word_1_308' title='bbox 1307 3922 1354 3976; x_wconf 71' lang='lat'><strong>24.</strong></span> 
     </span>
     <span class='ocr_line' id='line_1_36' title="bbox 203 4004 1354 4076; baseline 0.003 -18"><span class='ocrx_word' id='word_1_309' title='bbox 203 4008 229 4067; x_wconf 81' lang='lat' dir='ltr'><strong>t,</strong></span> <span class='ocrx_word' id='word_1_310' title='bbox 253 4008 301 4069; x_wconf 73' lang='lat'>‘2⁶23</span> <span class='ocrx_word' id='word_1_311' title='bbox 327 4005 368 4058; x_wconf 55' lang='lat'><strong>⁸2⁸.</strong></span> <span class='ocrx_word' id='word_1_312' title='bbox 392 4007 413 4063; x_wconf 86' lang='grc'><strong>1,</strong></span> <span class='ocrx_word' id='word_1_313' title='bbox 434 4007 480 4067; x_wconf 71' lang='lat'><strong>2²43</strong></span> <span class='ocrx_word' id='word_1_314' title='bbox 505 4007 547 4055; x_wconf 84' lang='lat' dir='ltr'><strong>nt.</strong></span> <span class='ocrx_word' id='word_1_315' title='bbox 575 4005 613 4063; x_wconf 82' lang='lat' dir='ltr'><strong>to,</strong></span> <span class='ocrx_word' id='word_1_316' title='bbox 635 4004 657 4055; x_wconf 82' lang='grc'><strong>3.</strong></span> <span class='ocrx_word' id='word_1_317' title='bbox 702 4005 755 4055; x_wconf 82' lang='lat' dir='ltr'><strong>Sed</strong></span> <span class='ocrx_word' id='word_1_318' title='bbox 781 4006 940 4057; x_wconf 80' lang='lat' dir='ltr'><strong>Ammianus</strong></span> <span class='ocrx_word' id='word_1_319' title='bbox 962 4004 1122 4071; x_wconf 85' lang='lat' dir='ltr'><strong>procedebat</strong></span> <span class='ocrx_word' id='word_1_320' title='bbox 1147 4004 1248 4070; x_wconf 86' lang='lat' dir='ltr'><strong>habet,</strong></span> <span class='ocrx_word' id='word_1_321' title='bbox 1277 4012 1354 4076; x_wconf 91' lang='lat' dir='ltr'><strong>quod</strong></span> 
     </span>
     <span class='ocr_line' id='line_1_37' title="bbox 205 4090 1353 4149; baseline 0.003 -5"><span class='ocrx_word' id='word_1_322' title='bbox 205 4094 312 4144; x_wconf 90' lang='lat' dir='ltr'><strong>omnino</strong></span> <span class='ocrx_word' id='word_1_323' title='bbox 331 4091 496 4143; x_wconf 85' lang='lat' dir='ltr'><strong>serrandum</strong></span> <span class='ocrx_word' id='word_1_324' title='bbox 515 4098 564 4141; x_wconf 90' lang='lat' dir='ltr'><strong>est.</strong></span> <span class='ocrx_word' id='word_1_325' title='bbox 605 4090 670 4140; x_wconf 82' lang='lat' dir='ltr'><strong>Cum</strong></span> <span class='ocrx_word' id='word_1_326' title='bbox 695 4091 805 4142; x_wconf 89' lang='lat' dir='ltr'><strong>causale</strong></span> <span class='ocrx_word' id='word_1_327' title='bbox 830 4100 858 4143; x_wconf 90' lang='lat' dir='ltr'><strong>et</strong></span> <span class='ocrx_word' id='word_1_328' title='bbox 885 4108 944 4143; x_wconf 92' lang='lat' dir='ltr'><strong>cum</strong></span> <span class='ocrx_word' id='word_1_329' title='bbox 971 4093 1118 4143; x_wconf 83' lang='lat' dir='ltr'><strong>indicativo</strong></span> <span class='ocrx_word' id='word_1_330' title='bbox 1143 4099 1170 4143; x_wconf 94' lang='lat' dir='ltr'><strong>et</strong></span> <span class='ocrx_word' id='word_1_331' title='bbox 1197 4109 1260 4145; x_wconf 89' lang='lat' dir='ltr'><strong>cum</strong></span> <span class='ocrx_word' id='word_1_332' title='bbox 1285 4112 1353 4149; x_wconf 89' lang='lat' dir='ltr'><strong>eon·</strong></span> 
     </span>
     <span class='ocr_line' id='line_1_38' title="bbox 204 4176 1353 4245; baseline 0.006 -16"><span class='ocrx_word' id='word_1_333' title='bbox 204 4176 323 4230; x_wconf 59' lang='lat' dir='ltr'><strong>iunctir&#39;o</strong></span> <span class='ocrx_word' id='word_1_334' title='bbox 350 4179 524 4229; x_wconf 85' lang='lat' dir='ltr'><strong>construitur.</strong></span> <span class='ocrx_word' id='word_1_335' title='bbox 565 4176 734 4229; x_wconf 80' lang='lat' dir='ltr'><strong>Ainmienum</strong></span> <span class='ocrx_word' id='word_1_336' title='bbox 760 4185 851 4230; x_wconf 88' lang='lat' dir='ltr'><strong>autem</strong></span> <span class='ocrx_word' id='word_1_337' title='bbox 877 4179 1009 4231; x_wconf 83' lang='lat' dir='ltr'><strong>audacter</strong></span> <span class='ocrx_word' id='word_1_338' title='bbox 1033 4194 1118 4245; x_wconf 87' lang='lat' dir='ltr'><strong>saepe</strong></span> <span class='ocrx_word' id='word_1_339' title='bbox 1145 4181 1242 4231; x_wconf 86' lang='lat' dir='ltr'><strong>modos</strong></span> <span class='ocrx_word' id='word_1_340' title='bbox 1271 4185 1353 4236; x_wconf 83' lang='lat' dir='ltr'><strong>verbi</strong></span> 
     </span>
     <span class='ocr_line' id='line_1_39' title="bbox 205 4263 1352 4330; baseline 0.008 -15"><span class='ocrx_word' id='word_1_341' title='bbox 205 4264 326 4315; x_wconf 85' lang='lat' dir='ltr'><strong>variasse</strong></span> <span class='ocrx_word' id='word_1_342' title='bbox 346 4264 405 4315; x_wconf 89' lang='lat' dir='ltr'><strong>iam·</strong></span> <span class='ocrx_word' id='word_1_343' title='bbox 418 4263 555 4329; x_wconf 88' lang='lat' dir='ltr'><strong>Hauptius</strong></span> <span class='ocrx_word' id='word_1_344' title='bbox 574 4263 630 4329; x_wconf 86' lang='lat' dir='ltr'><strong>(op.</strong></span> <span class='ocrx_word' id='word_1_345' title='bbox 654 4265 679 4315; x_wconf 88' lang='lat'><strong>11</strong></span> <span class='ocrx_word' id='word_1_346' title='bbox 699 4282 763 4330; x_wconf 73' lang='lat' dir='ltr'><strong>pag.</strong></span> <span class='ocrx_word' id='word_1_347' title='bbox 783 4264 847 4329; x_wconf 73' lang='lat' dir='ltr'><strong>otte)</strong></span> <span class='ocrx_word' id='word_1_348' title='bbox 866 4265 985 4317; x_wconf 82' lang='lat' dir='ltr'><strong>breviter</strong></span> <span class='ocrx_word' id='word_1_349' title='bbox 1000 4265 1111 4317; x_wconf 89' lang='lat' dir='ltr'><strong>monuit.</strong></span> <span class='ocrx_word' id='word_1_350' title='bbox 1148 4267 1279 4321; x_wconf 86' lang='lat' dir='ltr'><strong>Ceterum</strong></span> <span class='ocrx_word' id='word_1_351' title='bbox 1298 4270 1352 4325; x_wconf 79' lang='lat' dir='ltr'><strong>bac</strong></span> 
     </span>
     <span class='ocr_line' id='line_1_40' title="bbox 204 4348 680 4419; baseline -0.006 -16"><span class='ocrx_word' id='word_1_352' title='bbox 204 4351 237 4403; x_wconf 80' lang='lat' dir='ltr'><strong>tle</strong></span> <span class='ocrx_word' id='word_1_353' title='bbox 257 4366 285 4402; x_wconf 87' lang='lat' dir='ltr'><strong>re</strong></span> <span class='ocrx_word' id='word_1_354' title='bbox 305 4350 376 4402; x_wconf 83' lang='lat' dir='ltr'><strong>intra</strong></span> <span class='ocrx_word' id='word_1_355' title='bbox 396 4349 520 4419; x_wconf 85' lang='lat' dir='ltr'><strong>pluribus</strong></span> <span class='ocrx_word' id='word_1_356' title='bbox 540 4348 680 4404; x_wconf 84' lang='lat' dir='ltr'><strong>disseram.</strong></span> 
     </span>
    </p>
   </div>
   <div class='ocr_carea' id='block_1_4' title="bbox 0 0 1482 4808">
    <p class='ocr_par' dir='ltr' id='par_1_9' title="bbox 0 0 1482 4808">
     <span class='ocr_line' id='line_1_41' title="bbox 0 0 1482 4808; baseline 0 4"><span class='ocrx_word' id='word_1_357' title='bbox 0 0 1482 4808; x_wconf 95' lang='lat' dir='ltr'><strong> </strong></span> 
     </span>
    </p>
   </div>
  </div>
 </body>
</html>
